<DATE>	<TIME>	<BID>	<ASK>	<LAST>	<VOLUME>	<FLAGS>
2025.05.30	00:03:30.638	0.93490	0.93580			6
2025.05.30	00:05:10.906	0.93493	0.93625			6
2025.05.30	00:05:13.681	0.93494	0.93624			6
2025.05.30	00:05:14.403	0.93495	0.93626			6
2025.05.30	00:05:18.069	0.93486	0.93628			6
2025.05.30	00:05:30.686	0.93435	0.93671			6
2025.05.30	00:05:32.355	0.93511	0.93622			6
2025.05.30	00:05:35.508		0.93623			4
2025.05.30	00:05:36.851	0.93510				2
2025.05.30	00:05:42.509	0.93509	0.93621			6
2025.05.30	00:06:04.455	0.93519	0.93626			6
2025.05.30	00:06:05.526	0.93526	0.93635			6
2025.05.30	00:06:06.042	0.93446	0.93671			6
2025.05.30	00:06:15.666	0.93402	0.93640			6
2025.05.30	00:06:16.121	0.93479	0.93629			6
2025.05.30	00:06:17.209		0.93630			4
2025.05.30	00:06:20.587	0.93474	0.93636			6
2025.05.30	00:06:22.468	0.93441	0.93673			6
2025.05.30	00:07:00.603	0.93441				2
2025.05.30	00:07:33.334		0.93673			4
2025.05.30	00:12:45.800	0.93414	0.93652			6
2025.05.30	00:12:56.112	0.93415				2
2025.05.30	00:13:00.050	0.93415				2
2025.05.30	00:13:04.899		0.93651			4
2025.05.30	00:13:15.506	0.93416				2
2025.05.30	00:13:30.659	0.93417				2
2025.05.30	00:13:36.872		0.93650			4
2025.05.30	00:13:47.935	0.93416	0.93649			6
2025.05.30	00:13:50.357	0.93417				2
2025.05.30	00:13:58.846	0.93416	0.93648			6
2025.05.30	00:14:00.208	0.93416				2
2025.05.30	00:14:05.918	0.93417				2
2025.05.30	00:14:18.798	0.93418	0.93649			6
2025.05.30	00:14:26.023	0.93419				2
2025.05.30	00:14:29.910	0.93418	0.93648			6
2025.05.30	00:14:33.195	0.93419	0.93649			6
2025.05.30	00:14:47.897		0.93648			4
2025.05.30	00:15:01.389	0.93419				2
2025.05.30	00:15:12.805	0.93420				2
2025.05.30	00:15:15.836	0.93447	0.93634			6
2025.05.30	00:15:16.745	0.93419	0.93648			6
2025.05.30	00:15:17.045	0.93447	0.93634			6
2025.05.30	00:15:19.232	0.93419	0.93648			6
2025.05.30	00:15:19.542	0.93447	0.93634			6
2025.05.30	00:16:23.609	0.93449	0.93643			6
2025.05.30	00:17:00.292	0.93449				2
2025.05.30	00:17:21.950	0.93456	0.93649			6
2025.05.30	00:17:38.991	0.93460				2
2025.05.30	00:17:39.302	0.93456				2
2025.05.30	00:17:40.200	0.93461				2
2025.05.30	00:17:40.792	0.93456				2
2025.05.30	00:17:43.502	0.93461				2
2025.05.30	00:17:44.092	0.93456				2
2025.05.30	00:17:46.191	0.93462				2
2025.05.30	00:17:46.792	0.93456				2
2025.05.30	00:17:49.793	0.93462				2
2025.05.30	00:17:50.391	0.93456				2
2025.05.30	00:17:52.800	0.93463				2
2025.05.30	00:17:53.103	0.93456				2
2025.05.30	00:17:53.771	0.93464				2
2025.05.30	00:17:54.519	0.93456				2
2025.05.30	00:18:00.891	0.93456				2
2025.05.30	00:18:01.949	0.93455	0.93670			6
2025.05.30	00:18:02.994	0.93457				2
2025.05.30	00:18:04.791	0.93470				2
2025.05.30	00:18:05.278	0.93457				2
2025.05.30	00:18:08.775	0.93473				2
2025.05.30	00:18:09.769	0.93475				2
2025.05.30	00:18:10.655	0.93482				2
2025.05.30	00:18:24.591	0.93483				2
2025.05.30	00:18:24.907	0.93473				2
2025.05.30	00:18:25.670	0.93467				2
2025.05.30	00:18:26.131	0.93470	0.93667			6
2025.05.30	00:18:28.108	0.93474	0.93658			6
2025.05.30	00:18:37.007	0.93481	0.93657			6
2025.05.30	00:19:00.296	0.93481				2
2025.05.30	00:19:18.665	0.93470	0.93655			6
2025.05.30	00:19:20.506	0.93479				2
2025.05.30	00:19:20.998	0.93474				2
2025.05.30	00:19:26.093	0.93477				2
2025.05.30	00:19:30.295	0.93479				2
2025.05.30	00:19:30.890	0.93474				2
2025.05.30	00:19:32.352	0.93470				2
2025.05.30	00:19:32.657	0.93479	0.93667			6
2025.05.30	00:19:33.295	0.93469				2
2025.05.30	00:19:37.197	0.93479				2
2025.05.30	00:19:37.792	0.93469				2
2025.05.30	00:19:40.696	0.93479				2
2025.05.30	00:19:41.394	0.93476				2
2025.05.30	00:19:45.599	0.93477				2
2025.05.30	00:19:50.854	0.93471				2
2025.05.30	00:19:52.492	0.93477				2
2025.05.30	00:19:54.900	0.93478				2
2025.05.30	00:20:00.086	0.93476				2
2025.05.30	00:20:00.508	0.93481				2
2025.05.30	00:20:01.249	0.93476				2
2025.05.30	00:20:01.794	0.93481				2
2025.05.30	00:20:02.399	0.93479				2
2025.05.30	00:20:03.510	0.93482				2
2025.05.30	00:20:04.434	0.93489				2
2025.05.30	00:20:05.356	0.93490				2
2025.05.30	00:20:08.355	0.93476				2
2025.05.30	00:20:08.696	0.93490				2
2025.05.30	00:20:09.628	0.93476	0.93671			6
2025.05.30	00:20:10.161	0.93466	0.93666			6
2025.05.30	00:20:10.481	0.93474	0.93671			6
2025.05.30	00:20:11.692	0.93466	0.93667			6
2025.05.30	00:20:12.297	0.93474	0.93671			6
2025.05.30	00:20:13.582	0.93466	0.93668			6
2025.05.30	00:20:14.092	0.93473	0.93671			6
2025.05.30	00:20:15.302	0.93474				2
2025.05.30	00:20:15.976	0.93472				2
2025.05.30	00:20:16.359	0.93466	0.93668			6
2025.05.30	00:20:16.791	0.93472	0.93671			6
2025.05.30	00:20:17.719		0.93635			4
2025.05.30	00:20:18.298	0.93473				2
2025.05.30	00:20:20.096	0.93471				2
2025.05.30	00:20:20.770	0.93472				2
2025.05.30	00:20:23.395		0.93668			4
2025.05.30	00:20:24.751	0.93470	0.93662			6
2025.05.30	00:20:25.106	0.93473	0.93668			6
2025.05.30	00:20:26.802		0.93660			4
2025.05.30	00:20:28.191	0.93470				2
2025.05.30	00:20:28.791	0.93474				2
2025.05.30	00:20:31.799	0.93470				2
2025.05.30	00:20:32.114	0.93481				2
2025.05.30	00:20:32.418	0.93476	0.93667			6
2025.05.30	00:20:32.761	0.93475	0.93659			6
2025.05.30	00:20:33.084	0.93476	0.93671			6
2025.05.30	00:20:33.706	0.93471	0.93658			6
2025.05.30	00:20:35.695	0.93473	0.93671			6
2025.05.30	00:20:36.117	0.93471	0.93658			6
2025.05.30	00:20:36.592	0.93477	0.93671			6
2025.05.30	00:20:40.293	0.93476				2
2025.05.30	00:20:40.623	0.93470	0.93655			6
2025.05.30	00:20:41.993	0.93477	0.93659			6
2025.05.30	00:20:42.355	0.93470	0.93655			6
2025.05.30	00:20:43.197	0.93478	0.93659			6
2025.05.30	00:20:45.900	0.93475	0.93635			6
2025.05.30	00:20:46.352	0.93471				2
2025.05.30	00:20:47.098	0.93479				2
2025.05.30	00:20:50.102	0.93471				2
2025.05.30	00:20:50.692	0.93479				2
2025.05.30	00:20:51.318	0.93471				2
2025.05.30	00:20:51.892	0.93479				2
2025.05.30	00:20:52.508		0.93659			4
2025.05.30	00:20:54.177	0.93470	0.93653			6
2025.05.30	00:20:54.597	0.93479	0.93659			6
2025.05.30	00:20:56.616		0.93653			4
2025.05.30	00:20:56.918	0.93471				2
2025.05.30	00:20:57.592		0.93652			4
2025.05.30	00:20:59.094	0.93480	0.93659			6
2025.05.30	00:21:00.293	0.93480				2
2025.05.30	00:21:00.924	0.93493	0.93670			6
2025.05.30	00:21:01.791	0.93494				2
2025.05.30	00:21:05.686	0.93464	0.93656			6
2025.05.30	00:21:05.994	0.93493	0.93670			6
2025.05.30	00:21:06.499	0.93466	0.93654			6
2025.05.30	00:21:07.197	0.93491	0.93670			6
2025.05.30	00:21:07.703	0.93492				2
2025.05.30	00:21:08.343	0.93468	0.93652			6
2025.05.30	00:21:08.994	0.93489	0.93670			6
2025.05.30	00:21:09.303	0.93468	0.93652			6
2025.05.30	00:21:09.664	0.93470				2
2025.05.30	00:21:10.196	0.93490	0.93670			6
2025.05.30	00:21:15.282	0.93472	0.93650			6
2025.05.30	00:21:15.591	0.93488	0.93670			6
2025.05.30	00:21:15.898		0.93635			4
2025.05.30	00:21:18.346	0.93489				2
2025.05.30	00:21:19.235	0.93472				2
2025.05.30	00:21:19.794	0.93489				2
2025.05.30	00:21:21.321		0.93670			4
2025.05.30	00:21:21.833	0.93446				2
2025.05.30	00:21:22.194	0.93489				2
2025.05.30	00:21:26.991	0.93446				2
2025.05.30	00:21:27.293	0.93489				2
2025.05.30	00:21:31.195	0.93490				2
2025.05.30	00:21:43.794	0.93496	0.93635			6
2025.05.30	00:21:48.576	0.93446				2
2025.05.30	00:21:48.995	0.93496				2
2025.05.30	00:21:51.559		0.93671			4
2025.05.30	00:21:53.587	0.93451				2
2025.05.30	00:21:54.099	0.93496				2
2025.05.30	00:21:56.992	0.93497				2
2025.05.30	00:22:00.296	0.93497				2
2025.05.30	00:22:14.456	0.93498				2
2025.05.30	00:22:15.527	0.93495				2
2025.05.30	00:22:15.840		0.93635			4
2025.05.30	00:22:17.518	0.93496				2
2025.05.30	00:22:18.462	0.93495				2
2025.05.30	00:22:21.291		0.93664			4
2025.05.30	00:22:24.460	0.93493				2
2025.05.30	00:22:25.293	0.93495				2
2025.05.30	00:22:27.522	0.93493				2
2025.05.30	00:22:28.793	0.93494				2
2025.05.30	00:22:29.996	0.93493				2
2025.05.30	00:22:31.492	0.93494				2
2025.05.30	00:22:35.095	0.93492				2
2025.05.30	00:22:36.134	0.93494				2
2025.05.30	00:22:36.913	0.93495				2
2025.05.30	00:22:39.014	0.93497				2
2025.05.30	00:22:39.318	0.93495				2
2025.05.30	00:22:40.769	0.93496				2
2025.05.30	00:22:46.131	0.93494				2
2025.05.30	00:22:46.678	0.93497				2
2025.05.30	00:22:51.562		0.93635			4
2025.05.30	00:22:52.005	0.93457				2
2025.05.30	00:22:52.357	0.93497				2
2025.05.30	00:22:54.997	0.93457				2
2025.05.30	00:22:55.495	0.93497				2
2025.05.30	00:22:55.920		0.93664			4
2025.05.30	00:22:56.683	0.93457				2
2025.05.30	00:22:56.993	0.93495				2
2025.05.30	00:22:57.514	0.93457				2
2025.05.30	00:22:57.894	0.93497				2
2025.05.30	00:22:59.234	0.93457				2
2025.05.30	00:22:59.998	0.93496				2
2025.05.30	00:23:00.912	0.93496				2
2025.05.30	00:23:02.190	0.93495				2
2025.05.30	00:23:06.264	0.93497				2
2025.05.30	00:23:06.566	0.93495				2
2025.05.30	00:23:07.522	0.93457				2
2025.05.30	00:23:08.068	0.93495				2
2025.05.30	00:23:09.290	0.93496				2
2025.05.30	00:23:14.354	0.93457				2
2025.05.30	00:23:14.698	0.93496				2
2025.05.30	00:23:17.548	0.93457				2
2025.05.30	00:23:17.859	0.93494				2
2025.05.30	00:23:18.349		0.93656			4
2025.05.30	00:23:20.318	0.93457				2
2025.05.30	00:23:20.641	0.93493				2
2025.05.30	00:23:21.010	0.93494				2
2025.05.30	00:23:21.332		0.93635			4
2025.05.30	00:23:22.190	0.93457				2
2025.05.30	00:23:22.795	0.93494				2
2025.05.30	00:23:23.979	0.93457				2
2025.05.30	00:23:24.293	0.93494				2
2025.05.30	00:23:25.727		0.93656			4
2025.05.30	00:23:28.195	0.93496				2
2025.05.30	00:23:28.500	0.93494				2
2025.05.30	00:23:28.801	0.93457				2
2025.05.30	00:23:29.393	0.93494				2
2025.05.30	00:23:32.849	0.93497				2
2025.05.30	00:23:33.893	0.93457				2
2025.05.30	00:23:34.355	0.93497				2
2025.05.30	00:23:38.351	0.93498				2
2025.05.30	00:23:38.664	0.93457				2
2025.05.30	00:23:39.308	0.93499				2
2025.05.30	00:23:40.278	0.93457				2
2025.05.30	00:23:40.793	0.93499				2
2025.05.30	00:23:42.846	0.93497				2
2025.05.30	00:23:43.403	0.93500				2
2025.05.30	00:23:49.199	0.93457				2
2025.05.30	00:23:49.793	0.93500				2
2025.05.30	00:23:51.293		0.93635			4
2025.05.30	00:23:53.382	0.93457				2
2025.05.30	00:23:53.696	0.93500				2
2025.05.30	00:23:55.921	0.93457	0.93670			6
2025.05.30	00:23:56.693	0.93514				2
2025.05.30	00:23:58.797	0.93457				2
2025.05.30	00:23:59.123	0.93514				2
2025.05.30	00:24:00.279	0.93457				2
2025.05.30	00:24:00.590	0.93513				2
2025.05.30	00:24:01.318	0.93457				2
2025.05.30	00:24:02.993	0.93511				2
2025.05.30	00:24:07.745	0.93512				2
2025.05.30	00:24:14.193	0.93507				2
2025.05.30	00:24:14.807	0.93467				2
2025.05.30	00:24:15.293	0.93508				2
2025.05.30	00:24:15.698	0.93467				2
2025.05.30	00:24:16.191	0.93490				2
2025.05.30	00:24:17.392	0.93509				2
2025.05.30	00:24:20.798	0.93492				2
2025.05.30	00:24:21.298	0.93509				2
2025.05.30	00:24:22.003	0.93492				2
2025.05.30	00:24:22.362	0.93509				2
2025.05.30	00:24:23.197	0.93492				2
2025.05.30	00:24:23.694	0.93509				2
2025.05.30	00:24:24.343	0.93510				2
2025.05.30	00:24:25.203	0.93509				2
2025.05.30	00:24:26.282	0.93492				2
2025.05.30	00:24:26.690	0.93509				2
2025.05.30	00:24:27.655	0.93457	0.93658			6
2025.05.30	00:24:27.960		0.93670			4
2025.05.30	00:24:28.493		0.93656			4
2025.05.30	00:24:29.282		0.93670			4
2025.05.30	00:24:29.696		0.93656			4
2025.05.30	00:24:30.399		0.93670			4
2025.05.30	00:24:30.896		0.93656			4
2025.05.30	00:24:32.282		0.93670			4
2025.05.30	00:24:32.599		0.93656			4
2025.05.30	00:24:33.702		0.93670			4
2025.05.30	00:24:34.192	0.93444				2
2025.05.30	00:24:34.496		0.93654			4
2025.05.30	00:24:34.974		0.93670			4
2025.05.30	00:24:35.278		0.93653			4
2025.05.30	00:24:35.692		0.93670			4
2025.05.30	00:24:36.099		0.93653			4
2025.05.30	00:24:41.797		0.93670			4
2025.05.30	00:24:42.293		0.93653			4
2025.05.30	00:24:46.578		0.93670			4
2025.05.30	00:24:47.092		0.93653			4
2025.05.30	00:24:49.574		0.93670			4
2025.05.30	00:24:50.097		0.93653			4
2025.05.30	00:24:52.000		0.93670			4
2025.05.30	00:24:52.793		0.93653			4
2025.05.30	00:24:56.313		0.93670			4
2025.05.30	00:24:56.990		0.93653			4
2025.05.30	00:24:58.016		0.93670			4
2025.05.30	00:24:58.492		0.93654			4
2025.05.30	00:25:00.309	0.93444				2
2025.05.30	00:25:01.297		0.93670			4
2025.05.30	00:25:01.622		0.93654			4
2025.05.30	00:25:02.059		0.93670			4
2025.05.30	00:25:02.392		0.93653			4
2025.05.30	00:25:03.398		0.93670			4
2025.05.30	00:25:03.891		0.93653			4
2025.05.30	00:25:05.655		0.93670			4
2025.05.30	00:25:05.995		0.93653			4
2025.05.30	00:25:09.999		0.93670			4
2025.05.30	00:25:10.497		0.93653			4
2025.05.30	00:25:12.398		0.93670			4
2025.05.30	00:25:13.493		0.93654			4
2025.05.30	00:25:14.657		0.93670			4
2025.05.30	00:25:14.991		0.93653			4
2025.05.30	00:25:15.477		0.93670			4
2025.05.30	00:25:15.890		0.93653			4
2025.05.30	00:25:17.443	0.93454				2
2025.05.30	00:25:18.977		0.93663			4
2025.05.30	00:25:19.498		0.93653			4
2025.05.30	00:25:20.650		0.93663			4
2025.05.30	00:25:20.994		0.93653			4
2025.05.30	00:25:22.914		0.93663			4
2025.05.30	00:25:23.393		0.93652			4
2025.05.30	00:25:26.353		0.93663			4
2025.05.30	00:25:26.795		0.93652			4
2025.05.30	00:25:27.096		0.93663			4
2025.05.30	00:25:27.597		0.93652			4
2025.05.30	00:25:27.997		0.93663			4
2025.05.30	00:25:28.491		0.93652			4
2025.05.30	00:25:33.399		0.93663			4
2025.05.30	00:25:33.896		0.93652			4
2025.05.30	00:25:36.400		0.93663			4
2025.05.30	00:25:36.893		0.93653			4
2025.05.30	00:25:38.091		0.93663			4
2025.05.30	00:25:38.691		0.93653			4
2025.05.30	00:25:40.896		0.93663			4
2025.05.30	00:25:41.395		0.93653			4
2025.05.30	00:25:42.099		0.93663			4
2025.05.30	00:25:42.593		0.93653			4
2025.05.30	00:25:44.352		0.93663			4
2025.05.30	00:25:44.992		0.93654			4
2025.05.30	00:25:45.293		0.93653			4
2025.05.30	00:25:48.397		0.93654			4
2025.05.30	00:25:48.897		0.93653			4
2025.05.30	00:25:50.093		0.93654			4
2025.05.30	00:25:50.697		0.93653			4
2025.05.30	00:25:54.816		0.93654			4
2025.05.30	00:25:55.195		0.93653			4
2025.05.30	00:25:56.351		0.93654			4
2025.05.30	00:25:56.993		0.93653			4
2025.05.30	00:26:00.398	0.93454				2
2025.05.30	00:26:00.902		0.93655			4
2025.05.30	00:26:01.493		0.93653			4
2025.05.30	00:26:02.497		0.93655			4
2025.05.30	00:26:02.992		0.93653			4
2025.05.30	00:26:03.363		0.93655			4
2025.05.30	00:26:04.793		0.93652			4
2025.05.30	00:26:07.303		0.93654			4
2025.05.30	00:26:07.791		0.93652			4
2025.05.30	00:26:12.193		0.93654			4
2025.05.30	00:26:12.662		0.93652			4
2025.05.30	00:26:19.902		0.93654			4
2025.05.30	00:26:20.392		0.93652			4
2025.05.30	00:26:22.645		0.93654			4
2025.05.30	00:26:23.092		0.93652			4
2025.05.30	00:26:24.900		0.93654			4
2025.05.30	00:26:25.796		0.93652			4
2025.05.30	00:26:26.762		0.93654			4
2025.05.30	00:26:27.111		0.93652			4
2025.05.30	00:26:27.962		0.93663			4
2025.05.30	00:26:28.317		0.93670			4
2025.05.30	00:26:29.204		0.93668			4
2025.05.30	00:26:30.291		0.93671			4
2025.05.30	00:26:31.497		0.93668			4
2025.05.30	00:26:32.496		0.93671			4
2025.05.30	00:26:35.682		0.93669			4
2025.05.30	00:26:35.996		0.93668			4
2025.05.30	00:26:36.362		0.93664			4
2025.05.30	00:26:39.902		0.93669			4
2025.05.30	00:26:40.262		0.93664			4
2025.05.30	00:26:43.359		0.93666			4
2025.05.30	00:26:43.795		0.93661			4
2025.05.30	00:26:46.502		0.93668			4
2025.05.30	00:26:47.090		0.93661			4
2025.05.30	00:26:49.865		0.93666			4
2025.05.30	00:26:50.784		0.93661			4
2025.05.30	00:26:57.103		0.93668			4
2025.05.30	00:26:58.197	0.93458	0.93663			6
2025.05.30	00:26:58.595		0.93660			4
2025.05.30	00:27:00.105	0.93458				2
2025.05.30	00:27:00.663		0.93663			4
2025.05.30	00:27:01.193		0.93660			4
2025.05.30	00:27:02.474		0.93663			4
2025.05.30	00:27:02.991		0.93660			4
2025.05.30	00:27:06.662		0.93663			4
2025.05.30	00:27:07.193		0.93660			4
2025.05.30	00:27:08.197		0.93664			4
2025.05.30	00:27:08.516		0.93662			4
2025.05.30	00:27:12.883		0.93660			4
2025.05.30	00:27:13.362		0.93656			4
2025.05.30	00:27:15.417		0.93657			4
2025.05.30	00:27:15.893		0.93654			4
2025.05.30	00:27:21.097		0.93657			4
2025.05.30	00:27:21.429		0.93654			4
2025.05.30	00:27:22.891		0.93656			4
2025.05.30	00:27:23.390		0.93654			4
2025.05.30	00:27:27.292		0.93656			4
2025.05.30	00:27:27.610		0.93654			4
2025.05.30	00:27:28.464		0.93655			4
2025.05.30	00:27:37.493		0.93658			4
2025.05.30	00:27:38.094		0.93655			4
2025.05.30	00:27:40.357		0.93657			4
2025.05.30	00:27:41.092		0.93654			4
2025.05.30	00:27:42.100		0.93655			4
2025.05.30	00:27:42.441		0.93654			4
2025.05.30	00:27:43.059		0.93656			4
2025.05.30	00:27:43.497		0.93654			4
2025.05.30	00:27:45.522		0.93656			4
2025.05.30	00:27:46.190		0.93654			4
2025.05.30	00:27:47.081		0.93670			4
2025.05.30	00:27:48.731		0.93656			4
2025.05.30	00:27:52.076		0.93670			4
2025.05.30	00:27:53.063		0.93655			4
2025.05.30	00:27:54.802		0.93656			4
2025.05.30	00:28:00.897	0.93458				2
2025.05.30	00:28:04.805		0.93655			4
2025.05.30	00:28:05.717		0.93656			4
2025.05.30	00:28:15.719		0.93655			4
2025.05.30	00:28:17.822		0.93656			4
2025.05.30	00:28:23.051		0.93657			4
2025.05.30	00:28:33.058		0.93656			4
2025.05.30	00:28:37.159		0.93654			4
2025.05.30	00:28:45.396		0.93653			4
2025.05.30	00:28:57.696		0.93654			4
2025.05.30	00:29:04.296	0.93458				2
2025.05.30	00:29:07.390		0.93651			4
2025.05.30	00:29:13.130		0.93653			4
2025.05.30	00:29:14.460		0.93652			4
2025.05.30	00:29:23.197		0.93649			4
2025.05.30	00:29:40.896		0.93650			4
2025.05.30	00:29:44.956		0.93649			4
2025.05.30	00:29:54.036		0.93650			4
2025.05.30	00:29:58.542		0.93649			4
2025.05.30	00:30:00.063	0.93458				2
2025.05.30	00:30:00.418		0.93650			4
2025.05.30	00:30:03.699		0.93649			4
2025.05.30	00:30:06.552	0.93407	0.93642			6
2025.05.30	00:30:07.298		0.93643			4
2025.05.30	00:30:08.547		0.93641			4
2025.05.30	00:30:09.099		0.93642			4
2025.05.30	00:30:11.974		0.93641			4
2025.05.30	00:30:24.820	0.93408	0.93638			6
2025.05.30	00:30:28.406		0.93639			4
2025.05.30	00:30:28.909	0.93429	0.93656			6
2025.05.30	00:30:41.812	0.93437	0.93654			6
2025.05.30	00:30:42.353		0.93655			4
2025.05.30	00:30:44.598	0.93452	0.93671			6
2025.05.30	00:30:45.675		0.93668			4
2025.05.30	00:30:51.997		0.93664			4
2025.05.30	00:30:54.996		0.93668			4
2025.05.30	00:31:00.134	0.93452				2
2025.05.30	00:31:04.898		0.93667			4
2025.05.30	00:31:05.522	0.93439	0.93661			6
2025.05.30	00:31:29.441		0.93658			4
2025.05.30	00:31:32.463		0.93659			4
2025.05.30	00:31:35.234		0.93658			4
2025.05.30	00:31:35.986		0.93659			4
2025.05.30	00:31:50.802		0.93658			4
2025.05.30	00:31:59.657		0.93659			4
2025.05.30	00:32:00.549	0.93439				2
2025.05.30	00:32:07.904		0.93658			4
2025.05.30	00:32:14.506		0.93655			4
2025.05.30	00:32:21.382		0.93652			4
2025.05.30	00:32:21.882		0.93650			4
2025.05.30	00:32:35.678		0.93648			4
2025.05.30	00:32:35.980		0.93655			4
2025.05.30	00:32:36.361		0.93652			4
2025.05.30	00:32:36.870		0.93655			4
2025.05.30	00:32:37.194		0.93653			4
2025.05.30	00:32:37.573		0.93651			4
2025.05.30	00:32:52.193		0.93656			4
2025.05.30	00:32:52.886		0.93655			4
2025.05.30	00:33:01.320	0.93439				2
2025.05.30	00:33:07.224		0.93657			4
2025.05.30	00:33:07.651		0.93651			4
2025.05.30	00:33:08.075		0.93649			4
2025.05.30	00:33:11.777		0.93652			4
2025.05.30	00:33:12.097		0.93653			4
2025.05.30	00:33:12.776		0.93649			4
2025.05.30	00:33:18.999	0.93433	0.93651			6
2025.05.30	00:33:23.202		0.93670			4
2025.05.30	00:33:26.225		0.93671			4
2025.05.30	00:33:26.640		0.93668			4
2025.05.30	00:33:28.095		0.93667			4
2025.05.30	00:33:38.081		0.93668			4
2025.05.30	00:33:41.739		0.93665			4
2025.05.30	00:33:42.213	0.93448				2
2025.05.30	00:33:49.666		0.93659			4
2025.05.30	00:33:51.670		0.93655			4
2025.05.30	00:33:58.531		0.93654			4
2025.05.30	00:34:00.999	0.93448				2
2025.05.30	00:34:15.392		0.93646			4
2025.05.30	00:34:21.236		0.93649			4
2025.05.30	00:34:21.985		0.93646			4
2025.05.30	00:34:22.485		0.93647			4
2025.05.30	00:34:32.502		0.93646			4
2025.05.30	00:34:33.158		0.93645			4
2025.05.30	00:34:38.079		0.93647			4
2025.05.30	00:34:47.799		0.93646			4
2025.05.30	00:34:48.187		0.93648			4
2025.05.30	00:34:53.015		0.93638			4
2025.05.30	00:34:54.345		0.93633			4
2025.05.30	00:34:57.752		0.93632			4
2025.05.30	00:35:00.951	0.93448				2
2025.05.30	00:35:09.378		0.93630			4
2025.05.30	00:35:11.656		0.93629			4
2025.05.30	00:35:13.002		0.93628			4
2025.05.30	00:35:21.747		0.93627			4
2025.05.30	00:35:22.302		0.93628			4
2025.05.30	00:35:23.132		0.93627			4
2025.05.30	00:35:24.395		0.93626			4
2025.05.30	00:35:30.676		0.93625			4
2025.05.30	00:35:31.162		0.93624			4
2025.05.30	00:35:35.545		0.93621			4
2025.05.30	00:35:36.016		0.93630			4
2025.05.30	00:35:36.319		0.93622			4
2025.05.30	00:35:36.927		0.93624			4
2025.05.30	00:35:37.278		0.93623			4
2025.05.30	00:35:52.470		0.93625			4
2025.05.30	00:35:52.978		0.93619			4
2025.05.30	00:35:53.289		0.93627			4
2025.05.30	00:35:53.802		0.93624			4
2025.05.30	00:35:54.288		0.93628			4
2025.05.30	00:35:54.791		0.93624			4
2025.05.30	00:35:55.292		0.93623			4
2025.05.30	00:36:00.420	0.93448	0.93638			6
2025.05.30	00:36:01.056		0.93639			4
2025.05.30	00:36:02.796		0.93638			4
2025.05.30	00:36:05.582		0.93639			4
2025.05.30	00:36:16.071		0.93634			4
2025.05.30	00:36:16.563		0.93640			4
2025.05.30	00:36:30.999		0.93633			4
2025.05.30	00:36:31.560		0.93640			4
2025.05.30	00:36:32.069		0.93635			4
2025.05.30	00:36:32.567		0.93643			4
2025.05.30	00:36:33.066		0.93640			4
2025.05.30	00:36:33.566		0.93641			4
2025.05.30	00:36:33.998		0.93634			4
2025.05.30	00:36:40.636		0.93638			4
2025.05.30	00:36:40.945		0.93643			4
2025.05.30	00:36:41.326		0.93644			4
2025.05.30	00:36:41.635		0.93636			4
2025.05.30	00:36:42.316		0.93642			4
2025.05.30	00:36:42.696		0.93643			4
2025.05.30	00:36:44.352		0.93638			4
2025.05.30	00:36:53.496		0.93642			4
2025.05.30	00:36:55.001		0.93641			4
2025.05.30	00:37:02.211	0.93448				2
2025.05.30	00:37:06.481		0.93651			4
2025.05.30	00:37:06.993		0.93653			4
2025.05.30	00:37:07.514		0.93650			4
2025.05.30	00:37:10.641		0.93651			4
2025.05.30	00:37:12.865		0.93646			4
2025.05.30	00:37:14.019		0.93650			4
2025.05.30	00:37:17.055		0.93651			4
2025.05.30	00:37:18.351		0.93650			4
2025.05.30	00:37:24.007		0.93649			4
2025.05.30	00:37:25.009		0.93644			4
2025.05.30	00:37:26.199		0.93642			4
2025.05.30	00:37:26.795		0.93637			4
2025.05.30	00:37:27.111		0.93642			4
2025.05.30	00:37:29.196		0.93641			4
2025.05.30	00:37:31.668		0.93642			4
2025.05.30	00:37:32.121		0.93636			4
2025.05.30	00:37:33.699		0.93637			4
2025.05.30	00:37:35.197		0.93647			4
2025.05.30	00:37:35.804		0.93648			4
2025.05.30	00:37:36.109		0.93642			4
2025.05.30	00:37:36.426		0.93640			4
2025.05.30	00:37:37.337		0.93641			4
2025.05.30	00:37:38.431		0.93640			4
2025.05.30	00:37:40.877		0.93641			4
2025.05.30	00:37:44.871		0.93644			4
2025.05.30	00:37:46.669		0.93641			4
2025.05.30	00:37:47.673		0.93640			4
2025.05.30	00:37:54.223		0.93644			4
2025.05.30	00:37:56.401		0.93643			4
2025.05.30	00:37:57.484		0.93637			4
2025.05.30	00:37:57.801		0.93635			4
2025.05.30	00:37:59.199		0.93634			4
2025.05.30	00:38:00.809	0.93448	0.93635			6
2025.05.30	00:38:01.413		0.93636			4
2025.05.30	00:38:01.908		0.93642			4
2025.05.30	00:38:03.096		0.93641			4
2025.05.30	00:38:03.415		0.93642			4
2025.05.30	00:38:03.910		0.93636			4
2025.05.30	00:38:18.699		0.93637			4
2025.05.30	00:38:19.158		0.93641			4
2025.05.30	00:38:19.664	0.93437	0.93658			6
2025.05.30	00:38:19.997	0.93438	0.93659			6
2025.05.30	00:38:22.117	0.93448	0.93641			6
2025.05.30	00:38:26.396		0.93640			4
2025.05.30	00:38:26.795		0.93641			4
2025.05.30	00:38:27.097		0.93642			4
2025.05.30	00:38:31.310		0.93643			4
2025.05.30	00:38:34.564		0.93637			4
2025.05.30	00:38:39.396		0.93636			4
2025.05.30	00:38:41.887		0.93637			4
2025.05.30	00:38:52.590		0.93636			4
2025.05.30	00:38:52.899		0.93637			4
2025.05.30	00:38:53.830		0.93636			4
2025.05.30	00:39:01.317	0.93448				2
2025.05.30	00:39:02.064		0.93640			4
2025.05.30	00:39:02.416		0.93641			4
2025.05.30	00:39:07.592		0.93640			4
2025.05.30	00:39:07.897		0.93641			4
2025.05.30	00:39:08.500		0.93640			4
2025.05.30	00:39:08.820		0.93641			4
2025.05.30	00:39:09.134		0.93640			4
2025.05.30	00:39:09.437		0.93641			4
2025.05.30	00:39:22.590		0.93640			4
2025.05.30	00:39:22.900		0.93641			4
2025.05.30	00:39:23.512		0.93640			4
2025.05.30	00:39:23.817		0.93641			4
2025.05.30	00:39:24.132		0.93640			4
2025.05.30	00:39:24.748		0.93641			4
2025.05.30	00:39:37.587		0.93640			4
2025.05.30	00:39:37.897		0.93641			4
2025.05.30	00:39:38.512		0.93650			4
2025.05.30	00:39:38.823		0.93644			4
2025.05.30	00:39:48.621		0.93646			4
2025.05.30	00:39:49.897		0.93645			4
2025.05.30	00:39:51.589		0.93644			4
2025.05.30	00:39:51.902		0.93645			4
2025.05.30	00:39:52.860		0.93643			4
2025.05.30	00:39:53.485		0.93645			4
2025.05.30	00:39:58.804		0.93644			4
2025.05.30	00:40:02.101	0.93448	0.93645			6
2025.05.30	00:40:02.420		0.93639			4
2025.05.30	00:40:02.727		0.93640			4
2025.05.30	00:40:06.588		0.93639			4
2025.05.30	00:40:07.215		0.93640			4
2025.05.30	00:40:07.824		0.93639			4
2025.05.30	00:40:08.136		0.93640			4
2025.05.30	00:40:08.439		0.93639			4
2025.05.30	00:40:08.742		0.93640			4
2025.05.30	00:40:14.430		0.93646			4
2025.05.30	00:40:17.796		0.93647			4
2025.05.30	00:40:22.216		0.93646			4
2025.05.30	00:40:22.524		0.93647			4
2025.05.30	00:40:22.837		0.93646			4
2025.05.30	00:40:23.444		0.93647			4
2025.05.30	00:40:24.072		0.93646			4
2025.05.30	00:40:24.384		0.93647			4
2025.05.30	00:40:29.432		0.93648			4
2025.05.30	00:40:29.740		0.93647			4
2025.05.30	00:40:31.197		0.93648			4
2025.05.30	00:40:31.897		0.93640			4
2025.05.30	00:40:32.283		0.93649			4
2025.05.30	00:40:33.095		0.93648			4
2025.05.30	00:40:42.481		0.93642			4
2025.05.30	00:40:43.501		0.93645			4
2025.05.30	00:40:43.984		0.93643			4
2025.05.30	00:40:44.360		0.93644			4
2025.05.30	00:40:45.097		0.93653			4
2025.05.30	00:40:46.761		0.93651			4
2025.05.30	00:40:47.067		0.93653			4
2025.05.30	00:40:47.918		0.93654			4
2025.05.30	00:40:50.079		0.93653			4
2025.05.30	00:40:50.384		0.93654			4
2025.05.30	00:40:52.673		0.93653			4
2025.05.30	00:40:58.465		0.93651			4
2025.05.30	00:40:58.772		0.93653			4
2025.05.30	00:40:59.248		0.93654			4
2025.05.30	00:41:00.101	0.93448	0.93645			6
2025.05.30	00:41:00.542		0.93646			4
2025.05.30	00:41:11.497		0.93642			4
2025.05.30	00:41:11.799		0.93644			4
2025.05.30	00:41:12.114		0.93645			4
2025.05.30	00:41:13.060		0.93644			4
2025.05.30	00:41:13.992		0.93645			4
2025.05.30	00:41:15.609		0.93650			4
2025.05.30	00:41:16.902		0.93651			4
2025.05.30	00:41:17.657		0.93650			4
2025.05.30	00:41:18.169		0.93651			4
2025.05.30	00:41:19.894		0.93645			4
2025.05.30	00:41:20.323		0.93652			4
2025.05.30	00:41:20.638		0.93643			4
2025.05.30	00:41:20.939		0.93650			4
2025.05.30	00:41:21.578		0.93652			4
2025.05.30	00:41:22.719		0.93651			4
2025.05.30	00:41:23.345		0.93652			4
2025.05.30	00:41:38.344		0.93647			4
2025.05.30	00:41:38.796		0.93650			4
2025.05.30	00:41:39.990		0.93644			4
2025.05.30	00:41:40.363		0.93649			4
2025.05.30	00:41:48.626		0.93648			4
2025.05.30	00:41:55.516		0.93643			4
2025.05.30	00:41:55.822		0.93649			4
2025.05.30	00:41:56.496		0.93650			4
2025.05.30	00:42:01.592	0.93448				2
2025.05.30	00:42:08.504		0.93649			4
2025.05.30	00:42:11.242		0.93642			4
2025.05.30	00:42:11.551		0.93648			4
2025.05.30	00:42:14.591		0.93647			4
2025.05.30	00:42:14.901		0.93646			4
2025.05.30	00:42:15.204		0.93647			4
2025.05.30	00:42:15.518		0.93646			4
2025.05.30	00:42:16.439		0.93645			4
2025.05.30	00:42:26.366		0.93646			4
2025.05.30	00:42:30.237		0.93645			4
2025.05.30	00:42:30.552		0.93644			4
2025.05.30	00:42:31.477		0.93645			4
2025.05.30	00:42:32.392		0.93644			4
2025.05.30	00:42:33.352		0.93643			4
2025.05.30	00:42:33.659		0.93644			4
2025.05.30	00:42:33.995		0.93643			4
2025.05.30	00:42:34.302		0.93644			4
2025.05.30	00:42:34.616		0.93643			4
2025.05.30	00:42:34.918		0.93644			4
2025.05.30	00:42:36.793		0.93643			4
2025.05.30	00:42:37.099		0.93644			4
2025.05.30	00:42:49.664		0.93643			4
2025.05.30	00:42:50.236		0.93644			4
2025.05.30	00:42:50.589		0.93645			4
2025.05.30	00:42:51.104		0.93644			4
2025.05.30	00:42:58.910		0.93643			4
2025.05.30	00:43:00.191	0.93448	0.93642			6
2025.05.30	00:43:00.498		0.93643			4
2025.05.30	00:43:06.040		0.93641			4
2025.05.30	00:43:06.361		0.93638			4
2025.05.30	00:43:06.706		0.93643			4
2025.05.30	00:43:08.497		0.93644			4
2025.05.30	00:43:14.590		0.93643			4
2025.05.30	00:43:14.903		0.93644			4
2025.05.30	00:43:15.523		0.93643			4
2025.05.30	00:43:22.901		0.93644			4
2025.05.30	00:43:29.589		0.93643			4
2025.05.30	00:43:29.903		0.93644			4
2025.05.30	00:43:30.509		0.93643			4
2025.05.30	00:43:31.120		0.93644			4
2025.05.30	00:43:42.604	0.93412				2
2025.05.30	00:43:45.199		0.93643			4
2025.05.30	00:43:45.510		0.93644			4
2025.05.30	00:43:55.250		0.93645			4
2025.05.30	00:43:57.996		0.93640			4
2025.05.30	00:43:58.300		0.93644			4
2025.05.30	00:43:59.219		0.93643			4
2025.05.30	00:43:59.586		0.93642			4
2025.05.30	00:44:00.197	0.93412	0.93643			6
2025.05.30	00:44:00.836	0.93410	0.93642			6
2025.05.30	00:44:01.138		0.93643			4
2025.05.30	00:44:01.764		0.93642			4
2025.05.30	00:44:03.300		0.93643			4
2025.05.30	00:44:04.858		0.93642			4
2025.05.30	00:44:05.169		0.93643			4
2025.05.30	00:44:05.785		0.93642			4
2025.05.30	00:44:06.089		0.93643			4
2025.05.30	00:44:07.644		0.93642			4
2025.05.30	00:44:07.957		0.93643			4
2025.05.30	00:44:09.541		0.93642			4
2025.05.30	00:44:10.158		0.93643			4
2025.05.30	00:44:10.460		0.93642			4
2025.05.30	00:44:10.769		0.93643			4
2025.05.30	00:44:11.681		0.93642			4
2025.05.30	00:44:11.992		0.93643			4
2025.05.30	00:44:12.620		0.93642			4
2025.05.30	00:44:13.539		0.93637			4
2025.05.30	00:44:13.842		0.93638			4
2025.05.30	00:44:14.462		0.93637			4
2025.05.30	00:44:14.769		0.93638			4
2025.05.30	00:44:16.942		0.93637			4
2025.05.30	00:44:17.246		0.93638			4
2025.05.30	00:44:22.197		0.93637			4
2025.05.30	00:44:22.519		0.93638			4
2025.05.30	00:44:23.737		0.93647			4
2025.05.30	00:44:25.813		0.93643			4
2025.05.30	00:44:26.150		0.93639			4
2025.05.30	00:44:26.460		0.93642			4
2025.05.30	00:44:26.767		0.93639			4
2025.05.30	00:44:27.077		0.93641			4
2025.05.30	00:44:27.396		0.93637			4
2025.05.30	00:44:27.700		0.93641			4
2025.05.30	00:44:29.735		0.93642			4
2025.05.30	00:44:42.290		0.93636			4
2025.05.30	00:44:44.730		0.93637			4
2025.05.30	00:44:48.379		0.93638			4
2025.05.30	00:44:48.713		0.93643			4
2025.05.30	00:44:49.383		0.93637			4
2025.05.30	00:44:52.569		0.93638			4
2025.05.30	00:44:53.569		0.93643			4
2025.05.30	00:44:54.097		0.93644			4
2025.05.30	00:44:56.061	0.93413				2
2025.05.30	00:44:59.691		0.93643			4
2025.05.30	00:45:00.658	0.93413				2
2025.05.30	00:45:01.941	0.93439	0.93661			6
2025.05.30	00:45:03.156	0.93432	0.93654			6
2025.05.30	00:45:03.458	0.93433	0.93655			6
2025.05.30	00:45:03.760	0.93432				2
2025.05.30	00:45:04.668	0.93413	0.93639			6
2025.05.30	00:45:08.814	0.93431	0.93621			6
2025.05.30	00:45:10.314		0.93622			4
2025.05.30	00:45:17.879		0.93618			4
2025.05.30	00:45:25.461		0.93614			4
2025.05.30	00:45:47.067		0.93623			4
2025.05.30	00:45:47.593	0.93456	0.93642			6
2025.05.30	00:45:47.905	0.93457	0.93643			6
2025.05.30	00:45:48.206	0.93431	0.93623			6
2025.05.30	00:45:48.777		0.93617			4
2025.05.30	00:45:49.340		0.93623			4
2025.05.30	00:45:51.894		0.93618			4
2025.05.30	00:45:53.203		0.93619			4
2025.05.30	00:45:55.546		0.93620			4
2025.05.30	00:45:58.847		0.93615			4
2025.05.30	00:46:00.251	0.93431				2
2025.05.30	00:46:02.850		0.93616			4
2025.05.30	00:46:17.881		0.93617			4
2025.05.30	00:46:43.272	0.93421				2
2025.05.30	00:46:48.055	0.93460	0.93644			6
2025.05.30	00:46:48.390	0.93441	0.93623			6
2025.05.30	00:46:49.068		0.93624			4
2025.05.30	00:46:49.570	0.93458	0.93643			6
2025.05.30	00:46:49.904	0.93419	0.93619			6
2025.05.30	00:46:50.580	0.93459	0.93643			6
2025.05.30	00:46:50.913	0.93419	0.93619			6
2025.05.30	00:46:51.575	0.93458	0.93643			6
2025.05.30	00:46:51.924	0.93419	0.93620			6
2025.05.30	00:46:54.096		0.93619			4
2025.05.30	00:46:55.378	0.93460	0.93644			6
2025.05.30	00:46:57.828	0.93459				2
2025.05.30	00:46:59.346	0.93458	0.93643			6
2025.05.30	00:47:00.251	0.93458				2
2025.05.30	00:47:01.162	0.93459				2
2025.05.30	00:47:10.252	0.93437	0.93626			6
2025.05.30	00:47:10.912		0.93625			4
2025.05.30	00:47:17.882		0.93626			4
2025.05.30	00:47:19.930		0.93627			4
2025.05.30	00:47:25.914		0.93622			4
2025.05.30	00:47:26.364		0.93627			4
2025.05.30	00:47:26.917		0.93621			4
2025.05.30	00:47:27.422		0.93627			4
2025.05.30	00:47:37.296		0.93628			4
2025.05.30	00:47:42.643		0.93627			4
2025.05.30	00:47:49.144		0.93628			4
2025.05.30	00:48:02.241	0.93437				2
2025.05.30	00:48:05.393	0.93432				2
2025.05.30	00:48:10.583		0.93630			4
2025.05.30	00:48:11.597		0.93632			4
2025.05.30	00:48:11.956		0.93631			4
2025.05.30	00:48:13.116		0.93629			4
2025.05.30	00:48:49.161		0.93623			4
2025.05.30	00:49:00.393	0.93425				2
2025.05.30	00:49:04.207	0.93458	0.93641			6
2025.05.30	00:49:04.520	0.93425	0.93623			6
2025.05.30	00:49:04.924	0.93459	0.93643			6
2025.05.30	00:49:05.224		0.93642			4
2025.05.30	00:49:05.527	0.93425	0.93623			6
2025.05.30	00:49:06.221	0.93458	0.93641			6
2025.05.30	00:49:21.082	0.93459	0.93642			6
2025.05.30	00:49:21.385	0.93426	0.93627			6
2025.05.30	00:49:21.711	0.93458	0.93641			6
2025.05.30	00:49:22.040	0.93459	0.93642			6
2025.05.30	00:49:22.340	0.93460	0.93643			6
2025.05.30	00:49:22.646	0.93426	0.93622			6
2025.05.30	00:49:23.216		0.93621			4
2025.05.30	00:49:23.715		0.93624			4
2025.05.30	00:49:24.029	0.93461	0.93643			6
2025.05.30	00:49:25.569		0.93644			4
2025.05.30	00:49:32.543	0.93426	0.93628			6
2025.05.30	00:49:41.808	0.93459	0.93641			6
2025.05.30	00:49:42.445	0.93426	0.93628			6
2025.05.30	00:49:43.156	0.93435	0.93624			6
2025.05.30	00:49:43.457	0.93461	0.93644			6
2025.05.30	00:49:43.809	0.93423	0.93623			6
2025.05.30	00:49:44.564		0.93624			4
2025.05.30	00:49:49.400	0.93449	0.93631			6
2025.05.30	00:49:49.722	0.93460	0.93643			6
2025.05.30	00:50:00.034	0.93460				2
2025.05.30	00:50:00.640	0.93461				2
2025.05.30	00:50:03.973	0.93459	0.93641			6
2025.05.30	00:50:21.552	0.93462	0.93644			6
2025.05.30	00:50:22.159	0.93459	0.93641			6
2025.05.30	00:50:23.369	0.93425	0.93624			6
2025.05.30	00:50:23.677		0.93625			4
2025.05.30	00:50:24.166	0.93460	0.93642			6
2025.05.30	00:50:24.482	0.93458	0.93640			6
2025.05.30	00:50:25.998	0.93459	0.93641			6
2025.05.30	00:50:48.486	0.93462	0.93644			6
2025.05.30	00:50:48.789	0.93441	0.93631			6
2025.05.30	00:50:49.439		0.93624			4
2025.05.30	00:50:49.853		0.93627			4
2025.05.30	00:50:50.305		0.93632			4
2025.05.30	00:50:50.830		0.93626			4
2025.05.30	00:50:51.303		0.93632			4
2025.05.30	00:50:52.326		0.93627			4
2025.05.30	00:50:53.520		0.93633			4
2025.05.30	00:50:54.360		0.93632			4
2025.05.30	00:51:00.356	0.93441				2
2025.05.30	00:51:09.038		0.93627			4
2025.05.30	00:51:09.555		0.93631			4
2025.05.30	00:51:10.035	0.93456	0.93638			6
2025.05.30	00:51:10.361	0.93460	0.93642			6
2025.05.30	00:51:10.968	0.93456	0.93638			6
2025.05.30	00:51:11.272	0.93441	0.93625			6
2025.05.30	00:51:12.034	0.93457	0.93639			6
2025.05.30	00:51:12.384	0.93423	0.93625			6
2025.05.30	00:51:13.035	0.93456	0.93638			6
2025.05.30	00:51:13.342	0.93455	0.93637			6
2025.05.30	00:51:13.643	0.93454	0.93636			6
2025.05.30	00:51:13.947	0.93463	0.93645			6
2025.05.30	00:51:14.249	0.93442	0.93632			6
2025.05.30	00:51:15.036		0.93629			4
2025.05.30	00:51:15.341		0.93632			4
2025.05.30	00:51:15.643		0.93628			4
2025.05.30	00:51:16.041		0.93626			4
2025.05.30	00:51:16.609		0.93633			4
2025.05.30	00:51:17.112		0.93632			4
2025.05.30	00:51:27.400		0.93631			4
2025.05.30	00:51:29.196	0.93463	0.93645			6
2025.05.30	00:51:29.847	0.93462	0.93644			6
2025.05.30	00:51:42.268	0.93463	0.93645			6
2025.05.30	00:51:44.394	0.93442	0.93632			6
2025.05.30	00:51:44.977	0.93456	0.93638			6
2025.05.30	00:51:45.302	0.93461	0.93643			6
2025.05.30	00:52:00.147	0.93461				2
2025.05.30	00:52:02.571	0.93460				2
2025.05.30	00:52:08.634	0.93459	0.93642			6
2025.05.30	00:52:09.240	0.93460				2
2025.05.30	00:52:09.540	0.93423	0.93625			6
2025.05.30	00:52:09.851		0.93624			4
2025.05.30	00:52:10.298		0.93625			4
2025.05.30	00:52:10.787	0.93461	0.93643			6
2025.05.30	00:52:11.715	0.93462	0.93644			6
2025.05.30	00:52:13.229	0.93461				2
2025.05.30	00:52:14.441		0.93643			4
2025.05.30	00:52:17.469		0.93644			4
2025.05.30	00:52:25.639	0.93460	0.93643			6
2025.05.30	00:52:26.246	0.93461				2
2025.05.30	00:52:26.850	0.93460	0.93642			6
2025.05.30	00:52:27.151	0.93423	0.93625			6
2025.05.30	00:52:27.783	0.93461	0.93643			6
2025.05.30	00:52:28.111	0.93423	0.93624			6
2025.05.30	00:52:28.805	0.93459	0.93642			6
2025.05.30	00:52:29.124	0.93462	0.93644			6
2025.05.30	00:52:29.731	0.93461	0.93643			6
2025.05.30	00:52:38.216		0.93644			4
2025.05.30	00:52:39.731	0.93434	0.93630			6
2025.05.30	00:52:44.313		0.93626			4
2025.05.30	00:52:44.823		0.93630			4
2025.05.30	00:52:45.312		0.93626			4
2025.05.30	00:52:45.829		0.93630			4
2025.05.30	00:52:46.311		0.93629			4
2025.05.30	00:52:47.825		0.93625			4
2025.05.30	00:52:48.311		0.93630			4
2025.05.30	00:53:01.897	0.93434				2
2025.05.30	00:53:03.340		0.93626			4
2025.05.30	00:53:03.834		0.93628			4
2025.05.30	00:53:04.345		0.93631			4
2025.05.30	00:53:04.857		0.93630			4
2025.05.30	00:53:05.357		0.93631			4
2025.05.30	00:53:19.865		0.93632			4
2025.05.30	00:53:20.385		0.93631			4
2025.05.30	00:53:29.068		0.93632			4
2025.05.30	00:53:29.376		0.93631			4
2025.05.30	00:53:30.160		0.93626			4
2025.05.30	00:53:31.131		0.93633			4
2025.05.30	00:53:31.621		0.93630			4
2025.05.30	00:53:32.131		0.93626			4
2025.05.30	00:53:32.621		0.93630			4
2025.05.30	00:53:33.124		0.93628			4
2025.05.30	00:53:33.625		0.93632			4
2025.05.30	00:53:34.121		0.93627			4
2025.05.30	00:53:34.638		0.93625			4
2025.05.30	00:53:34.985	0.93428	0.93627			6
2025.05.30	00:53:35.548		0.93626			4
2025.05.30	00:53:36.150		0.93630			4
2025.05.30	00:53:37.609		0.93626			4
2025.05.30	00:53:39.531		0.93625			4
2025.05.30	00:53:42.265		0.93626			4
2025.05.30	00:53:49.722		0.93627			4
2025.05.30	00:53:50.230	0.93461	0.93643			6
2025.05.30	00:53:50.847	0.93462	0.93644			6
2025.05.30	00:54:00.239	0.93462				2
2025.05.30	00:54:02.965	0.93455	0.93638			6
2025.05.30	00:54:03.268	0.93428	0.93624			6
2025.05.30	00:54:05.266		0.93625			4
2025.05.30	00:54:06.032	0.93462	0.93644			6
2025.05.30	00:54:06.652	0.93461				2
2025.05.30	00:54:07.256	0.93462				2
2025.05.30	00:54:21.194		0.93645			4
2025.05.30	00:54:21.801	0.93463				2
2025.05.30	00:54:22.101	0.93461	0.93644			6
2025.05.30	00:54:22.711		0.93643			4
2025.05.30	00:54:29.982	0.93435	0.93632			6
2025.05.30	00:54:42.231		0.93636			4
2025.05.30	00:54:42.775		0.93635			4
2025.05.30	00:54:55.195		0.93632			4
2025.05.30	00:54:55.599		0.93631			4
2025.05.30	00:54:58.296		0.93632			4
2025.05.30	00:55:00.357	0.93435	0.93627			6
2025.05.30	00:55:00.859		0.93633			4
2025.05.30	00:55:09.741		0.93634			4
2025.05.30	00:55:22.192		0.93622			4
2025.05.30	00:55:22.500		0.93620			4
2025.05.30	00:55:24.984	0.93422				2
2025.05.30	00:55:26.716		0.93621			4
2025.05.30	00:55:37.240		0.93620			4
2025.05.30	00:55:44.220		0.93619			4
2025.05.30	00:55:53.655		0.93618			4
2025.05.30	00:55:55.819		0.93620			4
2025.05.30	00:56:00.316	0.93422				2
2025.05.30	00:56:12.399		0.93621			4
2025.05.30	00:56:16.526		0.93619			4
2025.05.30	00:56:17.774		0.93621			4
2025.05.30	00:56:19.985	0.93420				2
2025.05.30	00:56:22.530		0.93622			4
2025.05.30	00:56:35.800		0.93621			4
2025.05.30	00:56:39.842	0.93452	0.93637			6
2025.05.30	00:56:52.303	0.93453	0.93638			6
2025.05.30	00:56:59.574		0.93639			4
2025.05.30	00:57:00.181	0.93453				2
2025.05.30	00:57:12.910	0.93454	0.93640			6
2025.05.30	00:57:13.517		0.93641			4
2025.05.30	00:57:14.123	0.93455				2
2025.05.30	00:57:20.484	0.93454				2
2025.05.30	00:57:28.359	0.93423	0.93624			6
2025.05.30	00:57:43.010		0.93623			4
2025.05.30	00:58:02.590	0.93423	0.93624			6
2025.05.30	00:58:04.379		0.93621			4
2025.05.30	00:58:09.987	0.93421				2
2025.05.30	00:58:12.593		0.93623			4
2025.05.30	00:58:17.782	0.93451	0.93639			6
2025.05.30	00:58:18.122		0.93640			4
2025.05.30	00:58:28.429	0.93452				2
2025.05.30	00:58:43.585	0.93453	0.93641			6
2025.05.30	00:58:57.226	0.93452				2
2025.05.30	00:58:58.436	0.93451	0.93640			6
2025.05.30	00:59:00.255	0.93451				2
2025.05.30	00:59:04.802	0.93430	0.93628			6
2025.05.30	00:59:06.989		0.93629			4
2025.05.30	00:59:13.302		0.93627			4
2025.05.30	00:59:20.498		0.93626			4
2025.05.30	00:59:28.496		0.93625			4
2025.05.30	00:59:30.293		0.93623			4
2025.05.30	00:59:41.633		0.93624			4
2025.05.30	00:59:42.110		0.93623			4
2025.05.30	00:59:45.098		0.93622			4
2025.05.30	00:59:45.449		0.93623			4
2025.05.30	00:59:46.310		0.93624			4
2025.05.30	00:59:47.845		0.93626			4
2025.05.30	00:59:49.891		0.93627			4
2025.05.30	00:59:52.349		0.93626			4
2025.05.30	00:59:55.386		0.93625			4
2025.05.30	00:59:56.711		0.93627			4
2025.05.30	00:59:58.351		0.93623			4
2025.05.30	00:59:59.991	0.93448	0.93638			6
2025.05.30	01:00:00.321	0.93452	0.93577			6
2025.05.30	01:00:00.632	0.93481	0.93677			6
2025.05.30	01:00:00.944	0.93475	0.93665			6
2025.05.30	01:00:01.249	0.93427	0.93622			6
2025.05.30	01:00:01.559		0.93605			4
2025.05.30	01:00:01.938		0.93598			4
2025.05.30	01:00:02.247	0.93449	0.93610			6
2025.05.30	01:00:02.548	0.93455	0.93614			6
2025.05.30	01:00:03.062	0.93466	0.93641			6
2025.05.30	01:00:03.371	0.93473	0.93647			6
2025.05.30	01:00:03.672	0.93470	0.93643			6
2025.05.30	01:00:03.978	0.93467	0.93638			6
2025.05.30	01:00:04.279	0.93470	0.93642			6
2025.05.30	01:00:04.581		0.93641			4
2025.05.30	01:00:05.191	0.93465	0.93636			6
2025.05.30	01:00:05.493	0.93454	0.93609			6
2025.05.30	01:00:06.644	0.93455	0.93608			6
2025.05.30	01:00:06.996	0.93459	0.93593			6
2025.05.30	01:00:09.699	0.93486	0.93567			6
2025.05.30	01:00:21.448		0.93550			4
2025.05.30	01:00:23.468	0.93494	0.93554			6
2025.05.30	01:00:36.397	0.93491	0.93551			6
2025.05.30	01:00:36.708	0.93488	0.93548			6
2025.05.30	01:00:37.019	0.93486	0.93547			6
2025.05.30	01:00:37.324	0.93488				2
2025.05.30	01:00:39.998	0.93489	0.93533			6
2025.05.30	01:00:40.509	0.93482	0.93550			6
2025.05.30	01:00:40.823	0.93484				2
2025.05.30	01:00:41.702	0.93486	0.93548			6
2025.05.30	01:00:42.140	0.93483				2
2025.05.30	01:00:42.447	0.93481	0.93547			6
2025.05.30	01:00:44.253	0.93487				2
2025.05.30	01:00:44.561	0.93489				2
2025.05.30	01:00:45.096	0.93483				2
2025.05.30	01:00:46.300	0.93487				2
2025.05.30	01:00:46.629	0.93489				2
2025.05.30	01:00:51.233	0.93486	0.93543			6
2025.05.30	01:00:51.542	0.93482				2
2025.05.30	01:00:53.363	0.93487	0.93541			6
2025.05.30	01:00:59.430	0.93479				2
2025.05.30	01:00:59.753		0.93539			4
2025.05.30	01:01:00.099	0.93479				2
2025.05.30	01:01:02.212	0.93481				2
2025.05.30	01:01:07.050	0.93479				2
2025.05.30	01:01:07.396	0.93487				2
2025.05.30	01:01:09.150		0.93541			4
2025.05.30	01:01:34.351	0.93490				2
2025.05.30	01:01:35.195	0.93486				2
2025.05.30	01:01:36.401	0.93488				2
2025.05.30	01:01:37.601	0.93486				2
2025.05.30	01:01:39.586	0.93480				2
2025.05.30	01:01:40.480	0.93484				2
2025.05.30	01:01:44.837	0.93486				2
2025.05.30	01:01:50.491	0.93484				2
2025.05.30	01:01:51.768	0.93486				2
2025.05.30	01:01:52.297	0.93484				2
2025.05.30	01:01:52.680	0.93479				2
2025.05.30	01:01:53.336	0.93481				2
2025.05.30	01:01:54.998	0.93479				2
2025.05.30	01:01:57.129	0.93481				2
2025.05.30	01:02:00.398	0.93481				2
2025.05.30	01:02:03.183	0.93485				2
2025.05.30	01:02:04.556	0.93487	0.93539			6
2025.05.30	01:02:05.170	0.93483				2
2025.05.30	01:02:05.497	0.93512	0.93565			6
2025.05.30	01:02:06.962	0.93496	0.93556			6
2025.05.30	01:02:15.638	0.93499	0.93543			6
2025.05.30	01:02:15.940	0.93497	0.93541			6
2025.05.30	01:02:16.279		0.93544			4
2025.05.30	01:02:17.411	0.93498	0.93547			6
2025.05.30	01:02:19.921	0.93499	0.93545			6
2025.05.30	01:02:20.234		0.93542			4
2025.05.30	01:02:20.543	0.93497				2
2025.05.30	01:02:25.608		0.93545			4
2025.05.30	01:02:25.992	0.93496	0.93547			6
2025.05.30	01:02:31.300	0.93499				2
2025.05.30	01:02:31.685		0.93542			4
2025.05.30	01:02:42.519		0.93544			4
2025.05.30	01:02:43.818	0.93497	0.93547			6
2025.05.30	01:02:44.159	0.93499				2
2025.05.30	01:02:45.203		0.93546			4
2025.05.30	01:02:50.526	0.93497	0.93545			6
2025.05.30	01:02:52.352	0.93499	0.93541			6
2025.05.30	01:02:52.899		0.93547			4
2025.05.30	01:02:55.298		0.93545			4
2025.05.30	01:03:00.397	0.93497	0.93548			6
2025.05.30	01:03:00.718	0.93499				2
2025.05.30	01:03:01.307		0.93545			4
2025.05.30	01:03:37.233	0.93498	0.93548			6
2025.05.30	01:03:37.538	0.93497	0.93546			6
2025.05.30	01:03:38.540	0.93498	0.93548			6
2025.05.30	01:03:43.598	0.93500				2
2025.05.30	01:03:53.371		0.93551			4
2025.05.30	01:03:53.705	0.93501	0.93549			6
2025.05.30	01:04:00.098	0.93501				2
2025.05.30	01:04:04.875	0.93498	0.93545			6
2025.05.30	01:04:05.182	0.93499				2
2025.05.30	01:04:07.299		0.93547			4
2025.05.30	01:04:14.997	0.93498	0.93545			6
2025.05.30	01:04:21.780	0.93499	0.93548			6
2025.05.30	01:04:22.106	0.93501	0.93550			6
2025.05.30	01:04:22.430		0.93549			4
2025.05.30	01:04:36.668	0.93499				2
2025.05.30	01:04:36.981	0.93501				2
2025.05.30	01:04:38.682		0.93547			4
2025.05.30	01:04:41.882		0.93546			4
2025.05.30	01:04:47.012		0.93547			4
2025.05.30	01:04:52.137	0.93499				2
2025.05.30	01:04:52.896		0.93546			4
2025.05.30	01:04:54.097	0.93501				2
2025.05.30	01:04:59.728	0.93499				2
2025.05.30	01:05:00.099	0.93499				2
2025.05.30	01:05:00.737		0.93545			4
2025.05.30	01:05:01.045	0.93504	0.93554			6
2025.05.30	01:05:01.353	0.93506				2
2025.05.30	01:05:01.926		0.93552			4
2025.05.30	01:05:03.100		0.93553			4
2025.05.30	01:05:03.531		0.93555			4
2025.05.30	01:05:03.850	0.93507				2
2025.05.30	01:05:05.135	0.93508	0.93550			6
2025.05.30	01:05:05.450	0.93504				2
2025.05.30	01:05:05.777	0.93503	0.93551			6
2025.05.30	01:05:06.093	0.93504	0.93549			6
2025.05.30	01:05:07.110	0.93503				2
2025.05.30	01:05:08.191	0.93504				2
2025.05.30	01:05:09.378	0.93502				2
2025.05.30	01:05:23.924	0.93503				2
2025.05.30	01:05:24.327	0.93504	0.93550			6
2025.05.30	01:05:32.196	0.93505	0.93551			6
2025.05.30	01:05:32.498	0.93504	0.93550			6
2025.05.30	01:05:33.830	0.93506	0.93551			6
2025.05.30	01:05:34.842		0.93553			4
2025.05.30	01:05:36.100	0.93503	0.93549			6
2025.05.30	01:05:38.497	0.93504	0.93550			6
2025.05.30	01:05:40.002	0.93505	0.93551			6
2025.05.30	01:05:40.310		0.93550			4
2025.05.30	01:05:40.671	0.93504	0.93549			6
2025.05.30	01:05:54.504	0.93505				2
2025.05.30	01:05:54.998	0.93506	0.93548			6
2025.05.30	01:05:56.497	0.93505	0.93547			6
2025.05.30	01:05:57.296	0.93504	0.93546			6
2025.05.30	01:05:59.496	0.93505				2
2025.05.30	01:06:00.285	0.93503	0.93544			6
2025.05.30	01:06:05.902	0.93502				2
2025.05.30	01:06:07.296		0.93546			4
2025.05.30	01:06:07.899		0.93548			4
2025.05.30	01:06:08.356	0.93503	0.93545			6
2025.05.30	01:06:09.037	0.93504	0.93547			6
2025.05.30	01:06:09.375	0.93503	0.93544			6
2025.05.30	01:06:09.702	0.93501	0.93545			6
2025.05.30	01:06:10.036	0.93502				2
2025.05.30	01:06:10.357	0.93500	0.93542			6
2025.05.30	01:06:10.705	0.93501	0.93543			6
2025.05.30	01:06:11.375	0.93502	0.93545			6
2025.05.30	01:06:11.678		0.93543			4
2025.05.30	01:06:12.763	0.93499				2
2025.05.30	01:06:13.066	0.93502	0.93545			6
2025.05.30	01:06:13.861		0.93544			4
2025.05.30	01:06:14.635		0.93542			4
2025.05.30	01:06:15.996	0.93504	0.93548			6
2025.05.30	01:06:16.331		0.93546			4
2025.05.30	01:06:18.097	0.93503				2
2025.05.30	01:06:18.576	0.93504				2
2025.05.30	01:06:18.877	0.93503	0.93547			6
2025.05.30	01:06:19.248	0.93502	0.93543			6
2025.05.30	01:06:19.654	0.93503	0.93546			6
2025.05.30	01:06:20.854	0.93502	0.93543			6
2025.05.30	01:06:21.156		0.93546			4
2025.05.30	01:06:23.741	0.93503				2
2025.05.30	01:06:25.001	0.93502	0.93545			6
2025.05.30	01:06:25.315	0.93503	0.93546			6
2025.05.30	01:06:27.059		0.93549			4
2025.05.30	01:06:27.387		0.93546			4
2025.05.30	01:06:30.398		0.93547			4
2025.05.30	01:06:30.732		0.93546			4
2025.05.30	01:06:31.701	0.93501	0.93544			6
2025.05.30	01:06:32.005	0.93504	0.93546			6
2025.05.30	01:06:32.306	0.93503	0.93545			6
2025.05.30	01:06:33.589	0.93501	0.93543			6
2025.05.30	01:06:33.964	0.93502	0.93545			6
2025.05.30	01:06:34.278	0.93503				2
2025.05.30	01:06:34.662	0.93502				2
2025.05.30	01:06:34.986	0.93500	0.93543			6
2025.05.30	01:06:35.365	0.93501				2
2025.05.30	01:06:35.793	0.93502	0.93545			6
2025.05.30	01:06:36.149	0.93501	0.93544			6
2025.05.30	01:06:37.273		0.93542			4
2025.05.30	01:06:37.787	0.93500				2
2025.05.30	01:06:38.938	0.93503	0.93544			6
2025.05.30	01:06:39.252		0.93545			4
2025.05.30	01:06:39.697		0.93546			4
2025.05.30	01:06:40.028	0.93500	0.93544			6
2025.05.30	01:06:40.376	0.93503	0.93546			6
2025.05.30	01:06:41.562	0.93505	0.93550			6
2025.05.30	01:06:41.879	0.93506				2
2025.05.30	01:06:42.230	0.93503	0.93546			6
2025.05.30	01:06:42.637	0.93499	0.93543			6
2025.05.30	01:06:42.943	0.93500	0.93540			6
2025.05.30	01:06:43.295	0.93502	0.93543			6
2025.05.30	01:06:43.628	0.93500	0.93542			6
2025.05.30	01:06:45.749	0.93499	0.93539			6
2025.05.30	01:06:46.079	0.93500				2
2025.05.30	01:06:46.380	0.93502	0.93543			6
2025.05.30	01:06:46.807		0.93542			4
2025.05.30	01:06:47.117	0.93501				2
2025.05.30	01:06:47.418	0.93500				2
2025.05.30	01:06:48.165	0.93504	0.93545			6
2025.05.30	01:06:48.555	0.93503	0.93547			6
2025.05.30	01:06:49.527	0.93501	0.93544			6
2025.05.30	01:06:49.868	0.93503	0.93547			6
2025.05.30	01:06:50.361		0.93546			4
2025.05.30	01:06:50.952	0.93502	0.93545			6
2025.05.30	01:06:51.316	0.93503	0.93547			6
2025.05.30	01:06:52.001		0.93546			4
2025.05.30	01:06:53.024	0.93504	0.93545			6
2025.05.30	01:06:55.598	0.93502	0.93546			6
2025.05.30	01:06:55.898	0.93504				2
2025.05.30	01:06:56.545	0.93502				2
2025.05.30	01:06:57.956		0.93544			4
2025.05.30	01:06:58.581	0.93504	0.93546			6
2025.05.30	01:06:59.810		0.93547			4
2025.05.30	01:07:00.187	0.93504	0.93546			6
2025.05.30	01:07:01.213	0.93500	0.93542			6
2025.05.30	01:07:01.527	0.93503	0.93544			6
2025.05.30	01:07:02.262	0.93504	0.93546			6
2025.05.30	01:07:02.626	0.93500	0.93542			6
2025.05.30	01:07:02.943	0.93504	0.93544			6
2025.05.30	01:07:05.449	0.93502	0.93543			6
2025.05.30	01:07:06.124	0.93503	0.93544			6
2025.05.30	01:07:06.997	0.93500	0.93541			6
2025.05.30	01:07:07.439	0.93498	0.93543			6
2025.05.30	01:07:07.742		0.93545			4
2025.05.30	01:07:09.083	0.93495	0.93540			6
2025.05.30	01:07:09.416	0.93497	0.93539			6
2025.05.30	01:07:09.720	0.93495	0.93540			6
2025.05.30	01:07:10.083	0.93491	0.93539			6
2025.05.30	01:07:11.213	0.93499	0.93542			6
2025.05.30	01:07:11.518	0.93498	0.93540			6
2025.05.30	01:07:11.871		0.93539			4
2025.05.30	01:07:12.355	0.93502	0.93546			6
2025.05.30	01:07:12.717	0.93503	0.93547			6
2025.05.30	01:07:13.042	0.93502	0.93546			6
2025.05.30	01:07:14.057	0.93503				2
2025.05.30	01:07:14.812		0.93547			4
2025.05.30	01:07:15.114	0.93504	0.93549			6
2025.05.30	01:07:15.909	0.93503	0.93546			6
2025.05.30	01:07:16.386		0.93547			4
2025.05.30	01:07:17.485		0.93546			4
2025.05.30	01:07:17.874	0.93505	0.93549			6
2025.05.30	01:07:18.186	0.93503	0.93548			6
2025.05.30	01:07:19.351	0.93504				2
2025.05.30	01:07:19.932	0.93503	0.93546			6
2025.05.30	01:07:20.284	0.93505	0.93550			6
2025.05.30	01:07:21.226	0.93504	0.93549			6
2025.05.30	01:07:21.620	0.93505	0.93550			6
2025.05.30	01:07:21.945	0.93504	0.93549			6
2025.05.30	01:07:22.257	0.93503	0.93547			6
2025.05.30	01:07:22.558		0.93548			4
2025.05.30	01:07:23.057		0.93546			4
2025.05.30	01:07:24.398	0.93504	0.93549			6
2025.05.30	01:07:25.141	0.93502	0.93547			6
2025.05.30	01:07:25.842	0.93503				2
2025.05.30	01:07:30.975	0.93504	0.93549			6
2025.05.30	01:07:31.345	0.93505				2
2025.05.30	01:07:31.674	0.93503	0.93546			6
2025.05.30	01:07:31.980		0.93548			4
2025.05.30	01:07:32.373	0.93504	0.93549			6
2025.05.30	01:07:32.684	0.93502	0.93546			6
2025.05.30	01:07:33.442		0.93545			4
2025.05.30	01:07:33.780	0.93503	0.93548			6
2025.05.30	01:07:34.598	0.93502	0.93546			6
2025.05.30	01:07:34.926	0.93498	0.93543			6
2025.05.30	01:07:35.437	0.93502	0.93546			6
2025.05.30	01:07:36.451	0.93505	0.93549			6
2025.05.30	01:07:36.995	0.93504				2
2025.05.30	01:07:44.478	0.93506	0.93550			6
2025.05.30	01:07:44.783	0.93504	0.93548			6
2025.05.30	01:07:45.152	0.93505	0.93549			6
2025.05.30	01:07:45.469	0.93506	0.93550			6
2025.05.30	01:07:46.003	0.93505				2
2025.05.30	01:07:46.362	0.93503	0.93548			6
2025.05.30	01:07:46.762	0.93504				2
2025.05.30	01:07:50.615	0.93505	0.93550			6
2025.05.30	01:07:51.097		0.93549			4
2025.05.30	01:07:52.600		0.93550			4
2025.05.30	01:07:52.950	0.93507	0.93553			6
2025.05.30	01:07:53.264	0.93510	0.93555			6
2025.05.30	01:07:53.642		0.93554			4
2025.05.30	01:07:54.229	0.93506				2
2025.05.30	01:07:55.645	0.93507	0.93557			6
2025.05.30	01:07:56.120	0.93508	0.93556			6
2025.05.30	01:07:57.577	0.93510	0.93554			6
2025.05.30	01:07:58.900	0.93512	0.93556			6
2025.05.30	01:07:59.510	0.93509	0.93553			6
2025.05.30	01:08:00.414	0.93509				2
2025.05.30	01:08:00.846	0.93511	0.93555			6
2025.05.30	01:08:02.066		0.93556			4
2025.05.30	01:08:03.132	0.93512	0.93555			6
2025.05.30	01:08:03.493		0.93556			4
2025.05.30	01:08:03.998	0.93509	0.93553			6
2025.05.30	01:08:04.301	0.93507	0.93552			6
2025.05.30	01:08:04.604		0.93551			4
2025.05.30	01:08:05.197		0.93552			4
2025.05.30	01:08:05.546		0.93551			4
2025.05.30	01:08:06.996		0.93552			4
2025.05.30	01:08:07.312	0.93505	0.93550			6
2025.05.30	01:08:07.617	0.93504	0.93552			6
2025.05.30	01:08:08.320	0.93503	0.93554			6
2025.05.30	01:08:09.046	0.93505	0.93549			6
2025.05.30	01:08:09.352	0.93506	0.93552			6
2025.05.30	01:08:10.658	0.93503	0.93550			6
2025.05.30	01:08:10.995	0.93506	0.93553			6
2025.05.30	01:08:11.351		0.93552			4
2025.05.30	01:08:12.112	0.93503	0.93549			6
2025.05.30	01:08:12.443	0.93502	0.93550			6
2025.05.30	01:08:12.822	0.93503				2
2025.05.30	01:08:13.251		0.93549			4
2025.05.30	01:08:13.601	0.93504	0.93550			6
2025.05.30	01:08:14.197	0.93503				2
2025.05.30	01:08:15.394	0.93507	0.93549			6
2025.05.30	01:08:15.711		0.93552			4
2025.05.30	01:08:16.850	0.93517	0.93556			6
2025.05.30	01:08:17.535		0.93558			4
2025.05.30	01:08:17.915		0.93556			4
2025.05.30	01:08:18.304	0.93512	0.93554			6
2025.05.30	01:08:18.620	0.93516	0.93555			6
2025.05.30	01:08:19.137	0.93518	0.93556			6
2025.05.30	01:08:19.438	0.93526	0.93564			6
2025.05.30	01:08:19.740	0.93524				2
2025.05.30	01:08:20.045		0.93565			4
2025.05.30	01:08:20.357	0.93520	0.93558			6
2025.05.30	01:08:20.707	0.93521	0.93562			6
2025.05.30	01:08:21.027	0.93519	0.93559			6
2025.05.30	01:08:21.483		0.93558			4
2025.05.30	01:08:21.882	0.93523	0.93559			6
2025.05.30	01:08:22.198	0.93521	0.93558			6
2025.05.30	01:08:22.599	0.93518	0.93557			6
2025.05.30	01:08:22.922	0.93520	0.93559			6
2025.05.30	01:08:23.451	0.93519				2
2025.05.30	01:08:23.972	0.93521	0.93561			6
2025.05.30	01:08:24.430	0.93520	0.93559			6
2025.05.30	01:08:24.770	0.93523	0.93564			6
2025.05.30	01:08:25.486	0.93518	0.93560			6
2025.05.30	01:08:26.659	0.93520	0.93562			6
2025.05.30	01:08:27.431	0.93521	0.93566			6
2025.05.30	01:08:27.739	0.93525	0.93568			6
2025.05.30	01:08:29.013	0.93523				2
2025.05.30	01:08:29.403	0.93522	0.93567			6
2025.05.30	01:08:30.211	0.93523				2
2025.05.30	01:08:31.298	0.93526	0.93568			6
2025.05.30	01:08:31.598	0.93528	0.93571			6
2025.05.30	01:08:35.580	0.93530	0.93574			6
2025.05.30	01:08:35.888	0.93535	0.93580			6
2025.05.30	01:08:36.198	0.93537				2
2025.05.30	01:08:37.402		0.93579			4
2025.05.30	01:08:40.246		0.93580			4
2025.05.30	01:08:41.378	0.93538	0.93581			6
2025.05.30	01:08:41.689	0.93535	0.93578			6
2025.05.30	01:08:42.469	0.93534				2
2025.05.30	01:08:45.268		0.93577			4
2025.05.30	01:08:51.887		0.93578			4
2025.05.30	01:08:55.744	0.93537	0.93580			6
2025.05.30	01:08:56.753	0.93538				2
2025.05.30	01:08:57.131	0.93540	0.93582			6
2025.05.30	01:08:57.811	0.93541	0.93590			6
2025.05.30	01:08:59.360	0.93538	0.93579			6
2025.05.30	01:08:59.710	0.93541	0.93582			6
2025.05.30	01:09:00.022	0.93541	0.93585			6
2025.05.30	01:09:00.362		0.93573			4
2025.05.30	01:09:00.686		0.93565			4
2025.05.30	01:09:01.017		0.93576			4
2025.05.30	01:09:01.318		0.93579			4
2025.05.30	01:09:02.294		0.93577			4
2025.05.30	01:09:03.385	0.93540	0.93574			6
2025.05.30	01:09:03.741	0.93541	0.93567			6
2025.05.30	01:09:04.104		0.93569			4
2025.05.30	01:09:04.604		0.93567			4
2025.05.30	01:09:04.986		0.93569			4
2025.05.30	01:09:06.138	0.93537	0.93567			6
2025.05.30	01:09:06.478		0.93564			4
2025.05.30	01:09:06.783		0.93563			4
2025.05.30	01:09:07.945	0.93542	0.93564			6
2025.05.30	01:09:09.009		0.93565			4
2025.05.30	01:09:12.369	0.93537	0.93564			6
2025.05.30	01:09:14.296	0.93536	0.93563			6
2025.05.30	01:09:14.887		0.93573			4
2025.05.30	01:09:16.071		0.93577			4
2025.05.30	01:09:18.031	0.93539	0.93571			6
2025.05.30	01:09:18.339	0.93536				2
2025.05.30	01:09:20.322		0.93575			4
2025.05.30	01:09:21.652		0.93576			4
2025.05.30	01:09:23.521	0.93542	0.93580			6
2025.05.30	01:09:29.399	0.93539	0.93578			6
2025.05.30	01:09:30.123	0.93538	0.93576			6
2025.05.30	01:09:30.456	0.93541	0.93583			6
2025.05.30	01:09:30.792		0.93580			4
2025.05.30	01:09:32.149	0.93540	0.93579			6
2025.05.30	01:09:36.802	0.93537	0.93577			6
2025.05.30	01:09:37.113		0.93576			4
2025.05.30	01:09:37.414	0.93543	0.93584			6
2025.05.30	01:09:37.722	0.93542				2
2025.05.30	01:09:38.058	0.93543				2
2025.05.30	01:09:38.387	0.93542				2
2025.05.30	01:09:38.724	0.93540	0.93579			6
2025.05.30	01:09:39.045	0.93542	0.93581			6
2025.05.30	01:09:41.987		0.93580			4
2025.05.30	01:09:42.381	0.93535	0.93575			6
2025.05.30	01:09:42.682	0.93541	0.93581			6
2025.05.30	01:09:43.299	0.93542				2
2025.05.30	01:09:43.615		0.93579			4
2025.05.30	01:09:44.490	0.93534	0.93575			6
2025.05.30	01:09:44.912	0.93541	0.93581			6
2025.05.30	01:09:46.087	0.93542				2
2025.05.30	01:09:47.320	0.93541				2
2025.05.30	01:09:48.135	0.93542				2
2025.05.30	01:09:48.599	0.93543	0.93583			6
2025.05.30	01:09:53.200		0.93584			4
2025.05.30	01:09:53.577	0.93535	0.93577			6
2025.05.30	01:09:54.304	0.93544	0.93584			6
2025.05.30	01:09:54.623	0.93543				2
2025.05.30	01:09:54.999		0.93577			4
2025.05.30	01:09:55.300		0.93584			4
2025.05.30	01:09:55.667	0.93544				2
2025.05.30	01:09:56.457	0.93546	0.93585			6
2025.05.30	01:09:56.797		0.93580			4
2025.05.30	01:09:57.100		0.93585			4
2025.05.30	01:09:57.990	0.93545	0.93584			6
2025.05.30	01:09:58.756	0.93547	0.93580			6
2025.05.30	01:09:59.058	0.93546	0.93585			6
2025.05.30	01:09:59.497	0.93547	0.93582			6
2025.05.30	01:09:59.800		0.93585			4
2025.05.30	01:10:00.137	0.93547				2
2025.05.30	01:10:01.075	0.93549	0.93586			6
2025.05.30	01:10:01.383		0.93588			4
2025.05.30	01:10:02.321		0.93585			4
2025.05.30	01:10:02.750		0.93584			4
2025.05.30	01:10:03.792		0.93585			4
2025.05.30	01:10:04.605		0.93584			4
2025.05.30	01:10:08.130	0.93546	0.93579			6
2025.05.30	01:10:08.910	0.93545	0.93575			6
2025.05.30	01:10:09.221		0.93579			4
2025.05.30	01:10:10.055	0.93543	0.93575			6
2025.05.30	01:10:10.376	0.93544	0.93577			6
2025.05.30	01:10:13.347		0.93582			4
2025.05.30	01:10:13.658		0.93577			4
2025.05.30	01:10:16.469	0.93541	0.93570			6
2025.05.30	01:10:18.351		0.93571			4
2025.05.30	01:10:22.604	0.93536				2
2025.05.30	01:10:24.089	0.93537				2
2025.05.30	01:10:24.591	0.93536				2
2025.05.30	01:10:26.453	0.93537				2
2025.05.30	01:10:28.353		0.93570			4
2025.05.30	01:10:31.377	0.93536				2
2025.05.30	01:10:33.410	0.93537	0.93574			6
2025.05.30	01:10:33.732	0.93536	0.93572			6
2025.05.30	01:10:36.747		0.93573			4
2025.05.30	01:10:37.195	0.93542	0.93576			6
2025.05.30	01:10:37.500	0.93543				2
2025.05.30	01:10:37.892	0.93542				2
2025.05.30	01:10:43.240	0.93528	0.93568			6
2025.05.30	01:10:43.560	0.93531	0.93563			6
2025.05.30	01:10:44.353		0.93567			4
2025.05.30	01:10:48.573	0.93526	0.93564			6
2025.05.30	01:10:49.297	0.93530	0.93566			6
2025.05.30	01:10:50.149	0.93523	0.93563			6
2025.05.30	01:10:50.625	0.93522	0.93562			6
2025.05.30	01:10:51.979	0.93525	0.93563			6
2025.05.30	01:10:53.404	0.93522	0.93562			6
2025.05.30	01:11:00.943	0.93522				2
2025.05.30	01:11:02.199		0.93561			4
2025.05.30	01:11:04.600		0.93559			4
2025.05.30	01:11:04.924	0.93521				2
2025.05.30	01:11:05.548	0.93524				2
2025.05.30	01:11:05.878	0.93521	0.93547			6
2025.05.30	01:11:06.262		0.93553			4
2025.05.30	01:11:09.133		0.93552			4
2025.05.30	01:11:10.356		0.93551			4
2025.05.30	01:11:10.665		0.93553			4
2025.05.30	01:11:17.794		0.93549			4
2025.05.30	01:11:20.206		0.93548			4
2025.05.30	01:11:21.010	0.93519				2
2025.05.30	01:11:21.905	0.93518				2
2025.05.30	01:11:24.908		0.93547			4
2025.05.30	01:11:28.063		0.93546			4
2025.05.30	01:11:29.753		0.93548			4
2025.05.30	01:11:30.399		0.93550			4
2025.05.30	01:11:31.602		0.93549			4
2025.05.30	01:11:32.138		0.93550			4
2025.05.30	01:11:34.561		0.93548			4
2025.05.30	01:11:37.123		0.93547			4
2025.05.30	01:11:38.356		0.93545			4
2025.05.30	01:11:38.754		0.93546			4
2025.05.30	01:11:39.095		0.93548			4
2025.05.30	01:11:44.587		0.93550			4
2025.05.30	01:11:46.766		0.93545			4
2025.05.30	01:11:48.359		0.93547			4
2025.05.30	01:11:50.119	0.93524	0.93566			6
2025.05.30	01:11:50.423	0.93525	0.93565			6
2025.05.30	01:11:52.565		0.93564			4
2025.05.30	01:11:55.605	0.93524				2
2025.05.30	01:11:56.797	0.93525				2
2025.05.30	01:11:57.100	0.93524				2
2025.05.30	01:11:57.766		0.93562			4
2025.05.30	01:11:58.092		0.93553			4
2025.05.30	01:11:58.623		0.93558			4
2025.05.30	01:11:58.946		0.93566			4
2025.05.30	01:11:59.259		0.93563			4
2025.05.30	01:12:00.649	0.93526	0.93568			6
2025.05.30	01:12:01.829	0.93531	0.93570			6
2025.05.30	01:12:21.815	0.93529	0.93568			6
2025.05.30	01:12:25.811	0.93534	0.93569			6
2025.05.30	01:12:26.126	0.93535	0.93571			6
2025.05.30	01:12:28.838		0.93572			4
2025.05.30	01:12:30.098	0.93539	0.93577			6
2025.05.30	01:12:30.402	0.93542	0.93575			6
2025.05.30	01:12:30.728	0.93548	0.93576			6
2025.05.30	01:12:31.037	0.93542	0.93573			6
2025.05.30	01:12:31.361	0.93540	0.93577			6
2025.05.30	01:12:33.366	0.93541	0.93576			6
2025.05.30	01:12:33.677	0.93540				2
2025.05.30	01:12:41.552	0.93538				2
2025.05.30	01:12:41.983	0.93537				2
2025.05.30	01:12:48.674		0.93575			4
2025.05.30	01:12:51.573	0.93535	0.93574			6
2025.05.30	01:13:00.520	0.93535				2
2025.05.30	01:13:02.198	0.93536				2
2025.05.30	01:13:12.099	0.93540	0.93576			6
2025.05.30	01:13:13.297		0.93575			4
2025.05.30	01:13:27.466	0.93541				2
2025.05.30	01:13:31.125	0.93538	0.93574			6
2025.05.30	01:13:31.438		0.93575			4
2025.05.30	01:13:34.896	0.93537				2
2025.05.30	01:13:36.629		0.93570			4
2025.05.30	01:13:40.099	0.93538				2
2025.05.30	01:13:45.851	0.93539				2
2025.05.30	01:13:47.110	0.93538				2
2025.05.30	01:13:49.186	0.93537				2
2025.05.30	01:13:49.586		0.93574			4
2025.05.30	01:13:51.402	0.93536	0.93570			6
2025.05.30	01:13:52.243	0.93540	0.93572			6
2025.05.30	01:13:58.297		0.93570			4
2025.05.30	01:14:00.999	0.93540				2
2025.05.30	01:14:01.599	0.93539				2
2025.05.30	01:14:02.677	0.93540				2
2025.05.30	01:14:03.801	0.93539				2
2025.05.30	01:14:04.588		0.93574			4
2025.05.30	01:14:05.201	0.93538				2
2025.05.30	01:14:06.629		0.93570			4
2025.05.30	01:14:08.351		0.93571			4
2025.05.30	01:14:08.804		0.93573			4
2025.05.30	01:14:09.329		0.93571			4
2025.05.30	01:14:10.840	0.93533	0.93563			6
2025.05.30	01:14:11.149	0.93532				2
2025.05.30	01:14:11.458		0.93564			4
2025.05.30	01:14:12.265		0.93569			4
2025.05.30	01:14:12.831	0.93534				2
2025.05.30	01:14:13.178		0.93570			4
2025.05.30	01:14:14.309	0.93526	0.93542			6
2025.05.30	01:14:14.779	0.93524	0.93548			6
2025.05.30	01:14:15.087	0.93521	0.93546			6
2025.05.30	01:14:15.398		0.93545			4
2025.05.30	01:14:15.702	0.93522	0.93551			6
2025.05.30	01:14:16.028	0.93526	0.93552			6
2025.05.30	01:14:16.352	0.93529				2
2025.05.30	01:14:17.899		0.93562			4
2025.05.30	01:14:19.112	0.93524	0.93544			6
2025.05.30	01:14:19.425	0.93525				2
2025.05.30	01:14:19.784	0.93524	0.93542			6
2025.05.30	01:14:21.372		0.93540			4
2025.05.30	01:14:21.772		0.93539			4
2025.05.30	01:14:23.615		0.93556			4
2025.05.30	01:14:24.886		0.93558			4
2025.05.30	01:14:25.756	0.93527	0.93563			6
2025.05.30	01:14:26.107		0.93562			4
2025.05.30	01:14:26.595		0.93563			4
2025.05.30	01:14:30.357		0.93562			4
2025.05.30	01:14:31.596	0.93526				2
2025.05.30	01:14:34.615	0.93529	0.93564			6
2025.05.30	01:14:35.667		0.93541			4
2025.05.30	01:14:36.299	0.93527	0.93533			6
2025.05.30	01:14:36.628	0.93531	0.93565			6
2025.05.30	01:14:36.944		0.93562			4
2025.05.30	01:14:37.626	0.93529				2
2025.05.30	01:14:39.183	0.93527	0.93559			6
2025.05.30	01:14:41.301		0.93560			4
2025.05.30	01:14:42.698	0.93523	0.93558			6
2025.05.30	01:14:46.407		0.93533			4
2025.05.30	01:14:46.916	0.93522				2
2025.05.30	01:14:47.473	0.93519	0.93555			6
2025.05.30	01:14:48.998		0.93554			4
2025.05.30	01:14:50.070	0.93517	0.93526			6
2025.05.30	01:14:50.389	0.93516				2
2025.05.30	01:14:50.701	0.93520	0.93555			6
2025.05.30	01:14:51.011	0.93519	0.93554			6
2025.05.30	01:14:53.498		0.93553			4
2025.05.30	01:14:54.191		0.93554			4
2025.05.30	01:14:54.717	0.93515	0.93529			6
2025.05.30	01:14:55.320	0.93517	0.93552			6
2025.05.30	01:14:56.257	0.93516				2
2025.05.30	01:14:56.795	0.93518	0.93553			6
2025.05.30	01:14:57.698	0.93516	0.93552			6
2025.05.30	01:14:58.171	0.93518	0.93553			6
2025.05.30	01:14:58.624	0.93513	0.93526			6
2025.05.30	01:14:58.943	0.93511				2
2025.05.30	01:14:59.259		0.93545			4
2025.05.30	01:14:59.562	0.93514	0.93550			6
2025.05.30	01:14:59.868	0.93516				2
2025.05.30	01:15:00.247	0.93514	0.93551			6
2025.05.30	01:15:01.475	0.93515				2
2025.05.30	01:15:01.864	0.93514	0.93520			6
2025.05.30	01:15:02.201	0.93508				2
2025.05.30	01:15:02.589	0.93511	0.93546			6
2025.05.30	01:15:02.898	0.93512	0.93551			6
2025.05.30	01:15:04.514	0.93513	0.93550			6
2025.05.30	01:15:08.759		0.93549			4
2025.05.30	01:15:19.122	0.93517	0.93552			6
2025.05.30	01:15:21.699	0.93518				2
2025.05.30	01:15:22.997	0.93519				2
2025.05.30	01:15:31.046		0.93551			4
2025.05.30	01:15:33.696		0.93552			4
2025.05.30	01:15:46.921	0.93515	0.93551			6
2025.05.30	01:15:47.278		0.93548			4
2025.05.30	01:15:48.386		0.93549			4
2025.05.30	01:15:48.975		0.93548			4
2025.05.30	01:15:50.796		0.93549			4
2025.05.30	01:15:52.427	0.93514	0.93548			6
2025.05.30	01:15:52.759	0.93511	0.93546			6
2025.05.30	01:15:53.811	0.93509	0.93528			6
2025.05.30	01:15:54.211	0.93508				2
2025.05.30	01:15:55.675	0.93509				2
2025.05.30	01:15:56.496	0.93500	0.93522			6
2025.05.30	01:15:57.158	0.93499	0.93523			6
2025.05.30	01:16:01.303	0.93499				2
2025.05.30	01:16:03.366	0.93495	0.93518			6
2025.05.30	01:16:04.029	0.93498	0.93521			6
2025.05.30	01:16:05.798	0.93497				2
2025.05.30	01:16:07.297	0.93498				2
2025.05.30	01:16:08.378	0.93497	0.93520			6
2025.05.30	01:16:14.315	0.93498				2
2025.05.30	01:16:15.187	0.93497				2
2025.05.30	01:16:16.898	0.93498				2
2025.05.30	01:16:24.081	0.93500	0.93521			6
2025.05.30	01:16:24.392		0.93531			4
2025.05.30	01:16:24.700	0.93501	0.93532			6
2025.05.30	01:16:25.922		0.93522			4
2025.05.30	01:16:26.348	0.93504	0.93528			6
2025.05.30	01:16:26.658	0.93505				2
2025.05.30	01:16:27.268		0.93525			4
2025.05.30	01:16:31.013	0.93504				2
2025.05.30	01:16:31.318		0.93522			4
2025.05.30	01:16:32.729		0.93520			4
2025.05.30	01:16:33.713	0.93503				2
2025.05.30	01:16:35.967		0.93521			4
2025.05.30	01:16:55.431		0.93522			4
2025.05.30	01:16:57.698	0.93504				2
2025.05.30	01:16:59.195	0.93503				2
2025.05.30	01:17:00.696	0.93503				2
2025.05.30	01:17:03.464		0.93519			4
2025.05.30	01:17:05.344		0.93533			4
2025.05.30	01:17:08.161	0.93495	0.93521			6
2025.05.30	01:17:09.163		0.93522			4
2025.05.30	01:17:27.547	0.93497	0.93523			6
2025.05.30	01:17:28.162	0.93496				2
2025.05.30	01:17:29.262	0.93497				2
2025.05.30	01:17:31.468		0.93525			4
2025.05.30	01:17:32.215		0.93523			4
2025.05.30	01:17:35.157	0.93500	0.93524			6
2025.05.30	01:17:40.399		0.93520			4
2025.05.30	01:17:42.073	0.93499				2
2025.05.30	01:17:49.646		0.93521			4
2025.05.30	01:17:52.828	0.93495	0.93509			6
2025.05.30	01:17:53.292		0.93507			4
2025.05.30	01:17:53.665	0.93494	0.93508			6
2025.05.30	01:17:53.967	0.93492	0.93509			6
2025.05.30	01:17:54.658	0.93493				2
2025.05.30	01:17:55.500	0.93494				2
2025.05.30	01:17:57.884		0.93515			4
2025.05.30	01:17:58.634		0.93509			4
2025.05.30	01:18:00.697	0.93494				2
2025.05.30	01:18:02.361	0.93498	0.93521			6
2025.05.30	01:18:03.374	0.93496				2
2025.05.30	01:18:06.700	0.93497	0.93522			6
2025.05.30	01:18:09.440		0.93521			4
2025.05.30	01:18:13.235	0.93496	0.93518			6
2025.05.30	01:18:13.597	0.93498	0.93520			6
2025.05.30	01:18:14.352		0.93521			4
2025.05.30	01:18:49.423	0.93495	0.93514			6
2025.05.30	01:18:49.769	0.93494				2
2025.05.30	01:18:51.140	0.93495				2
2025.05.30	01:18:52.118	0.93494				2
2025.05.30	01:18:55.998		0.93515			4
2025.05.30	01:18:56.475		0.93516			4
2025.05.30	01:18:56.896	0.93495				2
2025.05.30	01:19:00.360	0.93495				2
2025.05.30	01:19:08.081	0.93496	0.93517			6
2025.05.30	01:19:08.885		0.93516			4
2025.05.30	01:19:14.110		0.93518			4
2025.05.30	01:19:18.472		0.93519			4
2025.05.30	01:19:19.353		0.93517			4
2025.05.30	01:19:19.984	0.93494				2
2025.05.30	01:19:23.699	0.93495				2
2025.05.30	01:19:24.563		0.93518			4
2025.05.30	01:19:31.989	0.93496	0.93519			6
2025.05.30	01:19:33.595		0.93518			4
2025.05.30	01:19:35.562	0.93495				2
2025.05.30	01:19:38.497		0.93517			4
2025.05.30	01:19:40.000		0.93518			4
2025.05.30	01:19:42.099		0.93517			4
2025.05.30	01:19:43.597		0.93518			4
2025.05.30	01:19:45.997		0.93517			4
2025.05.30	01:19:52.299		0.93518			4
2025.05.30	01:19:53.381	0.93496	0.93519			6
2025.05.30	01:20:00.329	0.93496	0.93518			6
2025.05.30	01:20:02.935	0.93498	0.93517			6
2025.05.30	01:20:03.239	0.93497	0.93519			6
2025.05.30	01:20:03.798	0.93499	0.93520			6
2025.05.30	01:20:05.197	0.93498	0.93519			6
2025.05.30	01:20:06.395		0.93520			4
2025.05.30	01:20:06.854	0.93497	0.93519			6
2025.05.30	01:20:09.399	0.93498				2
2025.05.30	01:20:12.696	0.93497				2
2025.05.30	01:20:18.998	0.93495	0.93513			6
2025.05.30	01:20:19.892		0.93514			4
2025.05.30	01:20:21.771		0.93511			4
2025.05.30	01:20:22.163		0.93512			4
2025.05.30	01:20:30.154		0.93511			4
2025.05.30	01:20:34.001	0.93497				2
2025.05.30	01:20:34.999	0.93494				2
2025.05.30	01:20:36.710		0.93514			4
2025.05.30	01:20:37.903		0.93515			4
2025.05.30	01:20:41.160	0.93495				2
2025.05.30	01:20:49.470	0.93497				2
2025.05.30	01:20:50.001		0.93516			4
2025.05.30	01:20:53.941		0.93517			4
2025.05.30	01:20:55.377		0.93516			4
2025.05.30	01:20:57.097		0.93517			4
2025.05.30	01:20:58.942		0.93515			4
2025.05.30	01:21:00.146	0.93497	0.93516			6
2025.05.30	01:21:02.907		0.93515			4
2025.05.30	01:21:03.717		0.93516			4
2025.05.30	01:21:20.349		0.93517			4
2025.05.30	01:21:41.307		0.93516			4
2025.05.30	01:21:43.312	0.93496				2
2025.05.30	01:21:48.098	0.93495				2
2025.05.30	01:21:49.904	0.93496				2
2025.05.30	01:22:01.231	0.93496				2
2025.05.30	01:22:07.936	0.93497				2
2025.05.30	01:22:13.160	0.93496	0.93514			6
2025.05.30	01:22:19.299		0.93513			4
2025.05.30	01:22:24.182	0.93500	0.93519			6
2025.05.30	01:22:24.536		0.93520			4
2025.05.30	01:22:25.549	0.93501	0.93521			6
2025.05.30	01:22:27.396		0.93520			4
2025.05.30	01:22:27.943		0.93521			4
2025.05.30	01:22:28.351	0.93500	0.93519			6
2025.05.30	01:22:28.713	0.93501	0.93521			6
2025.05.30	01:22:29.014	0.93502				2
2025.05.30	01:22:30.395	0.93501				2
2025.05.30	01:22:31.589	0.93502				2
2025.05.30	01:22:32.151	0.93501	0.93523			6
2025.05.30	01:22:32.498		0.93522			4
2025.05.30	01:22:34.298		0.93521			4
2025.05.30	01:22:42.841	0.93503	0.93523			6
2025.05.30	01:22:43.156	0.93502				2
2025.05.30	01:22:44.661	0.93498	0.93517			6
2025.05.30	01:22:44.997		0.93518			4
2025.05.30	01:22:46.351	0.93499				2
2025.05.30	01:22:46.756	0.93498	0.93517			6
2025.05.30	01:22:47.416		0.93516			4
2025.05.30	01:22:50.470		0.93515			4
2025.05.30	01:22:58.749	0.93496				2
2025.05.30	01:22:59.174	0.93498				2
2025.05.30	01:22:59.773		0.93516			4
2025.05.30	01:23:00.102	0.93498				2
2025.05.30	01:23:01.033		0.93515			4
2025.05.30	01:23:01.362	0.93497	0.93516			6
2025.05.30	01:23:01.940	0.93498				2
2025.05.30	01:23:02.436	0.93497				2
2025.05.30	01:23:03.096	0.93496				2
2025.05.30	01:23:10.493	0.93498	0.93517			6
2025.05.30	01:23:10.909		0.93518			4
2025.05.30	01:23:11.497		0.93519			4
2025.05.30	01:23:13.186		0.93518			4
2025.05.30	01:23:13.597		0.93519			4
2025.05.30	01:23:15.220	0.93499	0.93518			6
2025.05.30	01:23:17.086	0.93498				2
2025.05.30	01:23:18.124		0.93516			4
2025.05.30	01:23:29.422	0.93497				2
2025.05.30	01:23:29.944		0.93518			4
2025.05.30	01:23:30.345		0.93517			4
2025.05.30	01:23:34.286		0.93518			4
2025.05.30	01:23:34.701		0.93517			4
2025.05.30	01:23:36.354		0.93518			4
2025.05.30	01:23:40.312	0.93498	0.93520			6
2025.05.30	01:23:40.896	0.93497				2
2025.05.30	01:23:41.416	0.93498	0.93519			6
2025.05.30	01:23:41.723		0.93518			4
2025.05.30	01:23:42.096		0.93517			4
2025.05.30	01:23:42.645	0.93497	0.93516			6
2025.05.30	01:23:45.252	0.93504	0.93526			6
2025.05.30	01:23:45.576	0.93503	0.93524			6
2025.05.30	01:23:48.099	0.93504				2
2025.05.30	01:23:52.046	0.93503				2
2025.05.30	01:23:54.663	0.93502	0.93525			6
2025.05.30	01:23:58.842		0.93527			4
2025.05.30	01:23:59.355		0.93526			4
2025.05.30	01:24:00.352	0.93502				2
2025.05.30	01:24:07.014	0.93500	0.93523			6
2025.05.30	01:24:07.354	0.93501				2
2025.05.30	01:24:10.220	0.93500	0.93520			6
2025.05.30	01:24:14.936	0.93499	0.93518			6
2025.05.30	01:24:20.927	0.93498				2
2025.05.30	01:24:21.358	0.93499				2
2025.05.30	01:24:23.322	0.93498				2
2025.05.30	01:24:23.712	0.93499				2
2025.05.30	01:24:31.597	0.93498				2
2025.05.30	01:24:32.000	0.93499				2
2025.05.30	01:24:35.367	0.93501	0.93520			6
2025.05.30	01:24:37.537		0.93521			4
2025.05.30	01:24:39.343	0.93499	0.93516			6
2025.05.30	01:24:39.747	0.93498				2
2025.05.30	01:24:40.058		0.93518			4
2025.05.30	01:24:41.594	0.93497				2
2025.05.30	01:24:41.972	0.93498				2
2025.05.30	01:24:43.411	0.93499				2
2025.05.30	01:24:44.630	0.93498	0.93517			6
2025.05.30	01:24:45.352		0.93516			4
2025.05.30	01:24:47.117	0.93497	0.93517			6
2025.05.30	01:24:47.419	0.93496	0.93516			6
2025.05.30	01:24:47.797	0.93497	0.93512			6
2025.05.30	01:24:48.099		0.93513			4
2025.05.30	01:24:49.103	0.93495				2
2025.05.30	01:24:49.449	0.93497	0.93509			6
2025.05.30	01:24:49.752		0.93510			4
2025.05.30	01:24:50.056		0.93513			4
2025.05.30	01:24:50.357	0.93494	0.93510			6
2025.05.30	01:24:50.688	0.93497	0.93509			6
2025.05.30	01:24:51.072	0.93494				2
2025.05.30	01:24:51.519	0.93495	0.93510			6
2025.05.30	01:24:53.204	0.93497	0.93514			6
2025.05.30	01:24:54.456	0.93498				2
2025.05.30	01:24:54.759	0.93497				2
2025.05.30	01:24:56.998	0.93498				2
2025.05.30	01:24:57.330	0.93497				2
2025.05.30	01:24:57.858		0.93515			4
2025.05.30	01:24:58.749		0.93513			4
2025.05.30	01:25:00.456	0.93497	0.93515			6
2025.05.30	01:25:00.810	0.93498	0.93517			6
2025.05.30	01:25:01.760		0.93516			4
2025.05.30	01:25:02.877	0.93499	0.93519			6
2025.05.30	01:25:03.185	0.93498	0.93516			6
2025.05.30	01:25:05.068	0.93500	0.93518			6
2025.05.30	01:25:06.195		0.93519			4
2025.05.30	01:25:07.644	0.93501				2
2025.05.30	01:25:08.686	0.93502				2
2025.05.30	01:25:09.249	0.93501				2
2025.05.30	01:25:10.973	0.93504	0.93522			6
2025.05.30	01:25:11.292	0.93505				2
2025.05.30	01:25:12.096	0.93504	0.93523			6
2025.05.30	01:25:13.253		0.93522			4
2025.05.30	01:25:13.574		0.93521			4
2025.05.30	01:25:14.697	0.93506	0.93522			6
2025.05.30	01:25:15.001	0.93504				2
2025.05.30	01:25:16.039	0.93505				2
2025.05.30	01:25:17.518	0.93497	0.93514			6
2025.05.30	01:25:18.353		0.93515			4
2025.05.30	01:25:18.658	0.93498				2
2025.05.30	01:25:19.011	0.93497	0.93516			6
2025.05.30	01:25:19.544	0.93496	0.93515			6
2025.05.30	01:25:19.868	0.93495	0.93514			6
2025.05.30	01:25:20.323	0.93503	0.93520			6
2025.05.30	01:25:20.984	0.93502				2
2025.05.30	01:25:21.664	0.93504	0.93522			6
2025.05.30	01:25:21.984	0.93501	0.93520			6
2025.05.30	01:25:22.355	0.93502				2
2025.05.30	01:25:22.658	0.93504	0.93521			6
2025.05.30	01:25:22.962	0.93503	0.93520			6
2025.05.30	01:25:23.263	0.93500				2
2025.05.30	01:25:23.724	0.93503	0.93522			6
2025.05.30	01:25:28.115	0.93501				2
2025.05.30	01:25:30.396	0.93502				2
2025.05.30	01:25:30.938	0.93500	0.93521			6
2025.05.30	01:25:31.295	0.93501	0.93522			6
2025.05.30	01:25:32.364		0.93520			4
2025.05.30	01:25:33.583	0.93500				2
2025.05.30	01:25:34.857	0.93501	0.93519			6
2025.05.30	01:25:35.196		0.93518			4
2025.05.30	01:25:35.498		0.93519			4
2025.05.30	01:25:36.698	0.93502				2
2025.05.30	01:25:41.448		0.93520			4
2025.05.30	01:25:42.737	0.93499	0.93515			6
2025.05.30	01:25:45.396	0.93497	0.93512			6
2025.05.30	01:25:45.892	0.93498				2
2025.05.30	01:25:46.231		0.93517			4
2025.05.30	01:25:46.531	0.93500				2
2025.05.30	01:25:47.486		0.93516			4
2025.05.30	01:25:48.490		0.93520			4
2025.05.30	01:25:48.810	0.93501				2
2025.05.30	01:25:49.919	0.93500				2
2025.05.30	01:25:51.043		0.93521			4
2025.05.30	01:25:52.008	0.93501				2
2025.05.30	01:25:52.364		0.93520			4
2025.05.30	01:25:52.678	0.93500	0.93519			6
2025.05.30	01:25:54.359	0.93501	0.93517			6
2025.05.30	01:25:54.715	0.93500				2
2025.05.30	01:25:55.462	0.93499				2
2025.05.30	01:25:55.804	0.93507	0.93525			6
2025.05.30	01:25:56.106	0.93508	0.93526			6
2025.05.30	01:25:56.796		0.93527			4
2025.05.30	01:26:00.099	0.93508				2
2025.05.30	01:26:00.405		0.93528			4
2025.05.30	01:26:01.297		0.93527			4
2025.05.30	01:26:02.575	0.93507	0.93525			6
2025.05.30	01:26:02.947	0.93508	0.93527			6
2025.05.30	01:26:03.615	0.93506	0.93525			6
2025.05.30	01:26:03.993		0.93524			4
2025.05.30	01:26:04.597	0.93507	0.93527			6
2025.05.30	01:26:04.958	0.93505	0.93523			6
2025.05.30	01:26:06.277	0.93503	0.93522			6
2025.05.30	01:26:06.693	0.93504				2
2025.05.30	01:26:08.352		0.93524			4
2025.05.30	01:26:09.906		0.93523			4
2025.05.30	01:26:11.200	0.93503				2
2025.05.30	01:26:11.501		0.93524			4
2025.05.30	01:26:13.478	0.93504	0.93523			6
2025.05.30	01:26:13.790		0.93525			4
2025.05.30	01:26:14.451	0.93503	0.93523			6
2025.05.30	01:26:15.099	0.93504				2
2025.05.30	01:26:15.539	0.93503				2
2025.05.30	01:26:16.299	0.93504				2
2025.05.30	01:26:16.671	0.93503				2
2025.05.30	01:26:17.197	0.93504				2
2025.05.30	01:26:17.627	0.93503				2
2025.05.30	01:26:18.377	0.93504	0.93524			6
2025.05.30	01:26:18.721	0.93503				2
2025.05.30	01:26:19.296	0.93504				2
2025.05.30	01:26:19.717	0.93503				2
2025.05.30	01:26:20.378	0.93505				2
2025.05.30	01:26:21.041	0.93504	0.93525			6
2025.05.30	01:26:21.401		0.93523			4
2025.05.30	01:26:21.757		0.93525			4
2025.05.30	01:26:23.201	0.93503	0.93520			6
2025.05.30	01:26:25.242	0.93504	0.93524			6
2025.05.30	01:26:25.561		0.93522			4
2025.05.30	01:26:26.558	0.93503				2
2025.05.30	01:26:27.101	0.93504				2
2025.05.30	01:26:27.528	0.93503	0.93524			6
2025.05.30	01:26:28.309	0.93501	0.93520			6
2025.05.30	01:26:30.361	0.93500				2
2025.05.30	01:26:31.265	0.93501				2
2025.05.30	01:26:32.102	0.93502	0.93522			6
2025.05.30	01:26:33.170		0.93520			4
2025.05.30	01:26:33.487	0.93503				2
2025.05.30	01:26:34.902	0.93502				2
2025.05.30	01:26:35.377	0.93503				2
2025.05.30	01:26:39.243	0.93505	0.93525			6
2025.05.30	01:26:39.945	0.93506	0.93526			6
2025.05.30	01:26:40.294		0.93524			4
2025.05.30	01:26:43.296	0.93505				2
2025.05.30	01:26:44.675	0.93506				2
2025.05.30	01:26:45.642	0.93505	0.93525			6
2025.05.30	01:26:46.704	0.93504	0.93523			6
2025.05.30	01:26:48.234	0.93505	0.93524			6
2025.05.30	01:27:00.097	0.93505				2
2025.05.30	01:27:00.441	0.93506	0.93525			6
2025.05.30	01:27:01.145	0.93503	0.93518			6
2025.05.30	01:27:01.693		0.93522			4
2025.05.30	01:27:02.795	0.93502				2
2025.05.30	01:27:03.951	0.93503				2
2025.05.30	01:27:04.836	0.93504				2
2025.05.30	01:27:05.178	0.93502				2
2025.05.30	01:27:05.569	0.93503				2
2025.05.30	01:27:06.179	0.93502	0.93518			6
2025.05.30	01:27:06.785	0.93503	0.93522			6
2025.05.30	01:27:07.221	0.93502	0.93518			6
2025.05.30	01:27:08.364		0.93522			4
2025.05.30	01:27:09.032		0.93518			4
2025.05.30	01:27:09.421	0.93503	0.93522			6
2025.05.30	01:27:09.997	0.93501				2
2025.05.30	01:27:10.337	0.93502				2
2025.05.30	01:27:10.763	0.93501	0.93521			6
2025.05.30	01:27:11.068		0.93519			4
2025.05.30	01:27:11.385	0.93502	0.93521			6
2025.05.30	01:27:14.663	0.93503				2
2025.05.30	01:27:15.400	0.93502				2
2025.05.30	01:27:15.820	0.93503				2
2025.05.30	01:27:17.072		0.93525			4
2025.05.30	01:27:17.384	0.93506	0.93526			6
2025.05.30	01:27:17.734	0.93507				2
2025.05.30	01:27:18.354	0.93506				2
2025.05.30	01:27:18.671	0.93507				2
2025.05.30	01:27:19.524	0.93503	0.93523			6
2025.05.30	01:27:19.858	0.93504	0.93524			6
2025.05.30	01:27:20.625		0.93526			4
2025.05.30	01:27:21.397	0.93505				2
2025.05.30	01:27:21.700	0.93504	0.93524			6
2025.05.30	01:27:22.664		0.93523			4
2025.05.30	01:27:22.968		0.93525			4
2025.05.30	01:27:23.631	0.93503				2
2025.05.30	01:27:24.415	0.93504				2
2025.05.30	01:27:24.995		0.93524			4
2025.05.30	01:27:26.801	0.93505				2
2025.05.30	01:27:27.516	0.93504				2
2025.05.30	01:27:28.113	0.93505				2
2025.05.30	01:27:28.549	0.93504				2
2025.05.30	01:27:29.148	0.93505				2
2025.05.30	01:27:31.656	0.93504				2
2025.05.30	01:27:35.799	0.93503				2
2025.05.30	01:27:36.437	0.93504				2
2025.05.30	01:27:38.854	0.93503	0.93521			6
2025.05.30	01:27:39.210	0.93501				2
2025.05.30	01:27:40.091	0.93502				2
2025.05.30	01:27:40.548	0.93501				2
2025.05.30	01:27:41.657	0.93502				2
2025.05.30	01:27:42.559	0.93501				2
2025.05.30	01:27:42.997	0.93502				2
2025.05.30	01:27:44.677	0.93501				2
2025.05.30	01:27:45.772	0.93502				2
2025.05.30	01:27:46.680	0.93501				2
2025.05.30	01:27:48.248	0.93502	0.93518			6
2025.05.30	01:27:48.555		0.93521			4
2025.05.30	01:27:48.950	0.93501	0.93522			6
2025.05.30	01:27:49.265		0.93524			4
2025.05.30	01:27:49.899	0.93502				2
2025.05.30	01:27:50.921		0.93521			4
2025.05.30	01:27:51.314		0.93523			4
2025.05.30	01:27:54.283	0.93507	0.93526			6
2025.05.30	01:27:55.310		0.93529			4
2025.05.30	01:27:56.307		0.93526			4
2025.05.30	01:27:57.419	0.93508				2
2025.05.30	01:27:57.870	0.93505	0.93524			6
2025.05.30	01:27:59.725	0.93504				2
2025.05.30	01:28:00.362	0.93503	0.93523			6
2025.05.30	01:28:00.682	0.93504				2
2025.05.30	01:28:01.396	0.93500	0.93521			6
2025.05.30	01:28:03.466	0.93501				2
2025.05.30	01:28:03.905		0.93520			4
2025.05.30	01:28:04.283	0.93500				2
2025.05.30	01:28:05.914		0.93519			4
2025.05.30	01:28:06.362	0.93501				2
2025.05.30	01:28:06.828	0.93500	0.93520			6
2025.05.30	01:28:07.210		0.93522			4
2025.05.30	01:28:07.597	0.93501	0.93520			6
2025.05.30	01:28:08.280		0.93518			4
2025.05.30	01:28:21.259	0.93500				2
2025.05.30	01:28:22.229		0.93516			4
2025.05.30	01:28:22.531	0.93501	0.93520			6
2025.05.30	01:28:23.425	0.93500	0.93517			6
2025.05.30	01:28:24.727	0.93499	0.93518			6
2025.05.30	01:28:25.030		0.93517			4
2025.05.30	01:28:25.497		0.93518			4
2025.05.30	01:28:25.798		0.93516			4
2025.05.30	01:28:30.943		0.93518			4
2025.05.30	01:28:34.119		0.93517			4
2025.05.30	01:28:36.696	0.93502	0.93519			6
2025.05.30	01:28:37.025		0.93521			4
2025.05.30	01:28:38.356		0.93522			4
2025.05.30	01:28:39.324	0.93501				2
2025.05.30	01:28:41.537		0.93523			4
2025.05.30	01:28:43.085	0.93497	0.93518			6
2025.05.30	01:28:43.596	0.93498	0.93519			6
2025.05.30	01:28:45.023		0.93520			4
2025.05.30	01:28:46.359	0.93497	0.93519			6
2025.05.30	01:28:46.780		0.93517			4
2025.05.30	01:28:47.379	0.93496	0.93516			6
2025.05.30	01:28:47.871	0.93497	0.93517			6
2025.05.30	01:28:50.852		0.93516			4
2025.05.30	01:29:00.011	0.93497				2
2025.05.30	01:29:02.536	0.93498	0.93519			6
2025.05.30	01:29:02.840		0.93517			4
2025.05.30	01:29:08.454		0.93522			4
2025.05.30	01:29:09.435		0.93516			4
2025.05.30	01:29:09.793	0.93497				2
2025.05.30	01:29:10.376	0.93498				2
2025.05.30	01:29:10.889	0.93499	0.93520			6
2025.05.30	01:29:12.050	0.93498	0.93515			6
2025.05.30	01:29:18.328		0.93517			4
2025.05.30	01:29:21.831		0.93515			4
2025.05.30	01:29:22.609	0.93499				2
2025.05.30	01:29:23.449	0.93498				2
2025.05.30	01:29:24.396	0.93499				2
2025.05.30	01:29:25.130	0.93498				2
2025.05.30	01:29:30.202		0.93518			4
2025.05.30	01:29:36.398		0.93515			4
2025.05.30	01:29:43.338		0.93514			4
2025.05.30	01:29:46.409		0.93515			4
2025.05.30	01:29:48.079		0.93518			4
2025.05.30	01:29:49.159		0.93517			4
2025.05.30	01:29:49.596	0.93497				2
2025.05.30	01:29:52.897	0.93498				2
2025.05.30	01:29:55.897	0.93497				2
2025.05.30	01:29:59.501	0.93498				2
2025.05.30	01:30:00.540	0.93499				2
2025.05.30	01:30:02.229	0.93503	0.93510			6
2025.05.30	01:30:04.662	0.93499	0.93519			6
2025.05.30	01:30:04.980	0.93498	0.93518			6
2025.05.30	01:30:05.384		0.93517			4
2025.05.30	01:30:09.724	0.93499	0.93518			6
2025.05.30	01:30:10.538	0.93501				2
2025.05.30	01:30:13.296	0.93499	0.93517			6
2025.05.30	01:30:13.814	0.93501	0.93519			6
2025.05.30	01:30:14.205	0.93499				2
2025.05.30	01:30:14.780	0.93501	0.93517			6
2025.05.30	01:30:15.885		0.93519			4
2025.05.30	01:30:26.632	0.93502				2
2025.05.30	01:30:27.097	0.93503				2
2025.05.30	01:30:31.721	0.93502	0.93518			6
2025.05.30	01:30:33.684		0.93517			4
2025.05.30	01:30:36.699	0.93505	0.93520			6
2025.05.30	01:30:37.796		0.93517			4
2025.05.30	01:30:38.960	0.93504	0.93516			6
2025.05.30	01:30:41.462	0.93500	0.93518			6
2025.05.30	01:30:42.209	0.93504				2
2025.05.30	01:30:45.150		0.93516			4
2025.05.30	01:30:45.547	0.93501	0.93521			6
2025.05.30	01:30:46.582	0.93502	0.93522			6
2025.05.30	01:30:47.618	0.93505	0.93521			6
2025.05.30	01:30:48.494	0.93501				2
2025.05.30	01:30:49.514	0.93505				2
2025.05.30	01:30:53.891	0.93503	0.93522			6
2025.05.30	01:30:54.306	0.93505				2
2025.05.30	01:30:56.797	0.93502	0.93521			6
2025.05.30	01:30:57.100	0.93504	0.93525			6
2025.05.30	01:30:59.236	0.93506				2
2025.05.30	01:31:00.781	0.93506				2
2025.05.30	01:31:04.596	0.93504	0.93524			6
2025.05.30	01:31:04.899	0.93503	0.93522			6
2025.05.30	01:31:05.519	0.93502	0.93521			6
2025.05.30	01:31:06.697		0.93522			4
2025.05.30	01:31:07.215	0.93501	0.93521			6
2025.05.30	01:31:08.924	0.93502				2
2025.05.30	01:31:10.650	0.93501				2
2025.05.30	01:31:12.105	0.93506	0.93523			6
2025.05.30	01:31:12.715		0.93525			4
2025.05.30	01:31:13.638		0.93523			4
2025.05.30	01:31:14.817	0.93504	0.93524			6
2025.05.30	01:31:15.210	0.93503				2
2025.05.30	01:31:16.210		0.93522			4
2025.05.30	01:31:17.529	0.93505				2
2025.05.30	01:31:18.227	0.93503				2
2025.05.30	01:31:19.243	0.93506				2
2025.05.30	01:31:20.168		0.93520			4
2025.05.30	01:31:22.263		0.93522			4
2025.05.30	01:31:26.066	0.93504				2
2025.05.30	01:31:27.107	0.93505	0.93523			6
2025.05.30	01:31:27.450		0.93524			4
2025.05.30	01:31:33.939		0.93523			4
2025.05.30	01:31:38.588	0.93506	0.93524			6
2025.05.30	01:31:40.185		0.93522			4
2025.05.30	01:31:42.696	0.93501	0.93520			6
2025.05.30	01:31:43.000		0.93515			4
2025.05.30	01:31:43.986	0.93498	0.93516			6
2025.05.30	01:31:44.799	0.93499				2
2025.05.30	01:31:45.251	0.93501	0.93515			6
2025.05.30	01:31:47.261		0.93516			4
2025.05.30	01:31:48.104		0.93515			4
2025.05.30	01:31:55.258	0.93500	0.93518			6
2025.05.30	01:31:56.002	0.93499				2
2025.05.30	01:31:56.636		0.93516			4
2025.05.30	01:31:57.351	0.93498				2
2025.05.30	01:32:00.445	0.93498				2
2025.05.30	01:32:24.087	0.93501	0.93520			6
2025.05.30	01:32:24.870	0.93500	0.93516			6
2025.05.30	01:32:25.230		0.93520			4
2025.05.30	01:32:25.897	0.93501				2
2025.05.30	01:32:26.307	0.93504	0.93518			6
2025.05.30	01:32:27.842	0.93502	0.93520			6
2025.05.30	01:32:28.153	0.93506				2
2025.05.30	01:32:28.486		0.93518			4
2025.05.30	01:32:30.634	0.93505	0.93517			6
2025.05.30	01:32:31.360	0.93502	0.93518			6
2025.05.30	01:32:31.689	0.93503	0.93521			6
2025.05.30	01:32:32.354	0.93501	0.93520			6
2025.05.30	01:32:33.267	0.93499	0.93516			6
2025.05.30	01:32:36.425	0.93500	0.93518			6
2025.05.30	01:32:37.091	0.93498				2
2025.05.30	01:32:38.804	0.93499	0.93519			6
2025.05.30	01:32:40.188	0.93503	0.93520			6
2025.05.30	01:32:40.499		0.93519			4
2025.05.30	01:32:45.578		0.93520			4
2025.05.30	01:32:51.149		0.93518			4
2025.05.30	01:32:52.599		0.93519			4
2025.05.30	01:32:52.955	0.93502				2
2025.05.30	01:32:53.447	0.93499	0.93517			6
2025.05.30	01:32:54.285	0.93502	0.93518			6
2025.05.30	01:32:59.697	0.93501	0.93521			6
2025.05.30	01:33:00.358	0.93506	0.93520			6
2025.05.30	01:33:01.318	0.93503				2
2025.05.30	01:33:01.838		0.93522			4
2025.05.30	01:33:03.098	0.93502				2
2025.05.30	01:33:06.634	0.93503				2
2025.05.30	01:33:19.052		0.93523			4
2025.05.30	01:33:21.858	0.93501	0.93522			6
2025.05.30	01:33:23.195		0.93521			4
2025.05.30	01:33:24.564	0.93500	0.93520			6
2025.05.30	01:33:24.993	0.93501	0.93521			6
2025.05.30	01:33:26.798	0.93500	0.93520			6
2025.05.30	01:33:28.124	0.93501	0.93521			6
2025.05.30	01:33:28.506		0.93520			4
2025.05.30	01:33:29.020		0.93521			4
2025.05.30	01:33:30.096	0.93502	0.93522			6
2025.05.30	01:33:31.624	0.93501	0.93521			6
2025.05.30	01:33:37.886	0.93505	0.93520			6
2025.05.30	01:33:53.670	0.93502	0.93522			6
2025.05.30	01:33:55.619	0.93501	0.93521			6
2025.05.30	01:33:56.327	0.93502	0.93520			6
2025.05.30	01:33:56.679		0.93522			4
2025.05.30	01:33:58.278		0.93523			4
2025.05.30	01:34:00.349	0.93503	0.93522			6
2025.05.30	01:34:00.799	0.93502	0.93523			6
2025.05.30	01:34:01.185		0.93522			4
2025.05.30	01:34:01.814	0.93501	0.93521			6
2025.05.30	01:34:02.938	0.93502				2
2025.05.30	01:34:04.680		0.93519			4
2025.05.30	01:34:05.504	0.93503				2
2025.05.30	01:34:11.103	0.93507	0.93522			6
2025.05.30	01:34:12.910	0.93506				2
2025.05.30	01:34:14.022	0.93510	0.93524			6
2025.05.30	01:34:17.515	0.93509				2
2025.05.30	01:34:18.475	0.93510				2
2025.05.30	01:34:20.489		0.93525			4
2025.05.30	01:34:24.243	0.93506	0.93521			6
2025.05.30	01:34:25.278		0.93522			4
2025.05.30	01:34:26.338	0.93502	0.93521			6
2025.05.30	01:34:33.969	0.93506				2
2025.05.30	01:34:35.005		0.93522			4
2025.05.30	01:34:38.197	0.93509	0.93524			6
2025.05.30	01:34:38.498		0.93527			4
2025.05.30	01:34:39.065	0.93510				2
2025.05.30	01:34:39.532		0.93526			4
2025.05.30	01:34:47.530		0.93525			4
2025.05.30	01:34:48.372	0.93505	0.93524			6
2025.05.30	01:34:55.305	0.93506	0.93522			6
2025.05.30	01:34:56.498	0.93507				2
2025.05.30	01:34:56.801	0.93510	0.93525			6
2025.05.30	01:34:57.113		0.93526			4
2025.05.30	01:35:01.155	0.93510				2
2025.05.30	01:35:01.698	0.93512				2
2025.05.30	01:35:03.147	0.93506	0.93525			6
2025.05.30	01:35:03.698	0.93505	0.93524			6
2025.05.30	01:35:04.067	0.93504				2
2025.05.30	01:35:05.619	0.93503				2
2025.05.30	01:35:06.539	0.93505				2
2025.05.30	01:35:07.664		0.93525			4
2025.05.30	01:35:08.855		0.93524			4
2025.05.30	01:35:11.708		0.93525			4
2025.05.30	01:35:12.488	0.93507	0.93526			6
2025.05.30	01:35:13.194	0.93506				2
2025.05.30	01:35:14.562		0.93524			4
2025.05.30	01:35:15.097	0.93507				2
2025.05.30	01:35:15.403	0.93508	0.93527			6
2025.05.30	01:35:15.725	0.93507	0.93528			6
2025.05.30	01:35:16.502	0.93504	0.93524			6
2025.05.30	01:35:17.222	0.93508				2
2025.05.30	01:35:17.577	0.93506	0.93525			6
2025.05.30	01:35:18.559	0.93508				2
2025.05.30	01:35:21.415	0.93506	0.93526			6
2025.05.30	01:35:22.177	0.93509				2
2025.05.30	01:35:23.305	0.93504	0.93523			6
2025.05.30	01:35:24.437	0.93503				2
2025.05.30	01:35:25.440	0.93505				2
2025.05.30	01:35:26.541	0.93507	0.93525			6
2025.05.30	01:35:27.767		0.93526			4
2025.05.30	01:35:28.672	0.93508	0.93527			6
2025.05.30	01:35:31.595	0.93505	0.93525			6
2025.05.30	01:35:32.999		0.93521			4
2025.05.30	01:35:37.944		0.93523			4
2025.05.30	01:35:40.358	0.93504	0.93524			6
2025.05.30	01:35:42.895		0.93523			4
2025.05.30	01:35:43.299	0.93503	0.93522			6
2025.05.30	01:35:48.097		0.93523			4
2025.05.30	01:35:57.397	0.93506	0.93526			6
2025.05.30	01:35:59.196	0.93505				2
2025.05.30	01:35:59.500	0.93502	0.93522			6
2025.05.30	01:36:00.108	0.93502				2
2025.05.30	01:36:02.277	0.93503	0.93523			6
2025.05.30	01:36:02.596		0.93524			4
2025.05.30	01:36:03.395		0.93523			4
2025.05.30	01:36:04.896		0.93524			4
2025.05.30	01:36:06.464		0.93523			4
2025.05.30	01:36:07.819		0.93524			4
2025.05.30	01:36:10.598		0.93525			4
2025.05.30	01:36:10.992		0.93524			4
2025.05.30	01:36:17.198		0.93523			4
2025.05.30	01:36:18.700		0.93524			4
2025.05.30	01:36:20.498		0.93523			4
2025.05.30	01:36:21.999		0.93524			4
2025.05.30	01:36:24.786	0.93502	0.93521			6
2025.05.30	01:36:26.499	0.93505	0.93526			6
2025.05.30	01:36:27.003	0.93504	0.93525			6
2025.05.30	01:36:33.700	0.93505				2
2025.05.30	01:36:34.898	0.93508				2
2025.05.30	01:36:35.220	0.93510	0.93528			6
2025.05.30	01:36:42.059	0.93509				2
2025.05.30	01:36:42.509	0.93510				2
2025.05.30	01:36:42.845	0.93509	0.93530			6
2025.05.30	01:36:45.400	0.93510				2
2025.05.30	01:36:46.598	0.93509				2
2025.05.30	01:36:47.199	0.93510				2
2025.05.30	01:36:48.353	0.93509				2
2025.05.30	01:36:49.301	0.93510				2
2025.05.30	01:36:50.561	0.93509				2
2025.05.30	01:36:52.734		0.93529			4
2025.05.30	01:36:54.586		0.93525			4
2025.05.30	01:36:55.216	0.93508				2
2025.05.30	01:36:56.351	0.93513	0.93529			6
2025.05.30	01:37:00.815	0.93509	0.93527			6
2025.05.30	01:37:01.953	0.93512				2
2025.05.30	01:37:02.352		0.93529			4
2025.05.30	01:37:03.096	0.93509				2
2025.05.30	01:37:03.496	0.93508	0.93526			6
2025.05.30	01:37:04.327	0.93513				2
2025.05.30	01:37:04.888		0.93529			4
2025.05.30	01:37:15.127	0.93516	0.93527			6
2025.05.30	01:37:23.816		0.93528			4
2025.05.30	01:37:24.145	0.93512				2
2025.05.30	01:37:24.819	0.93515				2
2025.05.30	01:37:25.134	0.93511				2
2025.05.30	01:37:25.802	0.93513	0.93527			6
2025.05.30	01:37:26.133	0.93510	0.93529			6
2025.05.30	01:37:27.314	0.93512	0.93528			6
2025.05.30	01:37:28.022		0.93527			4
2025.05.30	01:37:31.320	0.93513				2
2025.05.30	01:37:32.896		0.93528			4
2025.05.30	01:37:33.597		0.93529			4
2025.05.30	01:37:34.642		0.93528			4
2025.05.30	01:37:35.315		0.93529			4
2025.05.30	01:37:35.622		0.93528			4
2025.05.30	01:37:40.906	0.93511	0.93530			6
2025.05.30	01:37:42.126	0.93513	0.93529			6
2025.05.30	01:37:43.420	0.93514	0.93531			6
2025.05.30	01:37:43.947		0.93530			4
2025.05.30	01:37:44.827	0.93507	0.93527			6
2025.05.30	01:37:45.685		0.93526			4
2025.05.30	01:37:46.898	0.93506				2
2025.05.30	01:37:47.279	0.93508	0.93527			6
2025.05.30	01:37:47.960	0.93509	0.93528			6
2025.05.30	01:37:49.376	0.93513	0.93530			6
2025.05.30	01:37:50.826		0.93531			4
2025.05.30	01:37:54.350		0.93530			4
2025.05.30	01:37:54.676	0.93510				2
2025.05.30	01:37:55.773	0.93513	0.93529			6
2025.05.30	01:37:57.446		0.93528			4
2025.05.30	01:38:00.366	0.93513				2
2025.05.30	01:38:01.898		0.93529			4
2025.05.30	01:38:02.910		0.93528			4
2025.05.30	01:38:17.567		0.93529			4
2025.05.30	01:38:20.486		0.93528			4
2025.05.30	01:38:21.586	0.93511	0.93530			6
2025.05.30	01:38:22.625	0.93513	0.93529			6
2025.05.30	01:38:32.986	0.93509	0.93526			6
2025.05.30	01:38:33.302		0.93528			4
2025.05.30	01:38:34.299	0.93511	0.93529			6
2025.05.30	01:38:35.336		0.93530			4
2025.05.30	01:38:39.122	0.93508	0.93528			6
2025.05.30	01:38:40.121	0.93511	0.93529			6
2025.05.30	01:38:44.251		0.93530			4
2025.05.30	01:39:00.410	0.93511	0.93529			6
2025.05.30	01:39:02.536	0.93510	0.93530			6
2025.05.30	01:39:02.849	0.93513	0.93529			6
2025.05.30	01:39:03.165	0.93507	0.93527			6
2025.05.30	01:39:03.700	0.93508	0.93528			6
2025.05.30	01:39:04.369	0.93511	0.93529			6
2025.05.30	01:39:07.939		0.93528			4
2025.05.30	01:39:09.376	0.93512				2
2025.05.30	01:39:10.001		0.93529			4
2025.05.30	01:39:13.910	0.93514	0.93530			6
2025.05.30	01:39:14.264		0.93531			4
2025.05.30	01:39:15.073	0.93511	0.93530			6
2025.05.30	01:39:16.025	0.93515				2
2025.05.30	01:39:18.004		0.93532			4
2025.05.30	01:39:18.425		0.93531			4
2025.05.30	01:39:21.561		0.93532			4
2025.05.30	01:39:22.622	0.93511				2
2025.05.30	01:39:22.973		0.93531			4
2025.05.30	01:39:23.354		0.93530			4
2025.05.30	01:39:23.671	0.93514	0.93531			6
2025.05.30	01:39:24.660		0.93532			4
2025.05.30	01:39:26.496		0.93531			4
2025.05.30	01:39:33.462		0.93532			4
2025.05.30	01:39:33.996		0.93531			4
2025.05.30	01:39:35.544		0.93532			4
2025.05.30	01:39:36.051		0.93531			4
2025.05.30	01:39:36.593	0.93511	0.93532			6
2025.05.30	01:39:36.935	0.93514	0.93531			6
2025.05.30	01:39:37.474		0.93532			4
2025.05.30	01:39:38.891		0.93531			4
2025.05.30	01:39:47.147		0.93532			4
2025.05.30	01:39:47.471		0.93531			4
2025.05.30	01:39:49.326		0.93532			4
2025.05.30	01:39:50.763	0.93508	0.93528			6
2025.05.30	01:39:52.596		0.93527			4
2025.05.30	01:39:53.856	0.93513	0.93531			6
2025.05.30	01:39:55.343	0.93509	0.93528			6
2025.05.30	01:40:00.401	0.93509				2
2025.05.30	01:40:00.744	0.93516	0.93536			6
2025.05.30	01:40:01.123	0.93517				2
2025.05.30	01:40:01.438	0.93515	0.93535			6
2025.05.30	01:40:05.069	0.93517	0.93536			6
2025.05.30	01:40:07.223	0.93516				2
2025.05.30	01:40:07.775		0.93535			4
2025.05.30	01:40:09.700	0.93517	0.93536			6
2025.05.30	01:40:10.674	0.93516				2
2025.05.30	01:40:13.691	0.93517	0.93537			6
2025.05.30	01:40:17.329	0.93516	0.93536			6
2025.05.30	01:40:17.827		0.93535			4
2025.05.30	01:40:18.263	0.93513	0.93532			6
2025.05.30	01:40:18.578		0.93533			4
2025.05.30	01:40:19.444	0.93517				2
2025.05.30	01:40:19.866		0.93534			4
2025.05.30	01:40:20.251		0.93533			4
2025.05.30	01:40:23.755	0.93515				2
2025.05.30	01:40:24.067	0.93519	0.93535			6
2025.05.30	01:40:25.504	0.93517				2
2025.05.30	01:40:25.909		0.93537			4
2025.05.30	01:40:26.619	0.93519	0.93536			6
2025.05.30	01:40:28.631	0.93518	0.93537			6
2025.05.30	01:40:29.668	0.93517				2
2025.05.30	01:40:30.117	0.93516	0.93535			6
2025.05.30	01:40:30.432	0.93517	0.93537			6
2025.05.30	01:40:30.845	0.93519	0.93534			6
