<DATE>	<TIME>	<BID>	<ASK>	<LAST>	<VOLUME>	<FLAGS>
2025.08.07	00:03:30.633	0.93979	0.94071			6
2025.08.07	00:04:21.182	0.93979				2
2025.08.07	00:04:31.182		0.94071			4
2025.08.07	00:05:06.222	0.93979				2
2025.08.07	00:05:31.279		0.94071			4
2025.08.07	00:06:00.917	0.93979				2
2025.08.07	00:06:34.357		0.94071			4
2025.08.07	00:07:04.353	0.93979				2
2025.08.07	00:07:44.659		0.94071			4
2025.08.07	00:08:00.002	0.93979				2
2025.08.07	00:08:48.282		0.94071			4
2025.08.07	00:09:00.434	0.93979				2
2025.08.07	00:09:51.184		0.94071			4
2025.08.07	00:10:00.332	0.93979				2
2025.08.07	00:10:01.518	0.93969	0.94081			6
2025.08.07	00:10:11.611	0.93977	0.94051			6
2025.08.07	00:10:12.670	0.93909	0.94141			6
2025.08.07	00:10:12.973	0.93905	0.94142			6
2025.08.07	00:10:16.910	0.93904	0.94140			6
2025.08.07	00:10:22.663	0.93977	0.94051			6
2025.08.07	00:10:23.422	0.93904	0.94140			6
2025.08.07	00:10:28.272	0.93905				2
2025.08.07	00:10:34.333	0.93904	0.94138			6
2025.08.07	00:10:40.998	0.93905				2
2025.08.07	00:10:46.453	0.93904	0.94136			6
2025.08.07	00:10:50.695	0.93905				2
2025.08.07	00:10:56.752	0.93904	0.94134			6
2025.08.07	00:11:00.086	0.93904				2
2025.08.07	00:11:02.510	0.93905				2
2025.08.07	00:11:07.659	0.93904	0.94132			6
2025.08.07	00:11:12.205	0.93979	0.94071			6
2025.08.07	00:11:18.291	0.93904	0.94130			6
2025.08.07	00:11:19.528	0.93979	0.94071			6
2025.08.07	00:11:25.782	0.93905	0.94130			6
2025.08.07	00:11:26.699	0.93979	0.94071			6
2025.08.07	00:11:33.165	0.93905	0.94130			6
2025.08.07	00:11:34.119	0.93979	0.94071			6
2025.08.07	00:12:00.367	0.93979				2
2025.08.07	00:12:37.795		0.94071			4
2025.08.07	00:13:01.496	0.93979				2
2025.08.07	00:13:39.593		0.94071			4
2025.08.07	00:14:00.101	0.93979				2
2025.08.07	00:14:42.056		0.94071			4
2025.08.07	00:15:00.360	0.93979				2
2025.08.07	00:15:44.361		0.94071			4
2025.08.07	00:16:00.429	0.93979				2
2025.08.07	00:16:45.055		0.94071			4
2025.08.07	00:17:00.066	0.93979				2
2025.08.07	00:17:46.307		0.94071			4
2025.08.07	00:18:00.366	0.93979	0.94072			6
2025.08.07	00:19:00.773	0.93979	0.94072			6
2025.08.07	00:20:00.331	0.93979				2
2025.08.07	00:20:00.841		0.94072			4
2025.08.07	00:21:00.297	0.93979				2
2025.08.07	00:21:01.358		0.94072			4
2025.08.07	00:21:12.783		0.94068			4
2025.08.07	00:21:13.097		0.94072			4
2025.08.07	00:22:00.539	0.93979				2
2025.08.07	00:22:13.516		0.94072			4
2025.08.07	00:23:00.358	0.93979				2
2025.08.07	00:23:14.991		0.94072			4
2025.08.07	00:24:03.598	0.93979				2
2025.08.07	00:24:21.597		0.94072			4
2025.08.07	00:25:00.307	0.93979				2
2025.08.07	00:25:21.608		0.94072			4
2025.08.07	00:26:00.524	0.93979				2
2025.08.07	00:26:21.796		0.94072			4
2025.08.07	00:27:00.494	0.93979				2
2025.08.07	00:27:21.918		0.94072			4
2025.08.07	00:28:00.272	0.93979				2
2025.08.07	00:28:23.021		0.94072			4
2025.08.07	00:29:01.181	0.93979				2
2025.08.07	00:29:23.114		0.94072			4
2025.08.07	00:30:00.309	0.93979				2
2025.08.07	00:30:25.596		0.94072			4
2025.08.07	00:31:00.462	0.93979				2
2025.08.07	00:31:19.311	0.93969	0.94081			6
2025.08.07	00:31:38.392		0.94080			4
2025.08.07	00:31:47.694		0.94079			4
2025.08.07	00:31:58.343		0.94081			4
2025.08.07	00:31:58.844		0.94079			4
2025.08.07	00:32:00.578	0.93969				2
2025.08.07	00:32:01.585		0.94080			4
2025.08.07	00:32:05.563		0.94081			4
2025.08.07	00:32:11.930		0.94080			4
2025.08.07	00:32:13.581		0.94081			4
2025.08.07	00:32:15.722		0.94080			4
2025.08.07	00:32:17.690		0.94079			4
2025.08.07	00:32:26.066		0.94078			4
2025.08.07	00:32:27.071		0.94080			4
2025.08.07	00:32:29.390		0.94079			4
2025.08.07	00:32:40.790		0.94078			4
2025.08.07	00:32:48.330		0.94077			4
2025.08.07	00:32:48.826		0.94078			4
2025.08.07	00:32:50.465		0.94079			4
2025.08.07	00:32:51.261		0.94077			4
2025.08.07	00:32:58.690		0.94078			4
2025.08.07	00:32:59.630		0.94036			4
2025.08.07	00:33:00.403	0.93969				2
2025.08.07	00:33:06.024		0.94072			4
2025.08.07	00:33:28.881		0.94044			4
2025.08.07	00:33:34.226		0.94072			4
2025.08.07	00:33:55.449		0.94044			4
2025.08.07	00:34:00.966	0.93969	0.94072			6
2025.08.07	00:34:27.360		0.94044			4
2025.08.07	00:34:32.816		0.94072			4
2025.08.07	00:34:54.504		0.94044			4
2025.08.07	00:35:00.594	0.93969				2
2025.08.07	00:35:01.457		0.94072			4
2025.08.07	00:35:24.522		0.94044			4
2025.08.07	00:35:29.867		0.94072			4
2025.08.07	00:35:53.910		0.94044			4
2025.08.07	00:35:59.722		0.94072			4
2025.08.07	00:36:01.191	0.93969				2
2025.08.07	00:36:26.666		0.94044			4
2025.08.07	00:36:32.350		0.94072			4
2025.08.07	00:36:54.429		0.94044			4
2025.08.07	00:37:00.414	0.93969	0.94072			6
2025.08.07	00:37:22.512		0.94044			4
2025.08.07	00:37:28.299		0.94072			4
2025.08.07	00:37:49.630		0.94044			4
2025.08.07	00:37:56.173		0.94072			4
2025.08.07	00:38:00.389	0.93969				2
2025.08.07	00:38:20.471		0.94044			4
2025.08.07	00:38:20.780		0.94040			4
2025.08.07	00:38:26.184		0.94073			4
2025.08.07	00:38:49.842		0.94040			4
2025.08.07	00:38:55.659		0.94073			4
2025.08.07	00:39:00.579	0.93969				2
2025.08.07	00:39:22.649		0.94040			4
2025.08.07	00:39:29.531		0.94073			4
2025.08.07	00:39:53.527		0.94040			4
2025.08.07	00:39:58.456		0.94073			4
2025.08.07	00:40:02.094	0.93969				2
2025.08.07	00:40:23.337		0.94040			4
2025.08.07	00:40:29.944		0.94073			4
2025.08.07	00:40:53.337		0.94040			4
2025.08.07	00:40:58.775		0.94073			4
2025.08.07	00:41:00.368	0.93969				2
2025.08.07	00:41:25.323		0.94040			4
2025.08.07	00:41:30.516		0.94073			4
2025.08.07	00:41:51.731		0.94040			4
2025.08.07	00:41:57.383		0.94073			4
2025.08.07	00:42:00.359	0.93969				2
2025.08.07	00:42:19.761		0.94040			4
2025.08.07	00:42:24.860		0.94073			4
2025.08.07	00:42:40.846		0.94072			4
2025.08.07	00:42:44.210		0.94073			4
2025.08.07	00:42:45.912		0.94040			4
2025.08.07	00:42:52.695		0.94073			4
2025.08.07	00:42:59.214		0.94072			4
2025.08.07	00:43:01.181	0.93969				2
2025.08.07	00:43:03.596		0.94073			4
2025.08.07	00:43:11.096		0.94072			4
2025.08.07	00:43:15.119		0.94040			4
2025.08.07	00:43:21.786		0.94073			4
2025.08.07	00:43:40.910		0.94072			4
2025.08.07	00:43:44.219		0.94037			4
2025.08.07	00:43:50.358		0.94072			4
2025.08.07	00:43:56.675		0.94073			4
2025.08.07	00:44:01.928	0.93969				2
2025.08.07	00:44:10.941		0.94072			4
2025.08.07	00:44:14.652		0.94073			4
2025.08.07	00:44:16.425		0.94037			4
2025.08.07	00:44:22.842		0.94072			4
2025.08.07	00:44:43.382		0.94039			4
2025.08.07	00:44:49.502		0.94072			4
2025.08.07	00:45:00.292	0.93969				2
2025.08.07	00:45:03.192		0.94108			4
2025.08.07	00:45:03.824	0.93968	0.94109			6
2025.08.07	00:45:04.731	0.93967	0.94099			6
2025.08.07	00:45:06.856	0.93969	0.94073			6
2025.08.07	00:45:10.338	0.93987	0.94055			6
2025.08.07	00:45:13.081		0.94021			4
2025.08.07	00:45:16.929		0.94055			4
2025.08.07	00:45:19.793		0.94054			4
2025.08.07	00:45:26.572		0.94053			4
2025.08.07	00:45:35.314		0.94054			4
2025.08.07	00:45:38.853		0.94055			4
2025.08.07	00:45:40.105		0.94022			4
2025.08.07	00:45:46.661		0.94055			4
2025.08.07	00:45:50.313		0.94054			4
2025.08.07	00:46:00.282	0.93987				2
2025.08.07	00:46:07.673		0.94022			4
2025.08.07	00:46:14.073		0.94053			4
2025.08.07	00:46:20.027		0.94054			4
2025.08.07	00:46:21.578		0.94055			4
2025.08.07	00:46:41.559		0.94021			4
2025.08.07	00:46:46.935		0.94055			4
2025.08.07	00:46:57.579		0.94054			4
2025.08.07	00:47:00.388	0.93987				2
2025.08.07	00:47:03.167	0.93983	0.94066			6
2025.08.07	00:47:06.206	0.93984	0.94067			6
2025.08.07	00:47:06.506	0.93987	0.94054			6
2025.08.07	00:47:06.812		0.94055			4
2025.08.07	00:47:11.398		0.94023			4
2025.08.07	00:47:18.339		0.94055			4
2025.08.07	00:47:40.783		0.94023			4
2025.08.07	00:47:47.083		0.94055			4
2025.08.07	00:48:02.548	0.93987				2
2025.08.07	00:48:08.674		0.94023			4
2025.08.07	00:48:15.397		0.94055			4
2025.08.07	00:48:32.878	0.93991				2
2025.08.07	00:48:37.492	0.93992				2
2025.08.07	00:48:38.175		0.94030			4
2025.08.07	00:48:39.882	0.93987				2
2025.08.07	00:48:44.063		0.94055			4
2025.08.07	00:49:00.362	0.93987				2
2025.08.07	00:49:45.618		0.94055			4
2025.08.07	00:50:01.183	0.93987				2
2025.08.07	00:50:44.714		0.94061			4
2025.08.07	00:50:47.751		0.94062			4
2025.08.07	00:50:48.614		0.94059			4
2025.08.07	00:50:49.299		0.94060			4
2025.08.07	00:50:50.993		0.94059			4
2025.08.07	00:50:52.821		0.94060			4
2025.08.07	00:50:54.246		0.94059			4
2025.08.07	00:50:58.560		0.94062			4
2025.08.07	00:50:59.582		0.94061			4
2025.08.07	00:51:00.411	0.93987	0.94058			6
2025.08.07	00:51:01.582		0.94060			4
2025.08.07	00:51:02.219		0.94059			4
2025.08.07	00:51:10.486		0.94061			4
2025.08.07	00:51:12.562		0.94059			4
2025.08.07	00:51:18.685		0.94061			4
2025.08.07	00:51:20.092		0.94060			4
2025.08.07	00:51:22.235		0.94054			4
2025.08.07	00:51:22.582		0.94057			4
2025.08.07	00:51:23.059		0.94059			4
2025.08.07	00:51:23.580		0.94057			4
2025.08.07	00:51:26.812		0.94060			4
2025.08.07	00:51:27.519		0.94057			4
2025.08.07	00:51:28.590		0.94059			4
2025.08.07	00:51:30.394		0.94058			4
2025.08.07	00:51:31.940		0.94057			4
2025.08.07	00:51:32.586		0.94059			4
2025.08.07	00:51:32.893		0.94060			4
2025.08.07	00:51:34.581		0.94059			4
2025.08.07	00:51:38.628		0.94058			4
2025.08.07	00:51:39.003		0.94059			4
2025.08.07	00:51:39.323		0.94060			4
2025.08.07	00:51:40.506		0.94059			4
2025.08.07	00:51:40.925		0.94058			4
2025.08.07	00:51:43.400		0.94052			4
2025.08.07	00:51:44.353		0.94055			4
2025.08.07	00:51:45.423		0.94054			4
2025.08.07	00:51:50.356		0.94050			4
2025.08.07	00:51:53.396		0.94051			4
2025.08.07	00:51:53.708		0.94050			4
2025.08.07	00:51:54.243		0.94046			4
2025.08.07	00:51:54.753		0.94049			4
2025.08.07	00:51:55.057		0.94052			4
2025.08.07	00:51:58.353		0.94053			4
2025.08.07	00:51:59.582		0.94052			4
2025.08.07	00:52:00.422	0.93987	0.94053			6
2025.08.07	00:52:03.582		0.94052			4
2025.08.07	00:52:04.318		0.94053			4
2025.08.07	00:52:05.479		0.94052			4
2025.08.07	00:52:06.135		0.94050			4
2025.08.07	00:52:08.222		0.94055			4
2025.08.07	00:52:08.538		0.94049			4
2025.08.07	00:52:10.193		0.94050			4
2025.08.07	00:52:11.356		0.94049			4
2025.08.07	00:52:12.206		0.94050			4
2025.08.07	00:52:12.579		0.94051			4
2025.08.07	00:52:15.420		0.94050			4
2025.08.07	00:52:20.092		0.94049			4
2025.08.07	00:52:20.407		0.94050			4
2025.08.07	00:52:21.831		0.94047			4
2025.08.07	00:52:22.152		0.94049			4
2025.08.07	00:52:22.457		0.94048			4
2025.08.07	00:52:30.419		0.94049			4
2025.08.07	00:52:32.693		0.94048			4
2025.08.07	00:52:36.697		0.94049			4
2025.08.07	00:52:42.329		0.94048			4
2025.08.07	00:52:44.400		0.94047			4
2025.08.07	00:52:45.468		0.94048			4
2025.08.07	00:52:51.059		0.94050			4
2025.08.07	00:52:51.362		0.94048			4
2025.08.07	00:52:52.075		0.94049			4
2025.08.07	00:52:53.762		0.94048			4
2025.08.07	00:52:56.477		0.94047			4
2025.08.07	00:52:57.209		0.94046			4
2025.08.07	00:52:57.572		0.94047			4
2025.08.07	00:53:00.291	0.93987				2
2025.08.07	00:53:01.660		0.94045			4
2025.08.07	00:53:02.111		0.94046			4
2025.08.07	00:53:04.672		0.94047			4
2025.08.07	00:53:10.467		0.94046			4
2025.08.07	00:53:12.598		0.94047			4
2025.08.07	00:53:16.951		0.94041			4
2025.08.07	00:53:17.308		0.94044			4
2025.08.07	00:53:17.664		0.94043			4
2025.08.07	00:53:19.454		0.94045			4
2025.08.07	00:53:21.294		0.94044			4
2025.08.07	00:53:22.276		0.94037			4
2025.08.07	00:53:23.579		0.94038			4
2025.08.07	00:53:24.357		0.94045			4
2025.08.07	00:53:24.657		0.94041			4
2025.08.07	00:53:24.976		0.94040			4
2025.08.07	00:53:26.058		0.94044			4
2025.08.07	00:53:26.398		0.94045			4
2025.08.07	00:53:26.742		0.94048			4
2025.08.07	00:53:27.361		0.94045			4
2025.08.07	00:53:30.423		0.94044			4
2025.08.07	00:53:34.357		0.94045			4
2025.08.07	00:53:36.261		0.94051			4
2025.08.07	00:53:36.586		0.94044			4
2025.08.07	00:53:39.590		0.94045			4
2025.08.07	00:53:39.899		0.94044			4
2025.08.07	00:53:49.921		0.94047			4
2025.08.07	00:53:50.694		0.94046			4
2025.08.07	00:53:52.099		0.94045			4
2025.08.07	00:53:53.165		0.94046			4
2025.08.07	00:53:57.215		0.94045			4
2025.08.07	00:53:59.095		0.94044			4
2025.08.07	00:54:00.422	0.93987				2
2025.08.07	00:54:02.091		0.94047			4
2025.08.07	00:54:02.397		0.94045			4
2025.08.07	00:54:05.369		0.94047			4
2025.08.07	00:54:13.581		0.94046			4
2025.08.07	00:54:23.152		0.94047			4
2025.08.07	00:54:27.296		0.94046			4
2025.08.07	00:54:31.491		0.94047			4
2025.08.07	00:54:33.558		0.94046			4
2025.08.07	00:54:35.650		0.94045			4
2025.08.07	00:54:35.959		0.94044			4
2025.08.07	00:54:38.958		0.94043			4
2025.08.07	00:54:40.419		0.94044			4
2025.08.07	00:54:43.571		0.94050			4
2025.08.07	00:54:53.825		0.94046			4
2025.08.07	00:55:00.421	0.93987	0.94047			6
2025.08.07	00:55:03.989		0.94049			4
2025.08.07	00:55:04.318		0.94051			4
2025.08.07	00:55:05.406		0.94050			4
2025.08.07	00:55:11.058		0.94051			4
2025.08.07	00:55:11.434		0.94048			4
2025.08.07	00:55:16.205		0.94045			4
2025.08.07	00:55:20.996		0.94054			4
2025.08.07	00:55:23.207		0.94055			4
2025.08.07	00:55:28.712		0.94053			4
2025.08.07	00:55:29.088		0.94051			4
2025.08.07	00:55:29.956		0.94055			4
2025.08.07	00:55:31.055		0.94052			4
2025.08.07	00:55:33.236		0.94053			4
2025.08.07	00:55:36.274		0.94052			4
2025.08.07	00:55:36.578		0.94055			4
2025.08.07	00:55:37.075		0.94054			4
2025.08.07	00:55:37.377		0.94051			4
2025.08.07	00:55:38.580		0.94052			4
2025.08.07	00:55:38.970		0.94053			4
2025.08.07	00:55:39.317		0.94051			4
2025.08.07	00:55:39.643		0.94050			4
2025.08.07	00:55:40.031		0.94049			4
2025.08.07	00:55:40.377		0.94056			4
2025.08.07	00:55:40.738		0.94055			4
2025.08.07	00:55:41.421		0.94054			4
2025.08.07	00:55:42.043		0.94053			4
2025.08.07	00:55:43.054		0.94056			4
2025.08.07	00:55:45.889		0.94052			4
2025.08.07	00:55:46.196		0.94056			4
2025.08.07	00:55:48.817		0.94055			4
2025.08.07	00:55:49.382		0.94053			4
2025.08.07	00:55:49.827		0.94054			4
2025.08.07	00:55:50.580		0.94057			4
2025.08.07	00:55:51.310		0.94055			4
2025.08.07	00:55:52.413		0.94052			4
2025.08.07	00:55:52.815		0.94051			4
2025.08.07	00:55:53.195		0.94049			4
2025.08.07	00:55:56.280		0.94055			4
2025.08.07	00:55:57.724		0.94056			4
2025.08.07	00:55:58.927		0.94054			4
2025.08.07	00:55:59.255		0.94053			4
2025.08.07	00:55:59.587		0.94057			4
2025.08.07	00:56:00.457	0.93987				2
2025.08.07	00:56:01.741		0.94058			4
2025.08.07	00:56:04.512		0.94057			4
2025.08.07	00:56:04.840		0.94058			4
2025.08.07	00:56:05.511		0.94056			4
2025.08.07	00:56:05.818		0.94058			4
2025.08.07	00:56:06.279		0.94057			4
2025.08.07	00:56:06.598		0.94058			4
2025.08.07	00:56:07.639		0.94056			4
2025.08.07	00:56:07.941		0.94058			4
2025.08.07	00:56:08.613		0.94057			4
2025.08.07	00:56:09.632		0.94058			4
2025.08.07	00:56:14.007		0.94060			4
2025.08.07	00:56:14.354		0.94059			4
2025.08.07	00:56:15.363		0.94061			4
2025.08.07	00:56:15.682		0.94062			4
2025.08.07	00:56:16.048		0.94063			4
2025.08.07	00:56:16.421		0.94061			4
2025.08.07	00:56:17.867		0.94060			4
2025.08.07	00:56:18.872		0.94061			4
2025.08.07	00:56:19.474		0.94062			4
2025.08.07	00:56:19.868		0.94061			4
2025.08.07	00:56:22.897		0.94062			4
2025.08.07	00:56:25.676		0.94060			4
2025.08.07	00:56:25.978		0.94061			4
2025.08.07	00:56:26.357		0.94063			4
2025.08.07	00:56:31.582		0.94061			4
2025.08.07	00:56:32.618		0.94062			4
2025.08.07	00:56:38.048		0.94063			4
2025.08.07	00:56:39.073		0.94062			4
2025.08.07	00:56:39.422		0.94061			4
2025.08.07	00:56:40.424		0.94062			4
2025.08.07	00:56:41.031		0.94063			4
2025.08.07	00:57:00.115	0.93987				2
2025.08.07	00:57:42.521		0.94063			4
2025.08.07	00:58:00.801	0.93987				2
2025.08.07	00:58:34.157		0.94062			4
2025.08.07	00:58:35.195		0.94061			4
2025.08.07	00:58:39.576		0.94060			4
2025.08.07	00:58:41.660		0.94061			4
2025.08.07	00:58:54.766		0.94062			4
2025.08.07	00:59:00.188	0.93987	0.94059			6
2025.08.07	00:59:01.423		0.94057			4
2025.08.07	00:59:02.900		0.94058			4
2025.08.07	00:59:09.294		0.94059			4
2025.08.07	00:59:20.792		0.94060			4
2025.08.07	00:59:34.791		0.94061			4
2025.08.07	00:59:41.210	0.93980	0.94058			6
2025.08.07	00:59:56.094		0.94059			4
2025.08.07	01:00:00.292	0.93980				2
2025.08.07	01:00:00.599		0.94060			4
2025.08.07	01:00:01.538	0.93977	0.94064			6
2025.08.07	01:00:02.142		0.94061			4
2025.08.07	01:00:02.457		0.94054			4
2025.08.07	01:00:02.787		0.94067			4
2025.08.07	01:00:03.172		0.94066			4
2025.08.07	01:00:03.545	0.93924	0.94083			6
2025.08.07	01:00:04.182	0.93925	0.94082			6
2025.08.07	01:00:04.483	0.93920	0.94083			6
2025.08.07	01:00:04.786	0.93924				2
2025.08.07	01:00:05.392	0.93943	0.94076			6
2025.08.07	01:00:06.301	0.93920	0.94073			6
2025.08.07	01:00:06.604	0.93921	0.94076			6
2025.08.07	01:00:06.907	0.93935	0.94077			6
2025.08.07	01:00:07.212	0.93984	0.94047			6
2025.08.07	01:00:07.799	0.93987	0.94037			6
2025.08.07	01:00:08.162		0.94042			4
2025.08.07	01:00:09.189	0.93988				2
2025.08.07	01:00:09.674	0.93984				2
2025.08.07	01:00:10.326	0.93987	0.94046			6
2025.08.07	01:00:15.764		0.94054			4
2025.08.07	01:00:16.139		0.94046			4
2025.08.07	01:00:18.157		0.94035			4
2025.08.07	01:00:18.545		0.94037			4
2025.08.07	01:00:18.857		0.94038			4
2025.08.07	01:00:20.678	0.93993	0.94036			6
2025.08.07	01:00:24.190	0.93992	0.94047			6
2025.08.07	01:00:24.495	0.93993	0.94038			6
2025.08.07	01:00:24.805		0.94036			4
2025.08.07	01:00:25.398		0.94038			4
2025.08.07	01:00:25.772		0.94036			4
2025.08.07	01:00:30.292		0.94029			4
2025.08.07	01:00:30.599		0.94028			4
2025.08.07	01:00:31.670		0.94034			4
2025.08.07	01:00:37.656	0.93994				2
2025.08.07	01:00:38.520		0.94037			4
2025.08.07	01:00:38.856		0.94036			4
2025.08.07	01:00:56.366		0.94035			4
2025.08.07	01:00:58.078	0.93992				2
2025.08.07	01:00:58.388	0.93993	0.94033			6
2025.08.07	01:00:59.992	0.93992	0.94034			6
2025.08.07	01:01:00.304	0.93997	0.94042			6
2025.08.07	01:01:00.926		0.94041			4
2025.08.07	01:01:01.258		0.94043			4
2025.08.07	01:01:01.954		0.94044			4
2025.08.07	01:01:02.292		0.94040			4
2025.08.07	01:01:02.597		0.94039			4
2025.08.07	01:01:02.927		0.94045			4
2025.08.07	01:01:03.247		0.94040			4
2025.08.07	01:01:03.578		0.94039			4
2025.08.07	01:01:03.915	0.94000				2
2025.08.07	01:01:04.263	0.93998				2
2025.08.07	01:01:04.836		0.94046			4
2025.08.07	01:01:06.352	0.93999				2
2025.08.07	01:01:06.670	0.93997	0.94042			6
2025.08.07	01:01:06.973		0.94041			4
2025.08.07	01:01:07.303		0.94039			4
2025.08.07	01:01:09.291		0.94038			4
2025.08.07	01:01:11.481		0.94034			4
2025.08.07	01:01:11.790		0.94037			4
2025.08.07	01:01:14.237		0.94034			4
2025.08.07	01:01:15.359		0.94037			4
2025.08.07	01:01:15.702		0.94036			4
2025.08.07	01:01:18.315		0.94030			4
2025.08.07	01:01:19.194		0.94029			4
2025.08.07	01:01:23.362		0.94034			4
2025.08.07	01:01:25.435		0.94031			4
2025.08.07	01:01:25.781		0.94034			4
2025.08.07	01:01:30.361		0.94041			4
2025.08.07	01:01:30.997		0.94043			4
2025.08.07	01:01:31.307		0.94042			4
2025.08.07	01:01:35.914		0.94043			4
2025.08.07	01:01:36.226		0.94042			4
2025.08.07	01:01:45.310	0.93998	0.94039			6
2025.08.07	01:01:46.267	0.94005	0.94040			6
2025.08.07	01:01:46.789	0.94001				2
2025.08.07	01:01:47.889	0.94005				2
2025.08.07	01:01:48.989	0.94001				2
2025.08.07	01:01:49.710	0.93999				2
2025.08.07	01:01:50.020	0.94005				2
2025.08.07	01:01:51.493	0.94004				2
2025.08.07	01:01:52.287	0.94005				2
2025.08.07	01:01:53.387	0.94004				2
2025.08.07	01:01:54.489	0.94005	0.94043			6
2025.08.07	01:01:54.800		0.94041			4
2025.08.07	01:01:55.113		0.94040			4
2025.08.07	01:02:00.451	0.94004				2
2025.08.07	01:02:01.089	0.94006				2
2025.08.07	01:02:02.494	0.94003				2
2025.08.07	01:02:03.286	0.94006				2
2025.08.07	01:02:04.587	0.94004				2
2025.08.07	01:02:06.353	0.94006				2
2025.08.07	01:02:08.059	0.94004	0.94042			6
2025.08.07	01:02:08.461	0.94003				2
2025.08.07	01:02:08.790	0.94004				2
2025.08.07	01:02:10.292	0.94002				2
2025.08.07	01:02:10.988	0.94004				2
2025.08.07	01:02:12.655	0.94003				2
2025.08.07	01:02:13.187	0.94004				2
2025.08.07	01:02:14.268	0.94003				2
2025.08.07	01:02:14.603	0.94002				2
2025.08.07	01:02:14.962	0.94001				2
2025.08.07	01:02:15.387	0.94004	0.94037			6
2025.08.07	01:02:15.714	0.94003	0.94036			6
2025.08.07	01:02:16.018	0.93998	0.94043			6
2025.08.07	01:02:16.325		0.94040			4
2025.08.07	01:02:16.661	0.93999	0.94037			6
2025.08.07	01:02:17.149	0.94000				2
2025.08.07	01:02:18.181		0.94042			4
2025.08.07	01:02:18.722	0.94001	0.94040			6
2025.08.07	01:02:20.886		0.94038			4
2025.08.07	01:02:21.515		0.94037			4
2025.08.07	01:02:23.662	0.93997				2
2025.08.07	01:02:24.191	0.94002				2
2025.08.07	01:02:25.599	0.93997				2
2025.08.07	01:02:26.356	0.94002				2
2025.08.07	01:02:27.549	0.93997				2
2025.08.07	01:02:29.700	0.93998				2
2025.08.07	01:02:30.007	0.93997				2
2025.08.07	01:02:30.909		0.94039			4
2025.08.07	01:02:45.926		0.94038			4
2025.08.07	01:02:50.502		0.94035			4
2025.08.07	01:02:50.816		0.94037			4
2025.08.07	01:02:53.568	0.93998	0.94035			6
2025.08.07	01:02:53.877	0.93997				2
2025.08.07	01:02:56.169		0.94033			4
2025.08.07	01:03:00.442	0.93997				2
2025.08.07	01:03:00.926		0.94031			4
2025.08.07	01:03:05.752		0.94029			4
2025.08.07	01:03:08.832	0.93992				2
2025.08.07	01:03:10.565		0.94023			4
2025.08.07	01:03:44.341		0.94025			4
2025.08.07	01:03:45.010		0.94023			4
2025.08.07	01:03:51.693	0.93993				2
2025.08.07	01:03:52.272	0.93992				2
2025.08.07	01:03:52.707	0.93991	0.94027			6
2025.08.07	01:03:53.869		0.94026			4
2025.08.07	01:03:54.220		0.94021			4
2025.08.07	01:03:54.963	0.93992	0.94028			6
2025.08.07	01:03:55.372		0.94026			4
2025.08.07	01:03:57.745		0.94025			4
2025.08.07	01:04:00.318	0.93992				2
2025.08.07	01:04:00.799		0.94023			4
2025.08.07	01:04:09.306		0.94028			4
2025.08.07	01:04:14.379		0.94033			4
2025.08.07	01:04:15.206		0.94031			4
2025.08.07	01:04:15.926		0.94033			4
2025.08.07	01:04:17.690		0.94032			4
2025.08.07	01:04:18.362		0.94038			4
2025.08.07	01:04:18.698		0.94035			4
2025.08.07	01:04:25.099		0.94027			4
2025.08.07	01:04:30.354		0.94026			4
2025.08.07	01:04:30.818		0.94036			4
2025.08.07	01:04:31.569	0.93990	0.94034			6
2025.08.07	01:04:37.193		0.94033			4
2025.08.07	01:04:39.938	0.93992				2
2025.08.07	01:04:42.723		0.94032			4
2025.08.07	01:04:44.897		0.94033			4
2025.08.07	01:04:45.473		0.94034			4
2025.08.07	01:04:45.928		0.94033			4
2025.08.07	01:04:48.353		0.94034			4
2025.08.07	01:04:52.573		0.94027			4
2025.08.07	01:04:59.448		0.94030			4
2025.08.07	01:05:00.570	0.93992	0.94033			6
2025.08.07	01:05:02.799		0.94031			4
2025.08.07	01:05:03.104		0.94030			4
2025.08.07	01:05:03.414		0.94029			4
2025.08.07	01:05:04.351		0.94030			4
2025.08.07	01:05:08.855		0.94034			4
2025.08.07	01:05:09.354		0.94033			4
2025.08.07	01:05:16.192		0.94034			4
2025.08.07	01:05:20.688		0.94033			4
2025.08.07	01:05:22.111		0.94034			4
2025.08.07	01:05:24.786	0.93994	0.94037			6
2025.08.07	01:05:25.116	0.93995				2
2025.08.07	01:05:26.991	0.93994	0.94038			6
2025.08.07	01:05:29.587	0.93995	0.94037			6
2025.08.07	01:05:30.507	0.93994	0.94038			6
2025.08.07	01:05:31.099	0.93992				2
2025.08.07	01:05:35.199		0.94033			4
2025.08.07	01:05:35.507		0.94032			4
2025.08.07	01:05:35.898		0.94033			4
2025.08.07	01:05:47.090		0.94034			4
2025.08.07	01:05:53.505		0.94033			4
2025.08.07	01:05:54.585		0.94034			4
2025.08.07	01:05:55.899		0.94036			4
2025.08.07	01:05:56.521	0.93993	0.94041			6
2025.08.07	01:05:57.799		0.94042			4
2025.08.07	01:05:58.667	0.93994	0.94041			6
2025.08.07	01:05:59.195		0.94042			4
2025.08.07	01:06:00.908	0.93994				2
2025.08.07	01:06:01.402	0.93992	0.94043			6
2025.08.07	01:06:06.823	0.93990				2
2025.08.07	01:06:08.347	0.93991				2
2025.08.07	01:06:09.391	0.93990				2
2025.08.07	01:06:11.476	0.93991	0.94042			6
2025.08.07	01:06:12.153		0.94036			4
2025.08.07	01:06:12.482		0.94038			4
2025.08.07	01:06:13.467	0.93992	0.94033			6
2025.08.07	01:06:26.574	0.93991	0.94031			6
2025.08.07	01:06:46.406		0.94023			4
2025.08.07	01:06:46.715		0.94022			4
2025.08.07	01:06:47.283		0.94023			4
2025.08.07	01:06:47.781		0.94031			4
2025.08.07	01:06:56.090	0.93992				2
2025.08.07	01:06:56.558		0.94030			4
2025.08.07	01:06:58.793		0.94031			4
2025.08.07	01:07:00.578	0.93991				2
2025.08.07	01:07:04.491	0.93993				2
2025.08.07	01:07:04.853	0.93992				2
2025.08.07	01:07:07.734	0.93991				2
2025.08.07	01:07:12.290	0.94001				2
2025.08.07	01:07:20.309		0.94032			4
2025.08.07	01:07:23.404		0.94031			4
2025.08.07	01:07:29.348		0.94032			4
2025.08.07	01:07:36.458	0.94006	0.94026			6
2025.08.07	01:07:38.902	0.94001	0.94032			6
2025.08.07	01:08:00.360	0.94001				2
2025.08.07	01:08:01.962	0.94003	0.94034			6
2025.08.07	01:08:02.349	0.94006	0.94036			6
2025.08.07	01:08:03.265		0.94037			4
2025.08.07	01:08:04.912	0.94003	0.94033			6
2025.08.07	01:08:05.775		0.94032			4
2025.08.07	01:08:10.370		0.94033			4
2025.08.07	01:08:29.391	0.94005	0.94035			6
2025.08.07	01:08:32.593		0.94034			4
2025.08.07	01:08:40.668		0.94035			4
2025.08.07	01:08:43.073		0.94036			4
2025.08.07	01:08:44.391		0.94035			4
2025.08.07	01:08:51.517		0.94036			4
2025.08.07	01:08:53.260		0.94028			4
2025.08.07	01:08:55.342		0.94030			4
2025.08.07	01:08:56.548		0.94036			4
2025.08.07	01:09:00.448	0.94005				2
2025.08.07	01:09:05.369		0.94035			4
2025.08.07	01:09:19.186		0.94028			4
2025.08.07	01:09:19.509		0.94031			4
2025.08.07	01:09:20.427		0.94029			4
2025.08.07	01:09:24.517	0.94003	0.94027			6
2025.08.07	01:09:25.706		0.94031			4
2025.08.07	01:09:26.038		0.94034			4
2025.08.07	01:09:53.432		0.94032			4
2025.08.07	01:09:58.507		0.94034			4
2025.08.07	01:10:00.502	0.94001	0.94032			6
2025.08.07	01:10:10.154	0.93991	0.94019			6
2025.08.07	01:10:11.182		0.94017			4
2025.08.07	01:10:20.782		0.94016			4
2025.08.07	01:10:49.631		0.94017			4
2025.08.07	01:10:50.797		0.94013			4
2025.08.07	01:10:55.211	0.93992				2
2025.08.07	01:10:56.486	0.93991	0.94012			6
2025.08.07	01:11:00.095	0.93991				2
2025.08.07	01:11:01.184	0.93992	0.94018			6
2025.08.07	01:11:03.345		0.94019			4
2025.08.07	01:11:05.796		0.94018			4
2025.08.07	01:11:10.387		0.94017			4
2025.08.07	01:11:13.055		0.94016			4
2025.08.07	01:11:14.989		0.94017			4
2025.08.07	01:11:16.600		0.94016			4
2025.08.07	01:11:18.909		0.94014			4
2025.08.07	01:11:23.275		0.94013			4
2025.08.07	01:11:24.351		0.94016			4
2025.08.07	01:11:25.791		0.94015			4
2025.08.07	01:11:44.021		0.94013			4
2025.08.07	01:11:45.598	0.93991				2
2025.08.07	01:11:56.941	0.93993	0.94015			6
2025.08.07	01:11:57.255		0.94017			4
2025.08.07	01:12:00.891	0.93993				2
2025.08.07	01:12:02.057		0.94016			4
2025.08.07	01:12:12.456	0.93995	0.94018			6
2025.08.07	01:12:21.738		0.94014			4
2025.08.07	01:12:27.216		0.94018			4
2025.08.07	01:12:28.400		0.94017			4
2025.08.07	01:12:30.594		0.94018			4
2025.08.07	01:12:31.839		0.94017			4
2025.08.07	01:12:37.492		0.94018			4
2025.08.07	01:12:38.096		0.94016			4
2025.08.07	01:12:38.476		0.94018			4
2025.08.07	01:12:40.793		0.94017			4
2025.08.07	01:12:41.426		0.94018			4
2025.08.07	01:12:44.690		0.94017			4
2025.08.07	01:12:53.373		0.94015			4
2025.08.07	01:12:59.912		0.94017			4
2025.08.07	01:13:00.290	0.93995				2
2025.08.07	01:13:07.515	0.93994				2
2025.08.07	01:13:12.478		0.94015			4
2025.08.07	01:13:16.836		0.94014			4
2025.08.07	01:13:22.596		0.94012			4
2025.08.07	01:13:27.796		0.94015			4
2025.08.07	01:13:29.392		0.94014			4
2025.08.07	01:13:30.592		0.94015			4
2025.08.07	01:13:32.514	0.93992	0.94014			6
2025.08.07	01:13:41.776		0.94013			4
2025.08.07	01:13:46.831		0.94012			4
2025.08.07	01:13:57.424		0.94013			4
2025.08.07	01:13:58.790		0.94012			4
2025.08.07	01:14:00.499	0.93992	0.94013			6
2025.08.07	01:14:02.391		0.94012			4
2025.08.07	01:14:04.192		0.94013			4
2025.08.07	01:14:04.508		0.94012			4
2025.08.07	01:14:17.392		0.94011			4
2025.08.07	01:14:25.405		0.94012			4
2025.08.07	01:14:26.692		0.94011			4
2025.08.07	01:14:36.322		0.94010			4
2025.08.07	01:14:39.849		0.94011			4
2025.08.07	01:14:40.152		0.94010			4
2025.08.07	01:15:00.212	0.93992				2
2025.08.07	01:15:02.705		0.94009			4
2025.08.07	01:15:04.573		0.94010			4
2025.08.07	01:15:05.027		0.94011			4
2025.08.07	01:15:06.374		0.94010			4
2025.08.07	01:15:08.748		0.94009			4
2025.08.07	01:15:09.059		0.94010			4
2025.08.07	01:15:10.601	0.93990	0.94009			6
2025.08.07	01:15:11.080		0.94010			4
2025.08.07	01:15:12.083		0.94009			4
2025.08.07	01:15:13.129		0.94010			4
2025.08.07	01:15:15.216		0.94009			4
2025.08.07	01:15:15.547		0.94010			4
2025.08.07	01:15:15.892		0.94009			4
2025.08.07	01:15:17.304		0.94010			4
2025.08.07	01:15:20.019		0.94009			4
2025.08.07	01:15:20.465		0.94010			4
2025.08.07	01:15:27.324		0.94009			4
2025.08.07	01:15:28.362		0.94010			4
2025.08.07	01:15:31.194		0.94008			4
2025.08.07	01:15:33.762		0.94010			4
2025.08.07	01:15:34.423		0.94009			4
2025.08.07	01:15:35.809		0.94008			4
2025.08.07	01:15:37.714	0.93993				2
2025.08.07	01:15:38.017		0.94009			4
2025.08.07	01:15:38.613		0.94010			4
2025.08.07	01:15:38.919		0.94009			4
2025.08.07	01:15:40.986		0.94008			4
2025.08.07	01:15:41.937		0.94011			4
2025.08.07	01:15:42.304	0.93994				2
2025.08.07	01:15:42.679	0.93993				2
2025.08.07	01:15:43.502	0.93994				2
2025.08.07	01:15:44.539	0.93993	0.94008			6
2025.08.07	01:15:45.735		0.94009			4
2025.08.07	01:15:46.796	0.93992				2
2025.08.07	01:15:47.464	0.93993				2
2025.08.07	01:15:47.846		0.94008			4
2025.08.07	01:15:48.623		0.94009			4
2025.08.07	01:15:53.156		0.94010			4
2025.08.07	01:15:53.530		0.94009			4
2025.08.07	01:15:56.748		0.94008			4
2025.08.07	01:16:00.534	0.93993				2
2025.08.07	01:16:02.362		0.94007			4
2025.08.07	01:16:02.896		0.94008			4
2025.08.07	01:16:06.902		0.94007			4
2025.08.07	01:16:07.242		0.94009			4
2025.08.07	01:16:08.002		0.94008			4
2025.08.07	01:16:09.594		0.94009			4
2025.08.07	01:16:10.117		0.94008			4
2025.08.07	01:16:10.790		0.94009			4
2025.08.07	01:16:11.160		0.94008			4
2025.08.07	01:16:11.690		0.94009			4
2025.08.07	01:16:11.995		0.94008			4
2025.08.07	01:16:12.352		0.94009			4
2025.08.07	01:16:14.260	0.93992	0.94007			6
2025.08.07	01:16:14.846		0.94008			4
2025.08.07	01:16:15.165		0.94009			4
2025.08.07	01:16:15.983		0.94008			4
2025.08.07	01:16:17.506	0.93993				2
2025.08.07	01:16:23.268		0.94009			4
2025.08.07	01:16:24.271		0.94008			4
2025.08.07	01:16:27.411		0.94009			4
2025.08.07	01:16:28.417		0.94008			4
2025.08.07	01:16:31.741		0.94009			4
2025.08.07	01:16:32.292		0.94008			4
2025.08.07	01:16:35.671		0.94009			4
2025.08.07	01:16:36.699		0.94008			4
2025.08.07	01:16:37.544		0.94007			4
2025.08.07	01:16:37.956		0.94008			4
2025.08.07	01:16:41.060		0.94009			4
2025.08.07	01:16:41.871		0.94008			4
2025.08.07	01:16:42.739		0.94007			4
2025.08.07	01:16:43.129		0.94008			4
2025.08.07	01:16:43.834	0.93991	0.94007			6
2025.08.07	01:16:44.167		0.94008			4
2025.08.07	01:16:45.528	0.93990				2
2025.08.07	01:16:48.233		0.94007			4
2025.08.07	01:16:48.565		0.94008			4
2025.08.07	01:16:49.814	0.93991				2
2025.08.07	01:16:50.858		0.94009			4
2025.08.07	01:16:51.882		0.94008			4
2025.08.07	01:16:52.235		0.94009			4
2025.08.07	01:16:57.035		0.94008			4
2025.08.07	01:16:57.757		0.94009			4
2025.08.07	01:17:00.359	0.93991				2
2025.08.07	01:17:01.715		0.94008			4
2025.08.07	01:17:02.032		0.94009			4
2025.08.07	01:17:02.367	0.93993				2
2025.08.07	01:17:03.718		0.94008			4
2025.08.07	01:17:04.019		0.94009			4
2025.08.07	01:17:04.526		0.94008			4
2025.08.07	01:17:06.020		0.94009			4
2025.08.07	01:17:07.076		0.94008			4
2025.08.07	01:17:07.380		0.94007			4
2025.08.07	01:17:07.712		0.94008			4
2025.08.07	01:17:11.502		0.94009			4
2025.08.07	01:17:12.453		0.94008			4
2025.08.07	01:17:14.156	0.93992	0.94009			6
2025.08.07	01:17:14.536		0.94008			4
2025.08.07	01:17:16.079		0.94007			4
2025.08.07	01:17:16.397		0.94009			4
2025.08.07	01:17:17.718		0.94008			4
2025.08.07	01:17:21.296		0.94009			4
2025.08.07	01:17:22.488		0.94008			4
2025.08.07	01:17:24.621		0.94009			4
2025.08.07	01:17:26.628		0.94008			4
2025.08.07	01:17:27.798		0.94009			4
2025.08.07	01:17:29.736		0.94008			4
2025.08.07	01:17:30.044		0.94009			4
2025.08.07	01:17:30.777	0.93991	0.94008			6
2025.08.07	01:17:31.810		0.94009			4
2025.08.07	01:17:32.847		0.94008			4
2025.08.07	01:17:36.300		0.94009			4
2025.08.07	01:17:36.989		0.94008			4
2025.08.07	01:17:37.375	0.93993				2
2025.08.07	01:17:38.023		0.94007			4
2025.08.07	01:17:38.391		0.94013			4
2025.08.07	01:17:39.409	0.93995	0.94011			6
2025.08.07	01:17:40.032	0.93993				2
2025.08.07	01:17:41.523		0.94012			4
2025.08.07	01:17:42.082	0.93994	0.94011			6
2025.08.07	01:17:45.590	0.93993				2
2025.08.07	01:17:46.790		0.94012			4
2025.08.07	01:17:48.291		0.94011			4
2025.08.07	01:17:50.146	0.93994				2
2025.08.07	01:17:50.452	0.93993				2
2025.08.07	01:17:51.106		0.94012			4
2025.08.07	01:17:51.412	0.93994	0.94011			6
2025.08.07	01:17:53.391	0.93995				2
2025.08.07	01:17:56.207	0.93994				2
2025.08.07	01:17:57.272	0.93995				2
2025.08.07	01:17:57.856	0.93994	0.94010			6
2025.08.07	01:17:58.161	0.93993				2
2025.08.07	01:18:00.224	0.93993				2
2025.08.07	01:18:03.044	0.93995				2
2025.08.07	01:18:03.597	0.93994				2
2025.08.07	01:18:06.892	0.93993	0.94011			6
2025.08.07	01:18:08.093		0.94010			4
2025.08.07	01:18:08.646		0.94008			4
2025.08.07	01:18:09.675	0.93992				2
2025.08.07	01:18:11.078	0.93993	0.94009			6
2025.08.07	01:18:12.367		0.94008			4
2025.08.07	01:18:14.044		0.94009			4
2025.08.07	01:18:14.359	0.93994				2
2025.08.07	01:18:14.755	0.93993	0.94010			6
2025.08.07	01:18:15.594		0.94009			4
2025.08.07	01:18:16.738		0.94010			4
2025.08.07	01:18:20.617		0.94009			4
2025.08.07	01:18:23.672		0.94010			4
2025.08.07	01:18:24.609	0.93991	0.94007			6
2025.08.07	01:18:24.925	0.93993				2
2025.08.07	01:18:30.460		0.94008			4
2025.08.07	01:18:30.955		0.94007			4
2025.08.07	01:18:31.624		0.94010			4
2025.08.07	01:18:31.942	0.93992				2
2025.08.07	01:18:33.794	0.93993				2
2025.08.07	01:18:41.063		0.94011			4
2025.08.07	01:18:41.747	0.93996				2
2025.08.07	01:18:42.239	0.93993	0.94010			6
2025.08.07	01:18:43.278		0.94011			4
2025.08.07	01:18:45.074		0.94010			4
2025.08.07	01:18:45.890		0.94011			4
2025.08.07	01:18:47.439		0.94010			4
2025.08.07	01:18:47.788		0.94011			4
2025.08.07	01:18:49.749		0.94010			4
2025.08.07	01:18:53.367		0.94011			4
2025.08.07	01:18:53.707		0.94010			4
2025.08.07	01:18:54.578		0.94011			4
2025.08.07	01:18:57.005		0.94010			4
2025.08.07	01:19:00.111	0.93993				2
2025.08.07	01:19:00.591		0.94011			4
2025.08.07	01:19:01.148		0.94010			4
2025.08.07	01:19:02.183		0.94011			4
2025.08.07	01:19:03.219		0.94010			4
2025.08.07	01:19:04.351	0.93992				2
2025.08.07	01:19:05.726	0.93994	0.94011			6
2025.08.07	01:19:07.017		0.94010			4
2025.08.07	01:19:13.212	0.93993				2
2025.08.07	01:19:25.733		0.94009			4
2025.08.07	01:19:26.085	0.93994				2
2025.08.07	01:19:26.397		0.94010			4
2025.08.07	01:19:45.809		0.94009			4
2025.08.07	01:19:46.130	0.93993				2
2025.08.07	01:19:47.694	0.93992				2
2025.08.07	01:19:54.201	0.93993				2
2025.08.07	01:19:55.808	0.93992	0.94008			6
2025.08.07	01:19:56.112		0.94009			4
2025.08.07	01:19:59.790		0.94006			4
2025.08.07	01:20:00.112	0.93992				2
2025.08.07	01:20:00.419		0.94008			4
2025.08.07	01:20:01.432		0.94007			4
2025.08.07	01:20:09.377		0.94008			4
2025.08.07	01:20:10.283		0.94007			4
2025.08.07	01:20:10.600		0.94008			4
2025.08.07	01:20:10.901		0.94007			4
2025.08.07	01:20:15.741		0.94006			4
2025.08.07	01:20:16.061		0.94005			4
2025.08.07	01:20:17.071		0.94006			4
2025.08.07	01:20:19.955		0.94005			4
2025.08.07	01:20:20.283		0.94006			4
2025.08.07	01:20:20.652		0.94008			4
2025.08.07	01:20:23.765	0.93993	0.94007			6
2025.08.07	01:20:24.077		0.94008			4
2025.08.07	01:20:32.207		0.94009			4
2025.08.07	01:20:33.416		0.94008			4
2025.08.07	01:20:35.203		0.94009			4
2025.08.07	01:20:36.837		0.94008			4
2025.08.07	01:20:37.792		0.94009			4
2025.08.07	01:20:39.737	0.93994	0.94008			6
2025.08.07	01:20:40.791	0.93993	0.94009			6
2025.08.07	01:20:42.119	0.93998	0.94011			6
2025.08.07	01:20:43.291	0.93997				2
2025.08.07	01:20:44.781	0.93994	0.94010			6
2025.08.07	01:20:45.519	0.93995	0.94011			6
2025.08.07	01:20:45.997	0.93998	0.94012			6
2025.08.07	01:20:47.023	0.93997				2
2025.08.07	01:20:47.553	0.93998				2
2025.08.07	01:20:47.964	0.93999				2
2025.08.07	01:20:50.011	0.93998				2
2025.08.07	01:20:50.317	0.93999				2
2025.08.07	01:20:51.424	0.93998	0.94013			6
2025.08.07	01:20:52.302	0.93999	0.94012			6
2025.08.07	01:20:52.673	0.93998				2
2025.08.07	01:20:53.391	0.93999				2
2025.08.07	01:20:57.616	0.93998				2
2025.08.07	01:21:00.461	0.93998	0.94013			6
2025.08.07	01:21:01.533	0.93999	0.94012			6
2025.08.07	01:21:02.138	0.94001	0.94014			6
2025.08.07	01:21:04.664	0.94000	0.94015			6
2025.08.07	01:21:05.128	0.94001	0.94014			6
2025.08.07	01:21:05.500	0.94003	0.94015			6
2025.08.07	01:21:06.111	0.94002				2
2025.08.07	01:21:07.961	0.94003	0.94016			6
2025.08.07	01:21:08.778	0.94002	0.94017			6
2025.08.07	01:21:10.223	0.94003	0.94016			6
2025.08.07	01:21:10.825	0.94002	0.94017			6
2025.08.07	01:21:11.917	0.94001				2
2025.08.07	01:21:12.703	0.94002				2
2025.08.07	01:21:15.103	0.94001	0.94014			6
2025.08.07	01:21:15.421		0.94016			4
2025.08.07	01:21:17.294		0.94015			4
2025.08.07	01:21:17.598	0.94002	0.94014			6
2025.08.07	01:21:17.904		0.94015			4
2025.08.07	01:21:19.493		0.94016			4
2025.08.07	01:21:23.054		0.94015			4
2025.08.07	01:21:24.794	0.94003	0.94017			6
2025.08.07	01:21:25.127		0.94018			4
2025.08.07	01:21:26.163	0.94002				2
2025.08.07	01:21:26.689	0.94003				2
2025.08.07	01:21:27.197		0.94017			4
2025.08.07	01:21:28.233	0.94002	0.94018			6
2025.08.07	01:21:29.269		0.94019			4
2025.08.07	01:21:32.092		0.94016			4
2025.08.07	01:21:33.673	0.94001				2
2025.08.07	01:21:34.129	0.94002				2
2025.08.07	01:21:35.744		0.94017			4
2025.08.07	01:21:36.295		0.94016			4
2025.08.07	01:21:36.659		0.94017			4
2025.08.07	01:21:37.300		0.94016			4
2025.08.07	01:21:37.602	0.94001	0.94017			6
2025.08.07	01:21:37.947	0.94002	0.94016			6
2025.08.07	01:21:39.075	0.94001				2
2025.08.07	01:21:39.890	0.94002				2
2025.08.07	01:21:40.257		0.94017			4
2025.08.07	01:21:41.313	0.94001	0.94011			6
2025.08.07	01:21:41.622		0.94018			4
2025.08.07	01:21:41.959	0.94002	0.94017			6
2025.08.07	01:21:42.347	0.94001	0.94018			6
2025.08.07	01:21:45.591	0.94002				2
2025.08.07	01:21:46.045		0.94019			4
2025.08.07	01:21:47.186	0.94003	0.94018			6
2025.08.07	01:21:47.563	0.94002				2
2025.08.07	01:21:47.979	0.94001				2
2025.08.07	01:21:52.059	0.94002	0.94017			6
2025.08.07	01:21:53.122		0.94018			4
2025.08.07	01:21:54.260	0.94001				2
2025.08.07	01:21:54.876	0.94002				2
2025.08.07	01:21:56.329	0.94001				2
2025.08.07	01:21:56.967	0.94002	0.94017			6
2025.08.07	01:22:00.098	0.94001	0.94018			6
2025.08.07	01:22:03.335		0.94019			4
2025.08.07	01:22:04.166	0.94008	0.94021			6
2025.08.07	01:22:04.691	0.94007	0.94020			6
2025.08.07	01:22:06.357	0.94008	0.94021			6
2025.08.07	01:22:07.491		0.94022			4
2025.08.07	01:22:08.389	0.94007	0.94021			6
2025.08.07	01:22:12.645	0.94008				2
2025.08.07	01:22:13.029	0.94009	0.94022			6
2025.08.07	01:22:13.679	0.94008	0.94024			6
2025.08.07	01:22:14.351	0.94009	0.94023			6
2025.08.07	01:22:14.716	0.94008	0.94024			6
2025.08.07	01:22:15.291	0.94009	0.94023			6
2025.08.07	01:22:16.787	0.94008	0.94024			6
2025.08.07	01:22:17.394	0.94009	0.94023			6
2025.08.07	01:22:17.823	0.94008	0.94024			6
2025.08.07	01:22:18.889	0.94009	0.94023			6
2025.08.07	01:22:19.197	0.94008	0.94022			6
2025.08.07	01:22:19.514		0.94021			4
2025.08.07	01:22:20.770	0.94006				2
2025.08.07	01:22:23.393	0.94007				2
2025.08.07	01:22:28.031	0.94008	0.94024			6
2025.08.07	01:22:30.005		0.94025			4
2025.08.07	01:22:31.118		0.94024			4
2025.08.07	01:22:45.657		0.94023			4
2025.08.07	01:22:46.003		0.94024			4
2025.08.07	01:22:49.196		0.94023			4
2025.08.07	01:22:49.541		0.94024			4
2025.08.07	01:22:49.881	0.94007	0.94020			6
2025.08.07	01:22:54.495	0.94009	0.94022			6
2025.08.07	01:22:54.854		0.94023			4
2025.08.07	01:22:55.303		0.94022			4
2025.08.07	01:22:56.861		0.94025			4
2025.08.07	01:22:57.312		0.94024			4
2025.08.07	01:22:58.216		0.94025			4
2025.08.07	01:22:58.818		0.94024			4
2025.08.07	01:23:00.285	0.94009				2
2025.08.07	01:23:04.430	0.94008	0.94025			6
2025.08.07	01:23:05.316	0.94009	0.94024			6
2025.08.07	01:23:08.571	0.94008	0.94025			6
2025.08.07	01:23:09.592	0.94009	0.94024			6
2025.08.07	01:23:13.793	0.94008	0.94025			6
2025.08.07	01:23:14.917	0.94009	0.94024			6
2025.08.07	01:23:17.891	0.94008	0.94025			6
2025.08.07	01:23:18.535	0.94009	0.94024			6
2025.08.07	01:23:20.715	0.94006	0.94020			6
2025.08.07	01:23:21.581	0.94003				2
2025.08.07	01:23:21.893	0.94004				2
2025.08.07	01:23:22.349	0.94005				2
2025.08.07	01:23:22.683	0.94004	0.94019			6
2025.08.07	01:23:23.083		0.94020			4
2025.08.07	01:23:23.713	0.94005	0.94019			6
2025.08.07	01:23:24.062	0.94004	0.94020			6
2025.08.07	01:23:24.752	0.94005	0.94019			6
2025.08.07	01:23:25.098	0.94004	0.94020			6
2025.08.07	01:23:25.725		0.94019			4
2025.08.07	01:23:26.061		0.94020			4
2025.08.07	01:23:26.823		0.94019			4
2025.08.07	01:23:27.172		0.94020			4
2025.08.07	01:23:27.861	0.94005	0.94019			6
2025.08.07	01:23:29.394	0.94004	0.94020			6
2025.08.07	01:23:30.970	0.94005	0.94019			6
2025.08.07	01:23:31.491	0.94004	0.94020			6
2025.08.07	01:23:32.006	0.94005	0.94019			6
2025.08.07	01:23:32.325	0.94004	0.94020			6
2025.08.07	01:23:33.494	0.94005				2
2025.08.07	01:23:34.011		0.94019			4
2025.08.07	01:23:35.243	0.94006				2
2025.08.07	01:23:35.592	0.94007	0.94020			6
2025.08.07	01:23:36.088	0.94006	0.94019			6
2025.08.07	01:23:36.405		0.94020			4
2025.08.07	01:23:39.270	0.94004				2
2025.08.07	01:23:39.576	0.94006				2
2025.08.07	01:23:41.357	0.94005				2
2025.08.07	01:23:41.735	0.94006				2
2025.08.07	01:23:43.204	0.94005				2
2025.08.07	01:23:43.527	0.94006				2
2025.08.07	01:23:43.886	0.94004				2
2025.08.07	01:23:44.355	0.94005				2
2025.08.07	01:23:44.695	0.94004				2
2025.08.07	01:23:45.537	0.94006				2
2025.08.07	01:23:45.954	0.94004				2
2025.08.07	01:23:46.375	0.94005				2
2025.08.07	01:23:46.690	0.94004				2
2025.08.07	01:23:47.377	0.94005	0.94019			6
2025.08.07	01:23:47.725	0.94004	0.94020			6
2025.08.07	01:23:48.453	0.94005	0.94019			6
2025.08.07	01:23:48.769	0.94004	0.94020			6
2025.08.07	01:23:51.798	0.94005				2
2025.08.07	01:23:52.194	0.94004				2
2025.08.07	01:23:55.529	0.94006				2
2025.08.07	01:24:00.096	0.94006				2
2025.08.07	01:24:04.194	0.94004				2
2025.08.07	01:24:05.090		0.94021			4
2025.08.07	01:24:05.535		0.94020			4
2025.08.07	01:24:05.991		0.94021			4
2025.08.07	01:24:06.490		0.94020			4
2025.08.07	01:24:07.076		0.94021			4
2025.08.07	01:24:07.532		0.94020			4
2025.08.07	01:24:08.090		0.94021			4
2025.08.07	01:24:08.401		0.94020			4
2025.08.07	01:24:08.704		0.94021			4
2025.08.07	01:24:17.367	0.94003	0.94020			6
2025.08.07	01:24:22.482	0.94006				2
2025.08.07	01:24:22.819		0.94021			4
2025.08.07	01:24:26.830	0.94007				2
2025.08.07	01:24:30.003	0.94008	0.94020			6
2025.08.07	01:24:31.197	0.94009	0.94021			6
2025.08.07	01:24:31.972	0.94007	0.94020			6
2025.08.07	01:24:32.768	0.94006				2
2025.08.07	01:24:33.812	0.94009	0.94022			6
2025.08.07	01:24:36.738		0.94021			4
2025.08.07	01:24:38.083	0.94008				2
2025.08.07	01:24:39.234	0.94009				2
2025.08.07	01:24:45.390	0.94008	0.94019			6
2025.08.07	01:24:47.118	0.94007	0.94020			6
2025.08.07	01:25:00.357	0.94007				2
2025.08.07	01:25:00.712	0.94008				2
2025.08.07	01:25:05.753	0.94009	0.94021			6
2025.08.07	01:25:09.339	0.94008	0.94020			6
2025.08.07	01:25:10.283	0.94007				2
2025.08.07	01:25:11.182	0.94008				2
2025.08.07	01:25:11.962	0.94007				2
2025.08.07	01:25:12.470	0.94008	0.94019			6
2025.08.07	01:25:12.928	0.94007	0.94020			6
2025.08.07	01:25:13.507	0.94008	0.94019			6
2025.08.07	01:25:14.153	0.94007	0.94020			6
2025.08.07	01:25:15.577		0.94019			4
2025.08.07	01:25:16.197		0.94020			4
2025.08.07	01:25:17.626		0.94019			4
2025.08.07	01:25:18.290		0.94020			4
2025.08.07	01:25:19.316	0.94006	0.94019			6
2025.08.07	01:25:29.059	0.94004				2
2025.08.07	01:25:37.380	0.94005	0.94017			6
2025.08.07	01:25:38.179	0.94003				2
2025.08.07	01:25:39.178	0.94002				2
2025.08.07	01:25:39.827		0.94018			4
2025.08.07	01:25:41.290		0.94017			4
2025.08.07	01:25:42.634		0.94018			4
2025.08.07	01:25:43.378		0.94017			4
2025.08.07	01:25:44.331	0.94003				2
2025.08.07	01:25:45.502		0.94018			4
2025.08.07	01:25:46.395	0.94002	0.94017			6
2025.08.07	01:25:46.706		0.94018			4
2025.08.07	01:25:47.966	0.94008	0.94020			6
2025.08.07	01:25:56.360		0.94022			4
2025.08.07	01:26:00.706	0.94007	0.94023			6
2025.08.07	01:26:01.047	0.94008				2
2025.08.07	01:26:01.556	0.94006	0.94019			6
2025.08.07	01:26:01.858	0.94005				2
2025.08.07	01:26:02.236	0.94006				2
2025.08.07	01:26:09.639		0.94018			4
2025.08.07	01:26:11.692	0.94005	0.94019			6
2025.08.07	01:26:13.500		0.94018			4
2025.08.07	01:26:13.879	0.94008	0.94022			6
2025.08.07	01:26:15.774	0.94007				2
2025.08.07	01:26:16.810		0.94023			4
2025.08.07	01:26:18.302		0.94024			4
2025.08.07	01:26:18.877	0.94008	0.94023			6
2025.08.07	01:26:20.408	0.94007	0.94024			6
2025.08.07	01:26:22.418	0.94008				2
2025.08.07	01:26:24.551	0.94007				2
2025.08.07	01:26:31.874		0.94022			4
2025.08.07	01:26:33.082		0.94021			4
2025.08.07	01:26:34.493	0.94008				2
2025.08.07	01:26:36.813	0.94007				2
2025.08.07	01:26:37.831	0.94008				2
2025.08.07	01:26:38.214	0.94002	0.94017			6
2025.08.07	01:26:39.074	0.94003	0.94019			6
2025.08.07	01:26:40.035	0.94004				2
2025.08.07	01:26:40.492	0.94003				2
2025.08.07	01:26:41.218	0.94004				2
2025.08.07	01:26:41.990	0.94006	0.94018			6
2025.08.07	01:26:42.416	0.94005				2
2025.08.07	01:26:44.125	0.94006				2
2025.08.07	01:26:45.366	0.94009	0.94023			6
2025.08.07	01:26:47.368		0.94022			4
2025.08.07	01:26:54.093	0.94006	0.94021			6
2025.08.07	01:26:55.000		0.94022			4
2025.08.07	01:26:56.218	0.94007				2
2025.08.07	01:27:00.184	0.94006	0.94023			6
2025.08.07	01:27:00.498	0.94008	0.94022			6
2025.08.07	01:27:02.358	0.94009				2
2025.08.07	01:27:03.751	0.94008				2
2025.08.07	01:27:05.393	0.94009	0.94023			6
2025.08.07	01:27:09.079	0.94005	0.94020			6
2025.08.07	01:27:10.474	0.94006				2
2025.08.07	01:27:12.230	0.94010	0.94022			6
2025.08.07	01:27:17.398	0.94009	0.94021			6
2025.08.07	01:27:19.471	0.94010				2
2025.08.07	01:27:20.990	0.94009				2
2025.08.07	01:27:23.612	0.94010				2
2025.08.07	01:27:24.203	0.94009	0.94023			6
2025.08.07	01:27:25.690		0.94022			4
2025.08.07	01:27:26.297	0.94010	0.94023			6
2025.08.07	01:27:26.851	0.94007	0.94025			6
2025.08.07	01:27:28.390	0.94008				2
2025.08.07	01:27:33.680		0.94024			4
2025.08.07	01:27:34.101		0.94025			4
2025.08.07	01:27:35.010		0.94024			4
2025.08.07	01:27:35.618		0.94025			4
2025.08.07	01:27:36.044		0.94024			4
2025.08.07	01:27:36.674		0.94025			4
2025.08.07	01:27:40.077	0.94007				2
2025.08.07	01:27:43.277		0.94023			4
2025.08.07	01:27:44.325	0.94008				2
2025.08.07	01:27:44.704	0.94007				2
2025.08.07	01:27:46.792		0.94024			4
2025.08.07	01:27:48.447	0.94008	0.94023			6
2025.08.07	01:27:48.866	0.94007	0.94024			6
2025.08.07	01:27:49.506		0.94023			4
2025.08.07	01:27:53.182		0.94024			4
2025.08.07	01:28:00.444	0.94010	0.94025			6
2025.08.07	01:28:01.416		0.94026			4
2025.08.07	01:28:01.783	0.94011				2
2025.08.07	01:28:03.601		0.94027			4
2025.08.07	01:28:05.561		0.94026			4
2025.08.07	01:28:07.256		0.94027			4
2025.08.07	01:28:08.693	0.94010	0.94026			6
2025.08.07	01:28:09.411		0.94027			4
2025.08.07	01:28:09.830	0.94011				2
2025.08.07	01:28:11.059		0.94028			4
2025.08.07	01:28:13.364	0.94010	0.94025			6
2025.08.07	01:28:13.840	0.94011				2
2025.08.07	01:28:15.377	0.94010	0.94026			6
2025.08.07	01:28:18.590		0.94027			4
2025.08.07	01:28:20.689		0.94026			4
2025.08.07	01:28:33.445	0.94011				2
2025.08.07	01:28:34.120	0.94010				2
2025.08.07	01:28:35.663	0.94012	0.94025			6
2025.08.07	01:28:35.984		0.94026			4
2025.08.07	01:28:40.490		0.94027			4
2025.08.07	01:28:45.853	0.94011	0.94028			6
2025.08.07	01:28:48.896		0.94027			4
2025.08.07	01:28:49.249		0.94028			4
2025.08.07	01:28:50.344	0.94009	0.94025			6
2025.08.07	01:28:55.192	0.94008				2
2025.08.07	01:28:55.572	0.94009				2
2025.08.07	01:28:57.805	0.94007	0.94024			6
2025.08.07	01:29:00.109	0.94007				2
2025.08.07	01:29:03.149	0.94009	0.94025			6
2025.08.07	01:29:05.878		0.94026			4
2025.08.07	01:29:07.130	0.94008	0.94025			6
2025.08.07	01:29:11.309	0.94009	0.94026			6
2025.08.07	01:29:41.049	0.94011	0.94027			6
2025.08.07	01:29:48.137	0.94014	0.94029			6
2025.08.07	01:29:54.890	0.94010	0.94026			6
2025.08.07	01:29:56.251	0.94009				2
2025.08.07	01:29:58.983	0.94011	0.94025			6
2025.08.07	01:29:59.298	0.94010				2
2025.08.07	01:30:00.386	0.94011	0.94026			6
2025.08.07	01:30:02.340		0.94025			4
2025.08.07	01:30:03.178	0.94013	0.94022			6
2025.08.07	01:30:04.409	0.94012	0.94021			6
2025.08.07	01:30:04.711	0.94013	0.94022			6
2025.08.07	01:30:06.831	0.94010	0.94027			6
2025.08.07	01:30:15.366		0.94026			4
2025.08.07	01:30:17.294	0.94009				2
2025.08.07	01:30:41.060	0.94010				2
2025.08.07	01:30:41.390		0.94027			4
2025.08.07	01:30:44.511		0.94028			4
2025.08.07	01:30:47.089	0.94009	0.94027			6
2025.08.07	01:30:47.400	0.94010	0.94028			6
2025.08.07	01:30:49.365	0.94009	0.94026			6
2025.08.07	01:30:50.357	0.94013	0.94030			6
2025.08.07	01:30:50.666	0.94014				2
2025.08.07	01:30:56.269	0.94013	0.94031			6
2025.08.07	01:30:57.741	0.94014	0.94030			6
2025.08.07	01:30:58.681	0.94013	0.94031			6
2025.08.07	01:31:00.454	0.94015				2
2025.08.07	01:31:01.489		0.94032			4
2025.08.07	01:31:01.946	0.94014				2
2025.08.07	01:31:02.728		0.94031			4
2025.08.07	01:31:06.011	0.94013				2
2025.08.07	01:31:06.531	0.94015	0.94032			6
2025.08.07	01:31:07.425		0.94031			4
2025.08.07	01:31:11.990	0.94016	0.94030			6
2025.08.07	01:31:12.728	0.94015	0.94031			6
2025.08.07	01:31:14.058	0.94016	0.94030			6
2025.08.07	01:31:15.592	0.94015	0.94031			6
2025.08.07	01:31:20.206	0.94018	0.94033			6
2025.08.07	01:31:40.767	0.94014	0.94031			6
2025.08.07	01:31:41.690		0.94030			4
2025.08.07	01:31:48.094	0.94012	0.94029			6
2025.08.07	01:31:48.399		0.94028			4
2025.08.07	01:31:52.154	0.94013	0.94029			6
2025.08.07	01:31:59.934		0.94030			4
2025.08.07	01:32:00.446	0.94016	0.94032			6
2025.08.07	01:32:01.491	0.94017				2
2025.08.07	01:32:02.372	0.94016				2
2025.08.07	01:32:02.862		0.94031			4
2025.08.07	01:32:12.292		0.94032			4
2025.08.07	01:32:13.091		0.94031			4
2025.08.07	01:32:13.396		0.94032			4
2025.08.07	01:32:14.058		0.94031			4
2025.08.07	01:32:14.384		0.94032			4
2025.08.07	01:32:23.578		0.94031			4
2025.08.07	01:32:24.290		0.94032			4
2025.08.07	01:32:24.665		0.94031			4
2025.08.07	01:32:25.703		0.94032			4
2025.08.07	01:32:29.791		0.94031			4
2025.08.07	01:32:30.838	0.94014	0.94029			6
2025.08.07	01:32:31.866		0.94028			4
2025.08.07	01:32:32.478		0.94029			4
2025.08.07	01:32:39.176		0.94028			4
2025.08.07	01:32:40.340		0.94029			4
2025.08.07	01:32:40.934	0.94013				2
2025.08.07	01:32:49.279		0.94028			4
2025.08.07	01:32:50.090		0.94029			4
2025.08.07	01:32:55.460	0.94014	0.94028			6
2025.08.07	01:32:55.885	0.94013	0.94029			6
2025.08.07	01:33:00.219	0.94013				2
2025.08.07	01:33:00.845		0.94028			4
2025.08.07	01:33:01.667	0.94012				2
2025.08.07	01:33:03.873	0.94013				2
2025.08.07	01:33:08.530	0.94015	0.94031			6
2025.08.07	01:33:10.886	0.94014				2
2025.08.07	01:33:11.541	0.94017	0.94034			6
2025.08.07	01:33:11.990	0.94016	0.94031			6
2025.08.07	01:33:13.032		0.94032			4
2025.08.07	01:33:19.125	0.94015	0.94031			6
2025.08.07	01:33:19.458		0.94032			4
2025.08.07	01:33:22.565		0.94033			4
2025.08.07	01:33:23.473		0.94032			4
2025.08.07	01:33:26.580		0.94033			4
2025.08.07	01:33:32.510		0.94032			4
2025.08.07	01:33:32.927		0.94033			4
2025.08.07	01:33:42.135	0.94016	0.94032			6
2025.08.07	01:33:43.410	0.94015				2
2025.08.07	01:33:45.657		0.94033			4
2025.08.07	01:33:46.418		0.94032			4
2025.08.07	01:33:46.825		0.94033			4
2025.08.07	01:33:48.530		0.94032			4
2025.08.07	01:33:49.208	0.94016	0.94033			6
2025.08.07	01:33:49.778		0.94032			4
2025.08.07	01:33:51.571	0.94015				2
2025.08.07	01:33:51.877	0.94016				2
2025.08.07	01:33:53.390	0.94015	0.94033			6
2025.08.07	01:33:54.187	0.94013	0.94030			6
2025.08.07	01:33:57.838		0.94031			4
2025.08.07	01:33:59.818		0.94030			4
2025.08.07	01:34:00.681	0.94013				2
2025.08.07	01:34:01.944	0.94014				2
2025.08.07	01:34:03.954	0.94011	0.94028			6
2025.08.07	01:34:04.354		0.94027			4
2025.08.07	01:34:04.962		0.94026			4
2025.08.07	01:34:05.907		0.94029			4
2025.08.07	01:34:06.972	0.94013	0.94030			6
2025.08.07	01:34:08.352		0.94031			4
2025.08.07	01:34:16.258	0.94009	0.94026			6
2025.08.07	01:34:24.600	0.94013	0.94028			6
2025.08.07	01:34:25.616	0.94011	0.94029			6
2025.08.07	01:34:27.664	0.94012	0.94028			6
2025.08.07	01:34:34.966		0.94027			4
2025.08.07	01:34:37.792		0.94028			4
2025.08.07	01:34:40.757		0.94029			4
2025.08.07	01:34:42.196		0.94028			4
2025.08.07	01:35:01.332	0.94012				2
2025.08.07	01:35:02.457		0.94029			4
2025.08.07	01:35:05.815		0.94028			4
2025.08.07	01:35:09.892	0.94013				2
2025.08.07	01:35:20.418	0.94012				2
2025.08.07	01:35:23.282	0.94013	0.94029			6
2025.08.07	01:35:33.240	0.94012				2
2025.08.07	01:35:43.794	0.94013	0.94028			6
2025.08.07	01:35:48.004	0.94012				2
2025.08.07	01:35:49.024		0.94027			4
2025.08.07	01:35:51.890		0.94028			4
2025.08.07	01:36:00.666	0.94010	0.94027			6
2025.08.07	01:36:02.398	0.94009	0.94025			6
2025.08.07	01:36:03.785	0.94012	0.94028			6
2025.08.07	01:36:05.980	0.94010	0.94026			6
2025.08.07	01:36:10.855		0.94027			4
2025.08.07	01:36:20.092		0.94026			4
2025.08.07	01:36:23.077		0.94027			4
2025.08.07	01:36:28.707		0.94026			4
2025.08.07	01:36:30.071	0.94013	0.94029			6
2025.08.07	01:36:34.000		0.94028			4
2025.08.07	01:36:36.293		0.94029			4
2025.08.07	01:36:36.989		0.94028			4
2025.08.07	01:36:43.302		0.94029			4
2025.08.07	01:36:56.374	0.94012				2
2025.08.07	01:37:00.459	0.94012	0.94030			6
2025.08.07	01:37:02.384	0.94015	0.94031			6
2025.08.07	01:37:05.927	0.94014				2
2025.08.07	01:37:10.357	0.94016				2
2025.08.07	01:37:10.831	0.94013	0.94030			6
2025.08.07	01:37:16.403		0.94029			4
2025.08.07	01:37:19.190		0.94030			4
2025.08.07	01:37:21.391		0.94029			4
2025.08.07	01:37:43.512	0.94011	0.94028			6
2025.08.07	01:37:44.578	0.94012				2
2025.08.07	01:37:44.933	0.94011				2
2025.08.07	01:37:45.367	0.94013				2
2025.08.07	01:37:52.667	0.94012	0.94029			6
2025.08.07	01:37:55.904	0.94014				2
2025.08.07	01:37:56.364	0.94013	0.94028			6
2025.08.07	01:37:59.590	0.94011				2
2025.08.07	01:38:00.363	0.94011				2
2025.08.07	01:38:01.546	0.94012				2
2025.08.07	01:38:04.144	0.94016	0.94031			6
2025.08.07	01:38:05.300	0.94015				2
2025.08.07	01:38:07.216	0.94013	0.94029			6
2025.08.07	01:38:10.191	0.94014				2
2025.08.07	01:38:17.314	0.94012	0.94028			6
2025.08.07	01:38:18.890	0.94013				2
2025.08.07	01:38:19.402	0.94012	0.94029			6
2025.08.07	01:38:20.740	0.94014				2
2025.08.07	01:38:27.413	0.94015				2
2025.08.07	01:38:33.829	0.94014	0.94030			6
2025.08.07	01:38:35.525	0.94015	0.94029			6
2025.08.07	01:38:36.993	0.94012				2
2025.08.07	01:38:44.390	0.94013	0.94028			6
2025.08.07	01:38:46.792	0.94012	0.94029			6
2025.08.07	01:38:49.391	0.94013	0.94028			6
2025.08.07	01:39:00.384	0.94014				2
2025.08.07	01:39:00.690	0.94013				2
2025.08.07	01:39:05.447	0.94012				2
2025.08.07	01:39:08.091	0.94013	0.94027			6
2025.08.07	01:39:29.690		0.94028			4
2025.08.07	01:39:32.020		0.94027			4
2025.08.07	01:39:34.463	0.94012	0.94028			6
2025.08.07	01:39:39.291	0.94011				2
2025.08.07	01:39:44.259	0.94012	0.94027			6
2025.08.07	01:39:50.046		0.94028			4
2025.08.07	01:39:53.369		0.94027			4
2025.08.07	01:40:00.226	0.94011				2
2025.08.07	01:40:02.495	0.94012				2
2025.08.07	01:40:06.894	0.94011				2
2025.08.07	01:40:10.586	0.94012	0.94028			6
2025.08.07	01:40:10.897	0.94011				2
2025.08.07	01:40:11.545	0.94012				2
2025.08.07	01:40:15.731	0.94009				2
2025.08.07	01:40:16.037		0.94027			4
2025.08.07	01:40:16.499		0.94026			4
2025.08.07	01:40:22.188	0.94008				2
2025.08.07	01:40:25.332	0.94009				2
2025.08.07	01:40:27.002	0.94008				2
2025.08.07	01:40:38.941	0.94009				2
2025.08.07	01:40:40.674		0.94025			4
2025.08.07	01:40:47.107	0.94008				2
2025.08.07	01:40:48.867		0.94024			4
2025.08.07	01:40:50.984	0.94007				2
2025.08.07	01:40:52.048		0.94022			4
2025.08.07	01:40:55.293	0.94008	0.94023			6
2025.08.07	01:40:55.672	0.94009				2
2025.08.07	01:40:59.693		0.94022			4
2025.08.07	01:41:00.590	0.94009				2
2025.08.07	01:41:01.848	0.94007				2
2025.08.07	01:41:05.292	0.94006	0.94021			6
2025.08.07	01:41:05.789	0.94008	0.94024			6
2025.08.07	01:41:10.615		0.94023			4
2025.08.07	01:41:12.324	0.94005	0.94020			6
2025.08.07	01:41:20.625	0.94004				2
2025.08.07	01:41:39.191	0.94003	0.94018			6
2025.08.07	01:41:40.794	0.94004				2
2025.08.07	01:41:44.086	0.94003	0.94019			6
2025.08.07	01:41:44.479	0.94004				2
2025.08.07	01:41:55.791	0.94003				2
2025.08.07	01:41:56.974	0.94002				2
2025.08.07	01:41:57.659	0.94003				2
2025.08.07	01:42:02.441	0.94003				2
2025.08.07	01:42:12.328	0.93999	0.94016			6
2025.08.07	01:42:12.936	0.94000	0.94017			6
2025.08.07	01:42:14.353	0.94001	0.94016			6
2025.08.07	01:42:16.790	0.94000	0.94017			6
2025.08.07	01:42:19.678		0.94016			4
2025.08.07	01:42:21.590		0.94017			4
2025.08.07	01:42:27.969	0.94001	0.94016			6
2025.08.07	01:42:30.883	0.94000				2
2025.08.07	01:42:34.489		0.94017			4
2025.08.07	01:42:39.186	0.94002	0.94018			6
2025.08.07	01:42:41.468	0.94001	0.94017			6
2025.08.07	01:42:42.362	0.94002	0.94016			6
2025.08.07	01:42:52.496	0.94001				2
2025.08.07	01:42:53.037		0.94017			4
2025.08.07	01:42:59.397		0.94016			4
2025.08.07	01:43:00.448	0.94001				2
2025.08.07	01:43:02.355		0.94017			4
2025.08.07	01:43:03.591		0.94016			4
2025.08.07	01:43:06.504		0.94017			4
2025.08.07	01:43:08.692		0.94016			4
2025.08.07	01:43:11.690		0.94017			4
2025.08.07	01:43:14.090		0.94016			4
2025.08.07	01:43:16.858		0.94017			4
2025.08.07	01:43:20.091		0.94016			4
2025.08.07	01:43:23.170		0.94017			4
2025.08.07	01:43:24.079		0.94016			4
2025.08.07	01:43:26.306		0.94017			4
2025.08.07	01:43:27.797		0.94016			4
2025.08.07	01:43:29.414		0.94017			4
2025.08.07	01:43:30.958		0.94016			4
2025.08.07	01:43:32.528		0.94017			4
2025.08.07	01:43:33.030		0.94016			4
2025.08.07	01:43:33.561		0.94017			4
2025.08.07	01:43:36.087		0.94016			4
2025.08.07	01:43:37.703		0.94017			4
2025.08.07	01:43:39.196		0.94016			4
2025.08.07	01:43:40.811		0.94017			4
2025.08.07	01:43:41.974		0.94016			4
2025.08.07	01:43:42.883		0.94017			4
2025.08.07	01:44:01.183	0.94001				2
2025.08.07	01:44:06.868	0.94003	0.94018			6
2025.08.07	01:44:07.714	0.94001	0.94017			6
2025.08.07	01:44:15.411	0.94003	0.94018			6
2025.08.07	01:44:25.485	0.94001	0.94017			6
2025.08.07	01:44:30.756	0.94002				2
2025.08.07	01:44:54.739		0.94016			4
2025.08.07	01:45:00.565	0.94002				2
2025.08.07	01:45:00.867		0.94017			4
2025.08.07	01:45:03.998	0.94004				2
2025.08.07	01:45:09.248	0.94003	0.94019			6
2025.08.07	01:45:09.558	0.94002	0.94018			6
2025.08.07	01:45:10.030	0.94004				2
2025.08.07	01:45:10.879	0.94002	0.94019			6
2025.08.07	01:45:12.700	0.94004	0.94017			6
2025.08.07	01:45:15.129	0.94005				2
2025.08.07	01:45:19.196	0.94004				2
2025.08.07	01:45:21.090		0.94018			4
2025.08.07	01:45:21.924	0.94003	0.94016			6
2025.08.07	01:45:29.391	0.94002	0.94017			6
2025.08.07	01:45:32.390	0.94003	0.94016			6
2025.08.07	01:45:36.891		0.94017			4
2025.08.07	01:45:38.668	0.94002				2
2025.08.07	01:45:41.955	0.94003	0.94018			6
2025.08.07	01:45:47.350		0.94019			4
2025.08.07	01:46:00.574	0.94003				2
2025.08.07	01:46:02.516	0.94004				2
2025.08.07	01:46:09.169	0.94002	0.94017			6
2025.08.07	01:46:11.728		0.94018			4
2025.08.07	01:46:13.388	0.94003	0.94017			6
2025.08.07	01:46:16.194	0.94002	0.94018			6
2025.08.07	01:46:25.732	0.94003	0.94017			6
2025.08.07	01:46:33.078	0.94002				2
2025.08.07	01:46:38.074	0.94003	0.94016			6
2025.08.07	01:46:39.235	0.94002	0.94017			6
2025.08.07	01:46:39.981	0.93999	0.94016			6
2025.08.07	01:46:42.289	0.94000	0.94015			6
2025.08.07	01:46:51.589	0.93999				2
2025.08.07	01:46:55.793	0.94000				2
2025.08.07	01:46:57.042	0.93999	0.94016			6
2025.08.07	01:46:57.363	0.94000	0.94015			6
2025.08.07	01:46:58.396	0.93999				2
2025.08.07	01:46:59.531	0.94000				2
2025.08.07	01:47:00.578	0.94000				2
2025.08.07	01:47:04.594		0.94016			4
2025.08.07	01:47:08.353		0.94015			4
2025.08.07	01:47:08.658	0.94001	0.94014			6
2025.08.07	01:47:10.929	0.94000	0.94015			6
2025.08.07	01:47:16.494		0.94016			4
2025.08.07	01:47:19.189		0.94015			4
2025.08.07	01:47:25.563		0.94016			4
2025.08.07	01:47:30.864	0.94003	0.94018			6
2025.08.07	01:47:33.845	0.94001	0.94017			6
2025.08.07	01:47:34.169	0.94002				2
2025.08.07	01:47:35.109	0.94001				2
2025.08.07	01:47:40.264	0.94002				2
2025.08.07	01:47:50.494	0.94003				2
2025.08.07	01:47:50.896	0.94004	0.94018			6
2025.08.07	01:47:53.000	0.94002	0.94019			6
2025.08.07	01:47:53.317	0.94005	0.94020			6
2025.08.07	01:47:55.523	0.94008	0.94023			6
2025.08.07	01:48:00.534	0.94008				2
2025.08.07	01:48:01.546	0.94005	0.94020			6
2025.08.07	01:48:03.621	0.94006	0.94021			6
2025.08.07	01:48:50.511	0.94005				2
2025.08.07	01:49:01.460	0.94005				2
2025.08.07	01:49:03.378		0.94020			4
2025.08.07	01:49:07.795	0.94008	0.94021			6
2025.08.07	01:49:08.826	0.94005				2
2025.08.07	01:49:09.858	0.94008				2
2025.08.07	01:49:10.237	0.94005				2
2025.08.07	01:49:10.555	0.94008				2
2025.08.07	01:49:10.902	0.94005				2
2025.08.07	01:49:11.260	0.94008				2
2025.08.07	01:49:11.670	0.94005				2
2025.08.07	01:49:34.561	0.94008	0.94022			6
2025.08.07	01:49:35.273		0.94021			4
2025.08.07	01:49:39.594	0.94007				2
2025.08.07	01:49:45.538	0.94006				2
2025.08.07	01:50:04.632	0.94006				2
2025.08.07	01:50:34.374	0.94005				2
2025.08.07	01:50:35.445		0.94021			4
2025.08.07	01:50:38.351	0.94006				2
2025.08.07	01:50:54.328	0.94005				2
2025.08.07	01:50:58.377	0.94006				2
2025.08.07	01:51:00.080	0.94006				2
2025.08.07	01:51:00.455	0.94007				2
2025.08.07	01:51:10.123	0.94006				2
2025.08.07	01:51:10.515		0.94022			4
2025.08.07	01:51:11.485		0.94021			4
2025.08.07	01:51:16.266	0.94007				2
2025.08.07	01:51:17.466	0.94006				2
2025.08.07	01:51:18.338	0.94007				2
2025.08.07	01:51:32.782	0.94006				2
2025.08.07	01:51:34.454	0.94007				2
2025.08.07	01:51:36.538	0.94006	0.94022			6
2025.08.07	01:51:39.894	0.94008				2
2025.08.07	01:51:40.197	0.94007				2
2025.08.07	01:51:43.379	0.94006	0.94021			6
2025.08.07	01:51:52.790		0.94022			4
2025.08.07	01:51:56.456	0.94002	0.94018			6
2025.08.07	01:52:04.441	0.94002				2
2025.08.07	01:52:06.496	0.94001				2
2025.08.07	01:52:19.317		0.94017			4
2025.08.07	01:52:45.374	0.94002	0.94018			6
2025.08.07	01:52:47.378	0.94003	0.94020			6
2025.08.07	01:53:00.999	0.94003				2
2025.08.07	01:53:05.175	0.94005	0.94021			6
2025.08.07	01:53:08.568	0.94003	0.94020			6
2025.08.07	01:53:13.512	0.94004				2
2025.08.07	01:53:17.159	0.94006				2
2025.08.07	01:53:27.676		0.94022			4
2025.08.07	01:53:28.306		0.94020			4
2025.08.07	01:53:29.901	0.94005	0.94021			6
2025.08.07	01:53:38.847		0.94020			4
2025.08.07	01:53:47.818	0.94006	0.94021			6
2025.08.07	01:54:00.007	0.94006				2
2025.08.07	01:54:21.011	0.94007				2
2025.08.07	01:54:38.851	0.94006				2
2025.08.07	01:54:39.693	0.94007				2
2025.08.07	01:54:44.460	0.94006				2
2025.08.07	01:54:57.536		0.94021			4
2025.08.07	01:54:59.589	0.94007				2
2025.08.07	01:55:01.065	0.94007				2
2025.08.07	01:55:03.669	0.94011	0.94025			6
2025.08.07	01:55:06.407	0.94012	0.94026			6
2025.08.07	01:55:07.945		0.94025			4
2025.08.07	01:55:09.072		0.94026			4
2025.08.07	01:55:09.605	0.94011				2
2025.08.07	01:55:11.370	0.94013	0.94027			6
2025.08.07	01:55:13.495	0.94012	0.94026			6
2025.08.07	01:55:13.829	0.94011				2
2025.08.07	01:55:21.528	0.94012	0.94027			6
2025.08.07	01:55:22.045	0.94015	0.94028			6
2025.08.07	01:55:26.378		0.94029			4
2025.08.07	01:55:28.845		0.94028			4
2025.08.07	01:55:30.367	0.94013	0.94026			6
2025.08.07	01:55:30.905		0.94027			4
2025.08.07	01:55:52.765	0.94014				2
2025.08.07	01:55:53.278		0.94028			4
2025.08.07	01:55:56.131	0.94013				2
2025.08.07	01:55:56.450		0.94029			4
2025.08.07	01:56:00.481	0.94013				2
2025.08.07	01:56:04.865		0.94028			4
2025.08.07	01:56:16.115		0.94027			4
2025.08.07	01:56:20.468	0.94014				2
2025.08.07	01:56:24.072	0.94013				2
2025.08.07	01:56:36.999		0.94029			4
2025.08.07	01:56:47.956		0.94028			4
2025.08.07	01:56:48.380		0.94029			4
2025.08.07	01:56:48.991		0.94028			4
2025.08.07	01:56:49.474		0.94029			4
2025.08.07	01:56:50.024		0.94028			4
2025.08.07	01:56:50.502		0.94029			4
2025.08.07	01:56:51.059		0.94028			4
2025.08.07	01:56:51.382		0.94029			4
2025.08.07	01:56:52.998		0.94028			4
2025.08.07	01:56:53.941		0.94029			4
2025.08.07	01:57:00.060	0.94013				2
2025.08.07	01:57:00.678		0.94027			4
2025.08.07	01:57:01.744		0.94029			4
2025.08.07	01:57:06.986	0.94011	0.94026			6
2025.08.07	01:57:07.300	0.94010	0.94027			6
2025.08.07	01:57:12.197	0.94009	0.94026			6
2025.08.07	01:57:15.259	0.94010				2
2025.08.07	01:57:15.592		0.94027			4
2025.08.07	01:57:16.431		0.94026			4
2025.08.07	01:57:17.601	0.94011	0.94027			6
2025.08.07	01:57:25.391	0.94014				2
2025.08.07	01:57:27.601	0.94010				2
2025.08.07	01:57:28.316	0.94011				2
2025.08.07	01:57:34.869		0.94026			4
2025.08.07	01:57:35.178		0.94027			4
2025.08.07	01:57:40.490	0.94010	0.94023			6
2025.08.07	01:57:46.862		0.94022			4
2025.08.07	01:57:48.025		0.94023			4
2025.08.07	01:57:49.345	0.94009				2
2025.08.07	01:57:49.968	0.94010				2
2025.08.07	01:57:51.079	0.94009				2
2025.08.07	01:57:53.077	0.94008				2
2025.08.07	01:57:53.401	0.94011	0.94024			6
2025.08.07	01:57:54.445		0.94023			4
2025.08.07	01:57:54.745		0.94024			4
2025.08.07	01:58:00.180	0.94011				2
2025.08.07	01:58:00.692		0.94023			4
2025.08.07	01:58:07.793	0.94010				2
2025.08.07	01:58:45.102	0.94011				2
2025.08.07	01:58:45.474	0.94009				2
2025.08.07	01:58:50.530		0.94022			4
2025.08.07	01:58:54.765	0.94008				2
2025.08.07	01:59:00.267	0.94008				2
2025.08.07	01:59:00.721	0.94007				2
2025.08.07	01:59:03.150	0.94008	0.94023			6
2025.08.07	01:59:04.025	0.94009				2
2025.08.07	01:59:13.190		0.94022			4
2025.08.07	01:59:23.690		0.94023			4
2025.08.07	01:59:25.544	0.94011	0.94025			6
2025.08.07	01:59:30.753	0.94012				2
2025.08.07	01:59:45.368	0.94014	0.94026			6
2025.08.07	01:59:47.520	0.94015				2
2025.08.07	01:59:50.444	0.94014	0.94027			6
2025.08.07	02:00:00.318	0.94014	0.94029			6
2025.08.07	02:00:00.619	0.94013	0.94028			6
2025.08.07	02:00:00.983		0.94029			4
2025.08.07	02:00:02.080	0.94015	0.94028			6
2025.08.07	02:00:05.312	0.94014				2
2025.08.07	02:00:05.697		0.94027			4
2025.08.07	02:00:06.312		0.94028			4
2025.08.07	02:00:07.202	0.94013				2
2025.08.07	02:00:09.010		0.94027			4
2025.08.07	02:00:09.865	0.94012				2
2025.08.07	02:00:10.722		0.94026			4
2025.08.07	02:00:12.194	0.94011				2
2025.08.07	02:00:13.862	0.94010	0.94025			6
2025.08.07	02:00:15.997		0.94026			4
2025.08.07	02:00:18.062	0.94011	0.94024			6
2025.08.07	02:00:18.851	0.94012				2
2025.08.07	02:00:19.239	0.94011				2
2025.08.07	02:00:19.883	0.94010	0.94022			6
2025.08.07	02:00:21.280		0.94023			4
2025.08.07	02:00:21.957	0.94011	0.94022			6
2025.08.07	02:00:22.328	0.94010	0.94023			6
2025.08.07	02:00:22.988	0.94011	0.94022			6
2025.08.07	02:00:23.347	0.94010	0.94023			6
2025.08.07	02:00:28.429	0.94011	0.94022			6
2025.08.07	02:00:30.579	0.94010	0.94023			6
2025.08.07	02:00:33.611	0.94008				2
2025.08.07	02:00:34.645	0.94009				2
2025.08.07	02:00:35.414		0.94021			4
2025.08.07	02:00:35.798	0.94008	0.94022			6
2025.08.07	02:00:36.504	0.94006				2
2025.08.07	02:00:37.625	0.94007				2
2025.08.07	02:00:41.625	0.94008	0.94021			6
2025.08.07	02:00:44.885	0.94007	0.94022			6
2025.08.07	02:00:45.356	0.94009				2
2025.08.07	02:00:46.194	0.94008	0.94023			6
2025.08.07	02:00:49.632	0.94011				2
2025.08.07	02:00:50.938	0.94010				2
2025.08.07	02:00:52.816	0.94011	0.94022			6
2025.08.07	02:00:53.160		0.94023			4
2025.08.07	02:00:54.060		0.94024			4
2025.08.07	02:00:57.436		0.94023			4
2025.08.07	02:00:59.502	0.94012				2
2025.08.07	02:01:00.387	0.94012				2
2025.08.07	02:01:00.699	0.94008	0.94022			6
2025.08.07	02:01:01.932		0.94021			4
2025.08.07	02:01:04.180		0.94022			4
2025.08.07	02:01:08.048		0.94021			4
2025.08.07	02:01:08.722		0.94022			4
2025.08.07	02:01:09.083		0.94021			4
2025.08.07	02:01:11.299		0.94022			4
2025.08.07	02:01:14.263		0.94021			4
2025.08.07	02:01:16.396		0.94022			4
2025.08.07	02:01:18.372		0.94021			4
2025.08.07	02:01:22.749		0.94022			4
2025.08.07	02:01:25.659		0.94021			4
2025.08.07	02:01:28.003		0.94022			4
2025.08.07	02:01:30.834		0.94021			4
2025.08.07	02:01:33.226		0.94022			4
2025.08.07	02:01:37.052		0.94021			4
2025.08.07	02:01:38.377		0.94022			4
2025.08.07	02:01:39.414		0.94021			4
2025.08.07	02:01:40.450		0.94022			4
2025.08.07	02:01:45.369		0.94023			4
2025.08.07	02:01:45.741	0.94010				2
2025.08.07	02:01:46.499	0.94009				2
2025.08.07	02:01:49.413	0.94011	0.94025			6
2025.08.07	02:02:00.638	0.94011				2
2025.08.07	02:02:01.288	0.94009	0.94022			6
2025.08.07	02:02:02.335	0.94008	0.94021			6
2025.08.07	02:02:03.416	0.94009	0.94020			6
2025.08.07	02:02:05.486	0.94008	0.94021			6
2025.08.07	02:02:22.191	0.94007				2
2025.08.07	02:02:28.128		0.94020			4
2025.08.07	02:02:28.447		0.94021			4
2025.08.07	02:02:29.926	0.94010				2
2025.08.07	02:02:30.259	0.94009	0.94020			6
2025.08.07	02:02:31.472	0.94010	0.94021			6
2025.08.07	02:02:32.381	0.94009	0.94020			6
2025.08.07	02:02:32.683	0.94010	0.94021			6
2025.08.07	02:02:33.289	0.94009	0.94020			6
2025.08.07	02:02:33.590	0.94007				2
2025.08.07	02:02:36.312	0.94008	0.94019			6
2025.08.07	02:02:36.737	0.94007	0.94020			6
2025.08.07	02:02:37.356	0.94009	0.94019			6
2025.08.07	02:02:37.736	0.94007	0.94020			6
2025.08.07	02:02:38.386	0.94009	0.94019			6
2025.08.07	02:02:38.805	0.94008	0.94020			6
2025.08.07	02:02:39.442	0.94009	0.94019			6
2025.08.07	02:02:39.840	0.94008	0.94020			6
2025.08.07	02:02:40.487	0.94009	0.94019			6
2025.08.07	02:02:40.876	0.94008	0.94020			6
2025.08.07	02:02:41.530		0.94019			4
2025.08.07	02:02:41.913	0.94007	0.94020			6
2025.08.07	02:02:42.574	0.94009	0.94019			6
2025.08.07	02:02:42.950	0.94008	0.94020			6
2025.08.07	02:02:43.622	0.94009	0.94019			6
2025.08.07	02:02:43.984	0.94008	0.94020			6
2025.08.07	02:02:44.415	0.94009	0.94021			6
2025.08.07	02:02:45.371	0.94008				2
2025.08.07	02:02:52.492		0.94020			4
2025.08.07	02:02:53.595	0.94007				2
2025.08.07	02:03:00.379	0.94008	0.94018			6
2025.08.07	02:03:00.681	0.94007	0.94020			6
2025.08.07	02:03:06.913	0.94006				2
2025.08.07	02:03:07.760	0.94007	0.94019			6
2025.08.07	02:03:08.069	0.94006	0.94020			6
2025.08.07	02:03:08.770	0.94008	0.94019			6
2025.08.07	02:03:09.083	0.94006				2
2025.08.07	02:03:10.399		0.94020			4
2025.08.07	02:03:13.207	0.94007	0.94019			6
2025.08.07	02:03:13.560	0.94006	0.94020			6
2025.08.07	02:03:19.223	0.94007				2
2025.08.07	02:03:19.639	0.94008	0.94019			6
2025.08.07	02:03:19.960	0.94006	0.94020			6
2025.08.07	02:03:20.949	0.94007				2
2025.08.07	02:03:22.016	0.94006				2
2025.08.07	02:03:27.179	0.94008				2
2025.08.07	02:03:30.367	0.94007				2
2025.08.07	02:03:39.588	0.94006				2
2025.08.07	02:03:42.725		0.94019			4
2025.08.07	02:03:57.013	0.94005				2
2025.08.07	02:04:00.383	0.94006	0.94017			6
2025.08.07	02:04:00.738	0.94005	0.94018			6
2025.08.07	02:04:01.162	0.94004				2
2025.08.07	02:04:01.478	0.94005	0.94017			6
2025.08.07	02:04:01.882	0.94004	0.94018			6
2025.08.07	02:04:02.693		0.94017			4
2025.08.07	02:04:05.683	0.94003				2
2025.08.07	02:04:05.992		0.94018			4
2025.08.07	02:04:07.030		0.94017			4
2025.08.07	02:04:07.376		0.94018			4
2025.08.07	02:04:08.980		0.94017			4
2025.08.07	02:04:09.284		0.94018			4
2025.08.07	02:04:10.070		0.94017			4
2025.08.07	02:04:10.435		0.94018			4
2025.08.07	02:04:11.077		0.94017			4
2025.08.07	02:04:12.095		0.94016			4
2025.08.07	02:04:17.400	0.94004	0.94015			6
2025.08.07	02:04:17.736	0.94003	0.94016			6
2025.08.07	02:04:18.447		0.94015			4
2025.08.07	02:04:19.680		0.94016			4
2025.08.07	02:04:22.431		0.94015			4
2025.08.07	02:04:22.755		0.94016			4
2025.08.07	02:04:25.470	0.94004	0.94018			6
2025.08.07	02:04:26.750	0.94003	0.94015			6
2025.08.07	02:04:27.810		0.94014			4
2025.08.07	02:04:28.392	0.94004	0.94015			6
2025.08.07	02:04:29.945	0.94003	0.94014			6
2025.08.07	02:04:30.248		0.94013			4
2025.08.07	02:04:32.063		0.94014			4
2025.08.07	02:04:42.311		0.94013			4
2025.08.07	02:04:45.080		0.94014			4
2025.08.07	02:04:46.456		0.94013			4
2025.08.07	02:04:53.832		0.94014			4
2025.08.07	02:04:54.143		0.94013			4
2025.08.07	02:04:59.983	0.94005	0.94015			6
2025.08.07	02:05:00.285	0.94005	0.94016			6
2025.08.07	02:05:00.662	0.94006	0.94018			6
2025.08.07	02:05:01.060		0.94015			4
2025.08.07	02:05:01.386	0.94005	0.94018			6
2025.08.07	02:05:02.820		0.94016			4
2025.08.07	02:05:05.207	0.94006				2
2025.08.07	02:05:11.699	0.94004				2
2025.08.07	02:05:12.896	0.94006				2
2025.08.07	02:05:18.399	0.94005	0.94017			6
2025.08.07	02:05:20.111	0.94006				2
2025.08.07	02:05:27.363		0.94016			4
2025.08.07	02:05:29.091		0.94017			4
2025.08.07	02:05:45.230	0.94008	0.94018			6
2025.08.07	02:05:47.091	0.94009				2
2025.08.07	02:05:52.060	0.94008				2
2025.08.07	02:06:00.671	0.94007				2
2025.08.07	02:06:01.738	0.94006	0.94017			6
2025.08.07	02:06:02.232	0.94005	0.94016			6
2025.08.07	02:06:09.692	0.94006				2
2025.08.07	02:06:15.591	0.94007				2
2025.08.07	02:06:23.971	0.94006	0.94017			6
2025.08.07	02:06:28.390	0.94007				2
2025.08.07	02:06:29.102	0.94008				2
2025.08.07	02:06:38.020	0.94007				2
2025.08.07	02:06:38.800		0.94018			4
2025.08.07	02:06:41.003	0.94006				2
2025.08.07	02:06:45.360	0.94007	0.94019			6
2025.08.07	02:06:49.157	0.94011				2
2025.08.07	02:06:49.468	0.94009				2
2025.08.07	02:07:00.648	0.94007	0.94018			6
2025.08.07	02:07:03.635	0.94006	0.94019			6
2025.08.07	02:07:15.183	0.94007				2
2025.08.07	02:07:16.441	0.94004	0.94017			6
2025.08.07	02:07:18.364		0.94019			4
2025.08.07	02:07:24.659	0.94005				2
2025.08.07	02:07:28.734	0.94004				2
2025.08.07	02:07:30.873	0.94005				2
2025.08.07	02:07:31.964		0.94020			4
2025.08.07	02:07:34.896	0.94006				2
2025.08.07	02:07:45.354	0.94010	0.94021			6
2025.08.07	02:07:47.376	0.94011				2
2025.08.07	02:07:50.497	0.94010				2
2025.08.07	02:08:00.523	0.94007				2
2025.08.07	02:08:06.604		0.94020			4
2025.08.07	02:08:15.282	0.94008				2
2025.08.07	02:08:19.285	0.94007				2
2025.08.07	02:08:24.351	0.94008				2
2025.08.07	02:08:29.596	0.94007				2
2025.08.07	02:08:32.193	0.94006	0.94021			6
2025.08.07	02:08:37.791	0.94007				2
2025.08.07	02:08:41.991	0.94009	0.94022			6
2025.08.07	02:08:43.207	0.94007	0.94021			6
2025.08.07	02:08:44.403	0.94008				2
2025.08.07	02:08:45.357	0.94011	0.94022			6
2025.08.07	02:08:45.703	0.94010	0.94023			6
2025.08.07	02:08:51.480		0.94022			4
2025.08.07	02:08:55.790	0.94009	0.94021			6
2025.08.07	02:08:58.190		0.94022			4
2025.08.07	02:09:00.353	0.94009				2
2025.08.07	02:09:13.967	0.94008	0.94020			6
2025.08.07	02:09:15.533		0.94022			4
2025.08.07	02:09:16.344		0.94021			4
2025.08.07	02:09:16.660		0.94020			4
2025.08.07	02:09:19.286		0.94021			4
2025.08.07	02:09:26.884	0.94009	0.94020			6
2025.08.07	02:09:35.476	0.94008	0.94021			6
2025.08.07	02:09:40.499	0.94009				2
2025.08.07	02:09:45.376	0.94010	0.94022			6
2025.08.07	02:09:46.365	0.94009	0.94023			6
2025.08.07	02:09:53.327	0.94010				2
2025.08.07	02:10:00.366	0.94010				2
2025.08.07	02:10:00.728		0.94022			4
2025.08.07	02:10:03.611	0.94007	0.94020			6
2025.08.07	02:10:04.349	0.94006				2
2025.08.07	02:10:08.091		0.94019			4
2025.08.07	02:10:18.591		0.94020			4
2025.08.07	02:10:31.149	0.94007	0.94019			6
2025.08.07	02:10:32.349	0.94006				2
2025.08.07	02:10:34.323	0.94008	0.94018			6
2025.08.07	02:10:36.159	0.94007	0.94019			6
2025.08.07	02:10:48.891	0.94004				2
2025.08.07	02:10:50.349		0.94018			4
2025.08.07	02:10:51.588		0.94019			4
2025.08.07	02:10:52.345		0.94018			4
2025.08.07	02:10:52.738		0.94019			4
2025.08.07	02:10:53.968		0.94020			4
2025.08.07	02:10:55.315	0.94005				2
2025.08.07	02:10:56.790	0.94006	0.94019			6
2025.08.07	02:10:58.704		0.94020			4
2025.08.07	02:11:00.279	0.94006				2
2025.08.07	02:11:00.690		0.94019			4
2025.08.07	02:11:02.746	0.94005				2
2025.08.07	02:11:15.871		0.94018			4
2025.08.07	02:11:16.270		0.94019			4
2025.08.07	02:11:17.127		0.94020			4
2025.08.07	02:11:22.791	0.94006	0.94019			6
2025.08.07	02:11:23.991	0.94005	0.94020			6
2025.08.07	02:11:24.386		0.94019			4
2025.08.07	02:11:25.454	0.94006				2
2025.08.07	02:11:39.924	0.94005	0.94018			6
2025.08.07	02:11:41.973	0.94006	0.94019			6
2025.08.07	02:11:44.523		0.94020			4
2025.08.07	02:11:53.833	0.94005				2
2025.08.07	02:12:00.682	0.94006	0.94019			6
2025.08.07	02:12:02.240	0.94005				2
2025.08.07	02:12:02.719		0.94020			4
2025.08.07	02:12:05.774		0.94019			4
2025.08.07	02:12:06.367		0.94020			4
2025.08.07	02:12:06.784		0.94019			4
2025.08.07	02:12:13.010	0.94006				2
2025.08.07	02:12:13.905		0.94018			4
2025.08.07	02:12:14.252	0.94005	0.94019			6
2025.08.07	02:12:16.193	0.94006				2
2025.08.07	02:12:22.417	0.94005				2
2025.08.07	02:12:23.443	0.94004	0.94017			6
2025.08.07	02:12:24.452	0.94005				2
2025.08.07	02:12:28.719	0.94004				2
2025.08.07	02:12:55.668	0.94005	0.94018			6
2025.08.07	02:13:00.681	0.94006	0.94017			6
2025.08.07	02:13:03.451	0.94005				2
2025.08.07	02:13:03.846	0.94006				2
2025.08.07	02:13:06.466	0.94004				2
2025.08.07	02:13:06.954	0.94005				2
2025.08.07	02:13:07.495		0.94016			4
2025.08.07	02:13:08.751	0.94004				2
2025.08.07	02:13:11.727	0.94005				2
2025.08.07	02:13:12.665	0.94004				2
2025.08.07	02:13:13.800	0.94005				2
2025.08.07	02:13:15.170	0.94004				2
2025.08.07	02:13:15.757	0.94005				2
2025.08.07	02:13:18.093	0.94004				2
2025.08.07	02:13:20.309	0.94005				2
2025.08.07	02:13:25.976	0.94004				2
2025.08.07	02:13:26.711	0.94005				2
2025.08.07	02:13:27.824	0.94004				2
2025.08.07	02:13:29.897	0.94005				2
2025.08.07	02:13:31.945	0.94004				2
2025.08.07	02:13:32.977	0.94005				2
2025.08.07	02:13:33.309	0.94004				2
2025.08.07	02:13:35.825	0.94005				2
2025.08.07	02:13:36.213	0.94004				2
2025.08.07	02:13:37.912	0.94005				2
2025.08.07	02:13:40.195	0.94004				2
2025.08.07	02:13:41.181	0.94005				2
2025.08.07	02:13:42.180	0.94004				2
2025.08.07	02:13:43.180	0.94005				2
2025.08.07	02:13:44.381	0.94004				2
2025.08.07	02:13:51.527		0.94017			4
2025.08.07	02:13:54.044	0.94002	0.94015			6
2025.08.07	02:13:55.135	0.94000	0.94014			6
2025.08.07	02:13:57.397		0.94013			4
2025.08.07	02:13:57.837		0.94014			4
2025.08.07	02:14:00.574	0.94000	0.94013			6
2025.08.07	02:14:03.442		0.94014			4
2025.08.07	02:14:04.288	0.94001				2
2025.08.07	02:14:04.637	0.94000				2
2025.08.07	02:14:07.677		0.94010			4
2025.08.07	02:14:07.980		0.94014			4
2025.08.07	02:14:08.526		0.94008			4
2025.08.07	02:14:08.838		0.94014			4
2025.08.07	02:14:09.725		0.94010			4
2025.08.07	02:14:10.052		0.94013			4
2025.08.07	02:14:10.548		0.94014			4
2025.08.07	02:14:10.996		0.94010			4
2025.08.07	02:14:11.310		0.94014			4
2025.08.07	02:14:12.990	0.94001				2
2025.08.07	02:14:16.124		0.94013			4
2025.08.07	02:14:21.655		0.94014			4
2025.08.07	02:14:24.475	0.94000				2
2025.08.07	02:14:25.161		0.94013			4
2025.08.07	02:14:26.889		0.94014			4
2025.08.07	02:14:31.947		0.94013			4
2025.08.07	02:14:36.028		0.94014			4
2025.08.07	02:14:44.348		0.94013			4
2025.08.07	02:14:45.364	0.94001	0.94014			6
2025.08.07	02:14:52.346	0.94000	0.94013			6
2025.08.07	02:14:54.349	0.94001	0.94014			6
2025.08.07	02:14:55.376		0.94013			4
2025.08.07	02:14:57.587	0.94000				2
2025.08.07	02:15:00.303	0.94000				2
2025.08.07	02:15:03.711	0.94001				2
2025.08.07	02:15:04.692	0.94000				2
2025.08.07	02:15:13.432		0.94014			4
2025.08.07	02:15:14.418		0.94013			4
2025.08.07	02:15:18.869		0.94012			4
2025.08.07	02:15:19.283	0.94001				2
2025.08.07	02:15:39.416	0.94000				2
2025.08.07	02:15:41.416	0.94001	0.94014			6
2025.08.07	02:15:44.091		0.94015			4
2025.08.07	02:16:00.655	0.94000	0.94014			6
2025.08.07	02:16:01.680	0.94001				2
2025.08.07	02:16:03.455	0.94000				2
2025.08.07	02:16:05.544		0.94015			4
2025.08.07	02:16:05.855		0.94014			4
2025.08.07	02:16:06.975	0.94001				2
2025.08.07	02:16:08.010	0.94000				2
2025.08.07	02:16:11.474	0.94001				2
2025.08.07	02:16:11.957		0.94013			4
2025.08.07	02:16:19.000		0.94014			4
2025.08.07	02:16:45.899	0.94000				2
2025.08.07	02:16:46.210	0.94001				2
2025.08.07	02:16:47.963	0.94000				2
2025.08.07	02:16:50.582		0.94013			4
2025.08.07	02:16:51.168		0.94014			4
2025.08.07	02:16:51.703		0.94013			4
2025.08.07	02:16:53.153		0.94014			4
2025.08.07	02:16:54.216		0.94013			4
2025.08.07	02:16:55.345		0.94014			4
2025.08.07	02:16:55.647	0.94001				2
2025.08.07	02:16:57.841	0.94000	0.94013			6
2025.08.07	02:16:58.781		0.94014			4
2025.08.07	02:17:00.400	0.94000	0.94013			6
2025.08.07	02:17:03.802		0.94012			4
2025.08.07	02:17:07.978		0.94013			4
2025.08.07	02:17:09.022		0.94012			4
2025.08.07	02:17:15.045		0.94014			4
2025.08.07	02:17:16.080		0.94013			4
2025.08.07	02:17:18.178		0.94014			4
2025.08.07	02:17:25.487		0.94013			4
2025.08.07	02:17:36.159	0.94001	0.94014			6
2025.08.07	02:17:38.607	0.94000				2
2025.08.07	02:17:39.081		0.94013			4
2025.08.07	02:17:42.453	0.94001				2
2025.08.07	02:17:45.428		0.94014			4
2025.08.07	02:17:54.623		0.94013			4
2025.08.07	02:17:54.928		0.94014			4
2025.08.07	02:18:00.063	0.94001				2
2025.08.07	02:18:00.644		0.94013			4
2025.08.07	02:18:13.481		0.94014			4
2025.08.07	02:18:13.835		0.94012			4
2025.08.07	02:18:14.190		0.94013			4
2025.08.07	02:18:18.125		0.94012			4
2025.08.07	02:18:21.159		0.94013			4
2025.08.07	02:18:24.059		0.94012			4
2025.08.07	02:18:27.250		0.94013			4
2025.08.07	02:18:30.336		0.94012			4
2025.08.07	02:18:31.011		0.94014			4
2025.08.07	02:18:35.100	0.94000	0.94013			6
2025.08.07	02:18:39.986		0.94012			4
2025.08.07	02:18:40.330		0.94013			4
2025.08.07	02:18:41.926		0.94012			4
2025.08.07	02:18:42.235		0.94013			4
2025.08.07	02:18:53.600		0.94012			4
2025.08.07	02:18:54.308		0.94013			4
2025.08.07	02:18:56.142		0.94012			4
2025.08.07	02:18:56.537		0.94013			4
2025.08.07	02:18:58.414		0.94012			4
2025.08.07	02:18:58.814		0.94013			4
2025.08.07	02:18:59.228		0.94012			4
2025.08.07	02:18:59.538		0.94013			4
2025.08.07	02:19:00.352	0.94000	0.94012			6
2025.08.07	02:19:00.659		0.94013			4
2025.08.07	02:19:18.958		0.94012			4
2025.08.07	02:19:42.844		0.94013			4
2025.08.07	02:19:45.372	0.94001	0.94014			6
2025.08.07	02:19:46.489	0.94000				2
2025.08.07	02:19:47.379	0.94001				2
2025.08.07	02:19:56.783	0.94000				2
2025.08.07	02:19:57.528	0.94001				2
2025.08.07	02:19:58.560	0.94000	0.94013			6
2025.08.07	02:19:59.691		0.94012			4
2025.08.07	02:20:00.511	0.94000				2
2025.08.07	02:20:05.357		0.94013			4
2025.08.07	02:20:21.520		0.94012			4
2025.08.07	02:20:25.120	0.94001				2
2025.08.07	02:20:37.099		0.94013			4
2025.08.07	02:20:40.145	0.93999	0.94012			6
2025.08.07	02:20:43.289	0.93998				2
2025.08.07	02:20:49.285		0.94010			4
2025.08.07	02:20:49.655		0.94012			4
2025.08.07	02:20:54.417		0.94010			4
2025.08.07	02:20:54.777		0.94012			4
2025.08.07	02:20:55.717	0.93999				2
2025.08.07	02:20:56.756	0.94000				2
2025.08.07	02:20:57.727	0.93999				2
2025.08.07	02:21:00.379	0.93998	0.94010			6
2025.08.07	02:21:00.680	0.93999	0.94012			6
2025.08.07	02:21:05.133		0.94011			4
2025.08.07	02:21:05.629		0.94009			4
2025.08.07	02:21:05.966	0.94000	0.94011			6
2025.08.07	02:21:06.860	0.93999				2
2025.08.07	02:21:08.247	0.94000				2
2025.08.07	02:21:10.777		0.94009			4
2025.08.07	02:21:11.089		0.94011			4
2025.08.07	02:21:12.043	0.93999				2
2025.08.07	02:21:12.409		0.94012			4
2025.08.07	02:21:13.076	0.93997				2
2025.08.07	02:21:14.113	0.93999	0.94011			6
2025.08.07	02:21:15.106	0.93997				2
2025.08.07	02:21:16.463	0.94000				2
2025.08.07	02:21:18.436		0.94012			4
2025.08.07	02:21:19.386		0.94009			4
2025.08.07	02:21:19.695		0.94012			4
2025.08.07	02:21:20.586	0.93999	0.94011			6
2025.08.07	02:21:21.476		0.94010			4
2025.08.07	02:21:21.779	0.94000	0.94011			6
2025.08.07	02:21:25.600		0.94009			4
2025.08.07	02:21:25.910		0.94011			4
2025.08.07	02:21:28.784	0.93999				2
2025.08.07	02:21:34.265	0.94001				2
2025.08.07	02:21:37.172	0.94000				2
2025.08.07	02:21:39.226	0.93999				2
2025.08.07	02:21:44.418	0.94000				2
2025.08.07	02:21:45.296		0.94009			4
2025.08.07	02:21:45.599		0.94012			4
2025.08.07	02:21:46.469	0.93998				2
2025.08.07	02:21:47.530	0.93999	0.94011			6
2025.08.07	02:21:48.568	0.94000				2
2025.08.07	02:21:49.602	0.93998				2
2025.08.07	02:21:53.648	0.93999				2
2025.08.07	02:21:55.687	0.93998				2
2025.08.07	02:21:56.086	0.94000				2
2025.08.07	02:21:56.687	0.93999				2
2025.08.07	02:21:58.782	0.93998				2
2025.08.07	02:22:00.629	0.94000				2
2025.08.07	02:22:01.641	0.93998				2
2025.08.07	02:22:06.264	0.94001				2
2025.08.07	02:22:06.632	0.94000	0.94009			6
2025.08.07	02:22:06.952		0.94011			4
2025.08.07	02:22:08.894	0.93998				2
2025.08.07	02:22:09.655	0.94000	0.94012			6
2025.08.07	02:22:11.737	0.93999				2
2025.08.07	02:22:12.585		0.94010			4
2025.08.07	02:22:12.906	0.94000	0.94012			6
2025.08.07	02:22:14.848	0.93999				2
2025.08.07	02:22:22.096	0.94000				2
2025.08.07	02:22:22.427	0.93999				2
2025.08.07	02:22:23.129	0.94000				2
2025.08.07	02:22:23.910	0.93999	0.94011			6
2025.08.07	02:22:24.223	0.94000	0.94012			6
2025.08.07	02:22:26.239	0.93997	0.94011			6
2025.08.07	02:22:27.297	0.94000	0.94012			6
2025.08.07	02:22:27.711	0.93999				2
2025.08.07	02:22:28.042	0.94000	0.94011			6
2025.08.07	02:22:29.313		0.94012			4
2025.08.07	02:22:30.349	0.93997				2
2025.08.07	02:22:30.670	0.94000				2
2025.08.07	02:22:31.330		0.94011			4
2025.08.07	02:22:31.641		0.94012			4
2025.08.07	02:22:32.420	0.93997				2
2025.08.07	02:22:35.980		0.94011			4
2025.08.07	02:22:37.124		0.94012			4
2025.08.07	02:22:38.051	0.93999				2
2025.08.07	02:22:40.123	0.94000				2
2025.08.07	02:22:42.057	0.93999	0.94010			6
2025.08.07	02:22:42.420		0.94012			4
2025.08.07	02:22:43.261	0.93997				2
2025.08.07	02:22:44.265		0.94011			4
2025.08.07	02:22:45.336	0.93999	0.94012			6
2025.08.07	02:22:46.339		0.94011			4
2025.08.07	02:22:47.371		0.94012			4
2025.08.07	02:22:48.915	0.94000	0.94011			6
2025.08.07	02:22:49.242	0.94001				2
2025.08.07	02:22:49.957		0.94009			4
2025.08.07	02:22:50.318		0.94010			4
2025.08.07	02:22:51.225		0.94011			4
2025.08.07	02:22:51.979	0.94000	0.94009			6
2025.08.07	02:22:52.329		0.94010			4
2025.08.07	02:22:53.238		0.94009			4
2025.08.07	02:22:53.555		0.94011			4
2025.08.07	02:22:54.267	0.93999				2
2025.08.07	02:22:55.306	0.94000				2
2025.08.07	02:22:56.337	0.93999	0.94010			6
2025.08.07	02:22:57.230	0.94000				2
2025.08.07	02:22:58.416	0.93999	0.94009			6
2025.08.07	02:22:58.734		0.94011			4
2025.08.07	02:23:00.479	0.93999	0.94009			6
2025.08.07	02:23:00.786	0.94000	0.94010			6
2025.08.07	02:23:01.660	0.93999				2
2025.08.07	02:23:02.696	0.93997				2
2025.08.07	02:23:03.516		0.94009			4
2025.08.07	02:23:03.879		0.94010			4
2025.08.07	02:23:04.522	0.93996	0.94009			6
2025.08.07	02:23:04.841		0.94010			4
2025.08.07	02:23:05.535		0.94009			4
2025.08.07	02:23:05.858		0.94010			4
2025.08.07	02:23:10.845		0.94008			4
2025.08.07	02:23:11.163		0.94010			4
2025.08.07	02:23:12.045		0.94009			4
2025.08.07	02:23:13.089		0.94010			4
2025.08.07	02:23:13.487	0.94001	0.94012			6
2025.08.07	02:23:14.157		0.94014			4
2025.08.07	02:23:14.780		0.94012			4
2025.08.07	02:23:15.145		0.94014			4
2025.08.07	02:23:15.823		0.94012			4
2025.08.07	02:23:16.210		0.94013			4
2025.08.07	02:23:17.745	0.94002				2
2025.08.07	02:23:19.124		0.94014			4
2025.08.07	02:23:20.180		0.94013			4
2025.08.07	02:23:21.029	0.94001	0.94012			6
2025.08.07	02:23:21.336	0.94002	0.94013			6
2025.08.07	02:23:22.420		0.94014			4
2025.08.07	02:23:23.092		0.94012			4
2025.08.07	02:23:23.764		0.94014			4
2025.08.07	02:23:24.670	0.94001	0.94012			6
2025.08.07	02:23:28.866	0.94000				2
2025.08.07	02:23:31.972	0.94001				2
2025.08.07	02:23:38.840	0.94000				2
2025.08.07	02:23:44.880		0.94010			4
2025.08.07	02:23:45.217		0.94012			4
2025.08.07	02:23:48.539	0.93999	0.94011			6
2025.08.07	02:23:49.271	0.94000				2
2025.08.07	02:23:50.362	0.94001				2
2025.08.07	02:23:52.392	0.93999				2
2025.08.07	02:23:54.910	0.94000				2
2025.08.07	02:23:55.936	0.94001	0.94012			6
2025.08.07	02:23:56.722		0.94011			4
2025.08.07	02:23:57.121		0.94012			4
2025.08.07	02:23:59.045	0.94000				2
2025.08.07	02:24:00.331	0.94000				2
2025.08.07	02:24:00.709		0.94011			4
2025.08.07	02:24:03.721		0.94012			4
2025.08.07	02:24:06.948	0.93999				2
2025.08.07	02:24:09.940		0.94011			4
2025.08.07	02:24:10.965	0.94000				2
2025.08.07	02:24:11.970	0.94001				2
2025.08.07	02:24:12.982	0.93999				2
2025.08.07	02:24:14.014	0.94000				2
2025.08.07	02:24:14.355	0.94001	0.94010			6
2025.08.07	02:24:14.789		0.94011			4
2025.08.07	02:24:16.360	0.94000				2
2025.08.07	02:24:17.695	0.93999	0.94012			6
2025.08.07	02:24:18.702	0.94000	0.94011			6
2025.08.07	02:24:34.290	0.94001				2
2025.08.07	02:24:36.156		0.94012			4
2025.08.07	02:24:36.697		0.94011			4
2025.08.07	02:24:40.110		0.94012			4
2025.08.07	02:24:40.774		0.94011			4
2025.08.07	02:24:48.401	0.94002	0.94013			6
2025.08.07	02:24:55.566		0.94014			4
2025.08.07	02:24:56.445	0.94001				2
2025.08.07	02:24:57.970	0.94002				2
2025.08.07	02:25:00.477	0.94002	0.94012			6
2025.08.07	02:25:02.772		0.94013			4
2025.08.07	02:25:03.580		0.94012			4
2025.08.07	02:25:03.940		0.94013			4
2025.08.07	02:25:06.916	0.94001				2
2025.08.07	02:25:08.973	0.94002				2
2025.08.07	02:25:11.049	0.94001	0.94012			6
2025.08.07	02:25:12.103		0.94013			4
2025.08.07	02:25:13.121	0.94002				2
2025.08.07	02:25:15.577	0.94001				2
2025.08.07	02:25:17.544	0.93999				2
2025.08.07	02:25:17.895		0.94012			4
2025.08.07	02:25:19.288	0.94001				2
2025.08.07	02:25:21.037	0.93999				2
2025.08.07	02:25:22.679	0.94001				2
2025.08.07	02:25:24.708	0.94002				2
2025.08.07	02:25:28.293	0.94001				2
2025.08.07	02:25:31.129		0.94011			4
2025.08.07	02:25:31.537		0.94012			4
2025.08.07	02:25:39.683	0.93999				2
2025.08.07	02:25:45.367		0.94013			4
2025.08.07	02:25:45.924		0.94011			4
2025.08.07	02:25:46.265		0.94012			4
2025.08.07	02:25:47.071		0.94013			4
2025.08.07	02:25:48.098		0.94012			4
2025.08.07	02:25:49.144	0.94000				2
2025.08.07	02:25:50.278	0.93999	0.94013			6
2025.08.07	02:25:52.042	0.93998	0.94012			6
2025.08.07	02:25:52.480		0.94013			4
2025.08.07	02:25:57.394	0.94000				2
2025.08.07	02:25:58.477	0.94001	0.94012			6
2025.08.07	02:25:59.539	0.94000				2
2025.08.07	02:25:59.893	0.94002				2
2025.08.07	02:26:00.635	0.94001	0.94011			6
2025.08.07	02:26:01.734		0.94012			4
2025.08.07	02:26:03.741		0.94011			4
2025.08.07	02:26:04.057		0.94012			4
2025.08.07	02:26:05.817	0.94002				2
2025.08.07	02:26:06.849		0.94011			4
2025.08.07	02:26:08.009	0.94001				2
2025.08.07	02:26:09.054	0.94002	0.94012			6
2025.08.07	02:26:11.216		0.94013			4
2025.08.07	02:26:11.518		0.94012			4
2025.08.07	02:26:15.307	0.94001				2
2025.08.07	02:26:21.867		0.94011			4
2025.08.07	02:26:22.297		0.94010			4
2025.08.07	02:26:22.692		0.94012			4
2025.08.07	02:26:23.128		0.94010			4
2025.08.07	02:26:23.458		0.94012			4
2025.08.07	02:26:24.357		0.94010			4
2025.08.07	02:26:24.764		0.94012			4
2025.08.07	02:26:25.358		0.94010			4
2025.08.07	02:26:25.800	0.93999	0.94012			6
2025.08.07	02:26:26.429		0.94010			4
2025.08.07	02:26:26.835		0.94012			4
2025.08.07	02:26:27.564		0.94010			4
2025.08.07	02:26:27.873		0.94012			4
2025.08.07	02:26:28.596		0.94010			4
2025.08.07	02:26:28.911		0.94012			4
2025.08.07	02:26:29.632		0.94010			4
2025.08.07	02:26:29.944		0.94012			4
2025.08.07	02:26:30.670		0.94010			4
2025.08.07	02:26:30.985	0.94001	0.94012			6
2025.08.07	02:26:31.707		0.94010			4
2025.08.07	02:26:32.022		0.94012			4
2025.08.07	02:26:32.642	0.94002	0.94010			6
2025.08.07	02:26:33.055		0.94012			4
2025.08.07	02:26:33.776		0.94010			4
2025.08.07	02:26:34.079		0.94012			4
2025.08.07	02:26:34.812		0.94010			4
2025.08.07	02:26:35.118	0.94001	0.94012			6
2025.08.07	02:26:35.850		0.94010			4
2025.08.07	02:26:36.163		0.94012			4
2025.08.07	02:26:36.885		0.94010			4
2025.08.07	02:26:37.197		0.94012			4
2025.08.07	02:26:37.752		0.94010			4
2025.08.07	02:26:38.059		0.94012			4
2025.08.07	02:26:43.990		0.94011			4
2025.08.07	02:26:44.303		0.94012			4
2025.08.07	02:26:45.035		0.94011			4
2025.08.07	02:26:45.349	0.94002	0.94012			6
2025.08.07	02:26:46.205	0.94001	0.94010			6
2025.08.07	02:26:46.535		0.94012			4
2025.08.07	02:26:51.612	0.94002				2
2025.08.07	02:26:55.976	0.94001	0.94011			6
2025.08.07	02:26:56.277	0.94002				2
2025.08.07	02:26:57.208	0.94001	0.94012			6
2025.08.07	02:26:58.047	0.93999	0.94010			6
2025.08.07	02:26:58.374		0.94012			4
2025.08.07	02:26:59.280		0.94011			4
2025.08.07	02:27:00.315	0.93999				2
2025.08.07	02:27:00.681	0.94001				2
2025.08.07	02:27:01.742		0.94010			4
2025.08.07	02:27:02.743		0.94011			4
2025.08.07	02:27:06.642		0.94010			4
2025.08.07	02:27:07.047		0.94012			4
2025.08.07	02:27:08.959		0.94011			4
2025.08.07	02:27:09.854		0.94012			4
2025.08.07	02:27:11.033		0.94011			4
2025.08.07	02:27:22.965		0.94009			4
2025.08.07	02:27:23.312		0.94011			4
2025.08.07	02:27:33.283		0.94009			4
2025.08.07	02:27:33.721		0.94011			4
2025.08.07	02:27:36.653		0.94010			4
2025.08.07	02:27:45.378	0.94002	0.94012			6
2025.08.07	02:27:55.777		0.94013			4
2025.08.07	02:27:56.766		0.94012			4
2025.08.07	02:27:58.313	0.94001	0.94010			6
2025.08.07	02:28:00.353	0.94002				2
2025.08.07	02:28:00.703	0.94001				2
2025.08.07	02:28:02.850		0.94009			4
2025.08.07	02:28:03.886		0.94010			4
2025.08.07	02:28:09.002	0.93999				2
2025.08.07	02:28:10.101	0.94000	0.94009			6
2025.08.07	02:28:10.405	0.94001				2
2025.08.07	02:28:11.067		0.94008			4
2025.08.07	02:28:11.394	0.94000	0.94009			6
2025.08.07	02:28:12.016		0.94008			4
2025.08.07	02:28:12.430		0.94009			4
2025.08.07	02:28:14.372	0.93999				2
2025.08.07	02:28:15.385	0.94001				2
2025.08.07	02:28:17.477	0.93999	0.94008			6
2025.08.07	02:28:17.806	0.94000				2
2025.08.07	02:28:18.128	0.94001	0.94009			6
2025.08.07	02:28:19.424	0.94000	0.94008			6
2025.08.07	02:28:19.741	0.93999	0.94009			6
2025.08.07	02:28:20.653	0.94001	0.94008			6
2025.08.07	02:28:21.040	0.94000	0.94009			6
2025.08.07	02:28:21.537	0.94001	0.94010			6
2025.08.07	02:28:26.480	0.94000				2
2025.08.07	02:28:27.712		0.94009			4
2025.08.07	02:28:32.824	0.94003	0.94012			6
2025.08.07	02:28:33.130	0.94002				2
2025.08.07	02:28:58.587	0.94001				2
2025.08.07	02:28:59.765	0.94000				2
2025.08.07	02:29:00.578	0.94000				2
2025.08.07	02:29:06.873	0.94001				2
2025.08.07	02:29:15.743		0.94011			4
2025.08.07	02:29:16.130		0.94012			4
2025.08.07	02:29:17.102		0.94011			4
2025.08.07	02:29:18.713		0.94012			4
2025.08.07	02:29:22.886	0.94003				2
2025.08.07	02:29:23.248	0.94002				2
2025.08.07	02:29:25.303	0.94001				2
2025.08.07	02:29:26.986	0.94000	0.94011			6
2025.08.07	02:29:30.503	0.94001	0.94012			6
2025.08.07	02:29:32.581	0.94000				2
2025.08.07	02:29:33.479	0.94001				2
2025.08.07	02:29:35.684	0.94002				2
2025.08.07	02:29:36.719	0.94001				2
2025.08.07	02:29:39.644	0.94002				2
2025.08.07	02:29:39.964		0.94013			4
2025.08.07	02:29:40.695	0.94001	0.94011			6
2025.08.07	02:29:41.006		0.94012			4
2025.08.07	02:29:41.907	0.94000				2
2025.08.07	02:29:43.971	0.94002				2
2025.08.07	02:29:48.308	0.94001				2
2025.08.07	02:29:49.222	0.94000				2
2025.08.07	02:29:50.927	0.94001				2
2025.08.07	02:29:51.284	0.94002				2
2025.08.07	02:29:52.056	0.94001				2
2025.08.07	02:29:54.387	0.94000				2
2025.08.07	02:29:57.363	0.94002				2
2025.08.07	02:29:59.478	0.94000				2
2025.08.07	02:29:59.930		0.94013			4
2025.08.07	02:30:00.572	0.94001	0.94012			6
2025.08.07	02:30:01.266	0.94002				2
2025.08.07	02:30:01.692		0.94013			4
2025.08.07	02:30:02.339	0.94003				2
2025.08.07	02:30:04.235	0.94002				2
2025.08.07	02:30:04.538	0.94003	0.94012			6
2025.08.07	02:30:07.789		0.94013			4
2025.08.07	02:30:08.711	0.94002				2
2025.08.07	02:30:14.006		0.94012			4
2025.08.07	02:30:17.839	0.94001				2
2025.08.07	02:30:18.579	0.94002				2
2025.08.07	02:30:21.428	0.94001				2
2025.08.07	02:30:25.206	0.94002				2
2025.08.07	02:30:26.434	0.94001				2
2025.08.07	02:30:36.164		0.94011			4
2025.08.07	02:30:39.839		0.94012			4
2025.08.07	02:30:44.431		0.94011			4
2025.08.07	02:30:44.918		0.94012			4
2025.08.07	02:30:46.355		0.94013			4
2025.08.07	02:30:55.719	0.94002				2
2025.08.07	02:30:57.794	0.94000	0.94012			6
2025.08.07	02:31:00.764	0.94000	0.94011			6
2025.08.07	02:31:03.854		0.94012			4
2025.08.07	02:31:04.888		0.94011			4
2025.08.07	02:31:08.843	0.94002	0.94013			6
2025.08.07	02:31:16.282		0.94014			4
2025.08.07	02:31:18.223		0.94013			4
2025.08.07	02:31:24.243		0.94012			4
2025.08.07	02:31:43.067		0.94014			4
2025.08.07	02:31:44.664		0.94013			4
2025.08.07	02:31:57.593	0.94003				2
2025.08.07	02:32:00.577	0.94002	0.94012			6
2025.08.07	02:32:01.599	0.94001				2
2025.08.07	02:32:04.350	0.94002				2
2025.08.07	02:32:04.662	0.94003	0.94013			6
2025.08.07	02:32:13.677		0.94014			4
2025.08.07	02:32:14.022		0.94015			4
2025.08.07	02:32:14.960	0.94004				2
2025.08.07	02:32:21.223	0.94003	0.94014			6
2025.08.07	02:32:21.716	0.94002				2
2025.08.07	02:32:22.098	0.94003				2
2025.08.07	02:32:26.276		0.94013			4
2025.08.07	02:32:27.315		0.94014			4
2025.08.07	02:32:30.137		0.94013			4
2025.08.07	02:32:30.439		0.94014			4
2025.08.07	02:32:34.537	0.94002				2
2025.08.07	02:32:49.299	0.94004				2
2025.08.07	02:32:50.149	0.94002				2
2025.08.07	02:32:56.375	0.94003				2
2025.08.07	02:32:56.986	0.94002				2
2025.08.07	02:32:57.584	0.94003				2
2025.08.07	02:32:58.689	0.94002				2
2025.08.07	02:32:59.447	0.94003				2
2025.08.07	02:33:00.254	0.94003				2
2025.08.07	02:33:00.583	0.94002	0.94013			6
2025.08.07	02:33:02.959		0.94014			4
2025.08.07	02:33:05.921		0.94013			4
2025.08.07	02:33:06.905	0.94003	0.94014			6
2025.08.07	02:33:07.809	0.94002				2
2025.08.07	02:33:12.085	0.94003				2
