<DATE>	<TIME>	<BID>	<ASK>	<LAST>	<VOLUME>	<FLAGS>
2025.09.23	00:03:30.687	0.93458	0.93620			6
2025.09.23	00:04:03.824	0.93458				2
2025.09.23	00:04:21.936		0.93621			4
2025.09.23	00:05:05.958	0.93458				2
2025.09.23	00:05:22.346		0.93621			4
2025.09.23	00:06:01.209	0.93458				2
2025.09.23	00:06:24.352		0.93621			4
2025.09.23	00:07:06.942	0.93458				2
2025.09.23	00:07:25.144		0.93621			4
2025.09.23	00:08:00.315	0.93458				2
2025.09.23	00:08:38.349		0.93621			4
2025.09.23	00:09:00.425	0.93458				2
2025.09.23	00:09:41.729		0.93621			4
2025.09.23	00:10:00.323	0.93461				2
2025.09.23	00:10:02.625		0.93632			4
2025.09.23	00:10:04.771	0.93462				2
2025.09.23	00:10:11.364		0.93617			4
2025.09.23	00:10:15.729		0.93616			4
2025.09.23	00:10:19.160	0.93463				2
2025.09.23	00:10:23.507		0.93615			4
2025.09.23	00:10:24.457	0.93449	0.93601			6
2025.09.23	00:10:39.714	0.93450				2
2025.09.23	00:10:53.737		0.93600			4
2025.09.23	00:10:54.671	0.93456	0.93606			6
2025.09.23	00:10:56.529	0.93457	0.93607			6
2025.09.23	00:10:57.454	0.93465	0.93614			6
2025.09.23	00:10:58.406	0.93459	0.93609			6
2025.09.23	00:11:00.291	0.93459				2
2025.09.23	00:11:02.198	0.93460				2
2025.09.23	00:11:04.801	0.93458	0.93621			6
2025.09.23	00:11:05.434	0.93460	0.93609			6
2025.09.23	00:11:05.759		0.93608			4
2025.09.23	00:11:06.060	0.93458	0.93621			6
2025.09.23	00:11:12.411	0.93466	0.93613			6
2025.09.23	00:11:13.086	0.93464	0.93621			6
2025.09.23	00:11:16.348	0.93470				2
2025.09.23	00:11:17.448	0.93493				2
2025.09.23	00:11:19.201	0.93483	0.93630			6
2025.09.23	00:11:19.812	0.93487	0.93621			6
2025.09.23	00:11:24.557	0.93484				2
2025.09.23	00:11:25.918	0.93477	0.93624			6
2025.09.23	00:11:26.584	0.93485	0.93621			6
2025.09.23	00:11:28.264	0.93484				2
2025.09.23	00:11:29.828	0.93485				2
2025.09.23	00:11:32.524	0.93478	0.93623			6
2025.09.23	00:11:33.467	0.93486	0.93621			6
2025.09.23	00:11:40.025	0.93487				2
2025.09.23	00:11:57.123	0.93488				2
2025.09.23	00:12:00.127	0.93488				2
2025.09.23	00:12:07.422	0.93484				2
2025.09.23	00:12:08.244	0.93488				2
2025.09.23	00:12:14.529	0.93489				2
2025.09.23	00:12:33.126	0.93490				2
2025.09.23	00:12:33.449	0.93458				2
2025.09.23	00:12:34.022		0.93621			4
2025.09.23	00:12:43.024	0.93459				2
2025.09.23	00:12:43.624	0.93462				2
2025.09.23	00:12:44.224	0.93465				2
2025.09.23	00:12:44.827	0.93467				2
2025.09.23	00:12:45.423	0.93471				2
2025.09.23	00:12:46.023	0.93472				2
2025.09.23	00:12:46.426	0.93474				2
2025.09.23	00:12:46.924	0.93476				2
2025.09.23	00:12:47.526	0.93490				2
2025.09.23	00:13:00.856	0.93490				2
2025.09.23	00:13:05.825	0.93491				2
2025.09.23	00:13:28.460	0.93492				2
2025.09.23	00:13:32.561	0.93493				2
2025.09.23	00:13:34.024		0.93621			4
2025.09.23	00:14:00.378	0.93493				2
2025.09.23	00:14:02.825	0.93494				2
2025.09.23	00:14:04.111	0.93477				2
2025.09.23	00:14:25.927	0.93476				2
2025.09.23	00:14:37.023		0.93621			4
2025.09.23	00:15:00.124	0.93476				2
2025.09.23	00:15:03.126	0.93467	0.93617			6
2025.09.23	00:15:04.112	0.93468				2
2025.09.23	00:15:13.626	0.93461				2
2025.09.23	00:15:27.729	0.93462				2
2025.09.23	00:15:38.826	0.93459				2
2025.09.23	00:15:46.284	0.93458				2
2025.09.23	00:16:00.854	0.93458				2
2025.09.23	00:16:04.332		0.93617			4
2025.09.23	00:16:07.256		0.93611			4
2025.09.23	00:16:28.635		0.93617			4
2025.09.23	00:16:38.696		0.93611			4
2025.09.23	00:16:45.725		0.93617			4
2025.09.23	00:17:01.628	0.93458				2
2025.09.23	00:17:05.086		0.93608			4
2025.09.23	00:17:47.306	0.93461	0.93607			6
2025.09.23	00:18:00.317	0.93461				2
2025.09.23	00:18:47.628		0.93607			4
2025.09.23	00:19:02.025	0.93461				2
2025.09.23	00:19:47.635		0.93607			4
2025.09.23	00:20:02.347	0.93461				2
2025.09.23	00:20:48.427		0.93607			4
2025.09.23	00:21:00.355	0.93461				2
2025.09.23	00:21:49.323		0.93607			4
2025.09.23	00:22:00.728	0.93461				2
2025.09.23	00:22:49.808		0.93607			4
2025.09.23	00:23:04.325	0.93461				2
2025.09.23	00:23:17.249	0.93453	0.93627			6
2025.09.23	00:23:21.905	0.93457	0.93620			6
2025.09.23	00:23:30.530	0.93458				2
2025.09.23	00:23:40.624	0.93459				2
2025.09.23	00:23:49.096	0.93457	0.93618			6
2025.09.23	00:23:59.098	0.93460				2
2025.09.23	00:24:04.645	0.93461				2
2025.09.23	00:24:10.539	0.93462	0.93622			6
2025.09.23	00:24:10.861	0.93463				2
2025.09.23	00:24:11.350	0.93464				2
2025.09.23	00:24:12.261	0.93463				2
2025.09.23	00:24:15.311	0.93464				2
2025.09.23	00:24:16.978	0.93465				2
2025.09.23	00:24:19.100	0.93466				2
2025.09.23	00:24:20.855	0.93467				2
2025.09.23	00:24:21.505	0.93465				2
2025.09.23	00:24:41.683	0.93466				2
2025.09.23	00:24:42.447	0.93462				2
2025.09.23	00:24:43.436	0.93457				2
2025.09.23	00:24:44.038	0.93462				2
2025.09.23	00:24:49.098	0.93465				2
2025.09.23	00:24:51.496	0.93467				2
2025.09.23	00:24:55.403	0.93468				2
2025.09.23	00:24:59.105	0.93463				2
2025.09.23	00:25:00.307	0.93463				2
2025.09.23	00:25:03.577	0.93455				2
2025.09.23	00:25:04.155	0.93457				2
2025.09.23	00:25:05.400	0.93456				2
2025.09.23	00:25:07.962	0.93457				2
2025.09.23	00:25:08.720	0.93467				2
2025.09.23	00:25:10.854		0.93622			4
2025.09.23	00:25:12.423	0.93468				2
2025.09.23	00:25:13.727	0.93470				2
2025.09.23	00:25:21.278		0.93614			4
2025.09.23	00:25:26.225	0.93471				2
2025.09.23	00:25:26.867	0.93464				2
2025.09.23	00:25:39.096	0.93467				2
2025.09.23	00:25:43.082	0.93468				2
2025.09.23	00:25:47.453	0.93469				2
2025.09.23	00:25:49.098	0.93464				2
2025.09.23	00:25:52.024	0.93465				2
2025.09.23	00:25:57.738	0.93471				2
2025.09.23	00:25:58.063	0.93472				2
2025.09.23	00:25:59.214	0.93471				2
2025.09.23	00:26:00.856	0.93471				2
2025.09.23	00:26:06.122	0.93472				2
2025.09.23	00:26:08.618	0.93466				2
2025.09.23	00:26:18.428	0.93467				2
2025.09.23	00:26:22.347		0.93614			4
2025.09.23	00:26:27.122	0.93468				2
2025.09.23	00:26:41.227	0.93469				2
2025.09.23	00:26:48.239	0.93471				2
2025.09.23	00:26:49.231	0.93470				2
2025.09.23	00:26:52.908	0.93463				2
2025.09.23	00:26:53.261	0.93464				2
2025.09.23	00:26:59.393	0.93465				2
2025.09.23	00:26:59.810	0.93466				2
2025.09.23	00:27:01.283	0.93466				2
2025.09.23	00:27:06.115	0.93465				2
2025.09.23	00:27:13.475	0.93464				2
2025.09.23	00:27:19.099	0.93465				2
2025.09.23	00:27:28.347		0.93614			4
2025.09.23	00:27:29.108	0.93464				2
2025.09.23	00:27:50.011	0.93465				2
2025.09.23	00:27:54.508	0.93466				2
2025.09.23	00:27:55.471	0.93470				2
2025.09.23	00:27:57.289	0.93469				2
2025.09.23	00:28:00.209	0.93469				2
2025.09.23	00:28:02.799	0.93471				2
2025.09.23	00:28:05.082	0.93470				2
2025.09.23	00:28:12.527	0.93471				2
2025.09.23	00:28:20.996	0.93470				2
2025.09.23	00:28:25.538	0.93471				2
2025.09.23	00:28:28.424	0.93480	0.93614			6
2025.09.23	00:28:36.043	0.93479				2
2025.09.23	00:28:37.925	0.93480				2
2025.09.23	00:28:45.708	0.93477	0.93615			6
2025.09.23	00:28:49.112	0.93478				2
2025.09.23	00:28:52.626	0.93479				2
2025.09.23	00:28:54.122	0.93478				2
2025.09.23	00:28:58.323	0.93479				2
2025.09.23	00:28:59.104	0.93478				2
2025.09.23	00:29:00.606	0.93479				2
2025.09.23	00:29:06.114	0.93483				2
2025.09.23	00:29:06.631	0.93481				2
2025.09.23	00:29:09.141	0.93485				2
2025.09.23	00:29:10.351	0.93483				2
2025.09.23	00:29:19.113	0.93481				2
2025.09.23	00:29:20.357	0.93483				2
2025.09.23	00:29:24.582	0.93484				2
2025.09.23	00:29:26.790	0.93481				2
2025.09.23	00:29:29.097	0.93479				2
2025.09.23	00:29:30.353	0.93480				2
2025.09.23	00:29:32.348	0.93481				2
2025.09.23	00:29:33.636	0.93480				2
2025.09.23	00:29:34.297	0.93481				2
2025.09.23	00:29:38.345	0.93476				2
2025.09.23	00:29:38.651	0.93479				2
2025.09.23	00:29:39.477	0.93481				2
2025.09.23	00:29:41.478	0.93482				2
2025.09.23	00:29:41.895	0.93480				2
2025.09.23	00:29:45.401	0.93481				2
2025.09.23	00:29:46.971		0.93615			4
2025.09.23	00:29:47.276	0.93476	0.93616			6
2025.09.23	00:29:48.468	0.93477				2
2025.09.23	00:29:49.101	0.93479				2
2025.09.23	00:29:49.863	0.93480				2
2025.09.23	00:29:54.178	0.93478	0.93617			6
2025.09.23	00:29:59.095	0.93480	0.93615			6
2025.09.23	00:30:00.318	0.93478	0.93617			6
2025.09.23	00:30:10.763	0.93479				2
2025.09.23	00:30:13.041	0.93478	0.93598			6
2025.09.23	00:30:13.360	0.93477				2
2025.09.23	00:30:14.024	0.93479				2
2025.09.23	00:30:14.438	0.93480	0.93610			6
2025.09.23	00:30:16.023		0.93616			4
2025.09.23	00:30:16.349	0.93477				2
2025.09.23	00:30:16.657	0.93476				2
2025.09.23	00:30:17.578	0.93477				2
2025.09.23	00:30:17.885	0.93478				2
2025.09.23	00:30:18.725	0.93477				2
2025.09.23	00:30:19.127	0.93478	0.93617			6
2025.09.23	00:30:22.057	0.93480				2
2025.09.23	00:30:22.984	0.93477	0.93593			6
2025.09.23	00:30:23.825	0.93479	0.93589			6
2025.09.23	00:30:24.458	0.93478				2
2025.09.23	00:30:25.070	0.93476				2
2025.09.23	00:30:25.378	0.93477				2
2025.09.23	00:30:27.125	0.93479				2
2025.09.23	00:30:27.861	0.93483	0.93604			6
2025.09.23	00:30:30.385	0.93480	0.93616			6
2025.09.23	00:30:30.733		0.93617			4
2025.09.23	00:30:31.542	0.93481				2
2025.09.23	00:30:32.823	0.93480				2
2025.09.23	00:30:34.411	0.93481				2
2025.09.23	00:30:34.747	0.93480				2
2025.09.23	00:30:35.079	0.93481				2
2025.09.23	00:30:36.019	0.93480				2
2025.09.23	00:30:36.322	0.93482				2
2025.09.23	00:30:36.641	0.93480				2
2025.09.23	00:30:36.974	0.93482				2
2025.09.23	00:30:37.314	0.93481				2
2025.09.23	00:30:37.646	0.93480				2
2025.09.23	00:30:37.958	0.93482				2
2025.09.23	00:30:38.572	0.93481				2
2025.09.23	00:30:38.911	0.93482	0.93600			6
2025.09.23	00:30:39.230	0.93480				2
2025.09.23	00:30:39.557	0.93481				2
2025.09.23	00:30:39.870	0.93482				2
2025.09.23	00:30:40.516		0.93599			4
2025.09.23	00:30:40.825	0.93481				2
2025.09.23	00:30:41.147	0.93482				2
2025.09.23	00:30:42.101	0.93481				2
2025.09.23	00:30:43.084	0.93482				2
2025.09.23	00:30:43.768	0.93481				2
2025.09.23	00:30:44.093	0.93482				2
2025.09.23	00:30:44.742	0.93483				2
2025.09.23	00:30:45.051	0.93482				2
2025.09.23	00:30:45.375	0.93483				2
2025.09.23	00:30:46.044	0.93482				2
2025.09.23	00:30:46.392	0.93483				2
2025.09.23	00:30:47.053	0.93482				2
2025.09.23	00:30:47.392	0.93483				2
2025.09.23	00:30:47.709	0.93482				2
2025.09.23	00:30:48.379	0.93483				2
2025.09.23	00:30:48.715	0.93482				2
2025.09.23	00:30:49.056	0.93484				2
2025.09.23	00:30:50.050	0.93483				2
2025.09.23	00:30:50.388	0.93484				2
2025.09.23	00:30:51.397	0.93483				2
2025.09.23	00:30:51.740	0.93484				2
2025.09.23	00:30:52.085	0.93483				2
2025.09.23	00:30:52.432	0.93484				2
2025.09.23	00:30:52.768	0.93483				2
2025.09.23	00:30:53.112	0.93484				2
2025.09.23	00:30:53.782	0.93483				2
2025.09.23	00:30:54.125	0.93484				2
2025.09.23	00:30:54.473	0.93483				2
2025.09.23	00:30:54.820	0.93484				2
2025.09.23	00:30:55.163	0.93483				2
2025.09.23	00:30:55.509	0.93484				2
2025.09.23	00:30:56.894	0.93483				2
2025.09.23	00:30:57.538	0.93484				2
2025.09.23	00:30:58.156	0.93483				2
2025.09.23	00:30:58.497	0.93484				2
2025.09.23	00:30:59.139	0.93483				2
2025.09.23	00:30:59.469	0.93484				2
2025.09.23	00:30:59.778	0.93483				2
2025.09.23	00:31:00.087	0.93484				2
2025.09.23	00:31:00.427	0.93483				2
2025.09.23	00:31:00.752	0.93484				2
2025.09.23	00:31:01.404	0.93483				2
2025.09.23	00:31:01.726	0.93484				2
2025.09.23	00:31:02.071	0.93483				2
2025.09.23	00:31:04.027	0.93485				2
2025.09.23	00:31:05.781	0.93486				2
2025.09.23	00:31:08.250	0.93485				2
2025.09.23	00:31:08.587	0.93484				2
2025.09.23	00:31:08.932	0.93486				2
2025.09.23	00:31:09.565	0.93485				2
2025.09.23	00:31:10.910	0.93486				2
2025.09.23	00:31:11.231	0.93485				2
2025.09.23	00:31:11.840	0.93486				2
2025.09.23	00:31:12.514	0.93485				2
2025.09.23	00:31:12.861	0.93486				2
2025.09.23	00:31:13.209	0.93485				2
2025.09.23	00:31:13.554	0.93486				2
2025.09.23	00:31:14.229	0.93485				2
2025.09.23	00:31:14.556	0.93486				2
2025.09.23	00:31:15.183	0.93485				2
2025.09.23	00:31:15.876	0.93486				2
2025.09.23	00:31:16.219	0.93485				2
2025.09.23	00:31:17.176	0.93486				2
2025.09.23	00:31:17.864	0.93485				2
2025.09.23	00:31:18.480	0.93480	0.93597			6
2025.09.23	00:31:22.535		0.93601			4
2025.09.23	00:31:25.595	0.93479				2
2025.09.23	00:31:33.326	0.93480				2
2025.09.23	00:31:42.909	0.93479				2
2025.09.23	00:31:44.526	0.93480				2
2025.09.23	00:31:50.223	0.93481				2
2025.09.23	00:32:00.335	0.93481				2
2025.09.23	00:32:13.505	0.93479				2
2025.09.23	00:32:13.913	0.93480				2
2025.09.23	00:32:18.525	0.93481				2
2025.09.23	00:32:19.099	0.93480				2
2025.09.23	00:32:22.924		0.93601			4
2025.09.23	00:32:25.684	0.93481				2
2025.09.23	00:32:41.823	0.93480				2
2025.09.23	00:32:47.231	0.93481				2
2025.09.23	00:32:49.025	0.93480				2
2025.09.23	00:32:52.306	0.93479				2
2025.09.23	00:32:52.810	0.93481				2
2025.09.23	00:33:01.458	0.93480				2
2025.09.23	00:33:02.290	0.93481				2
2025.09.23	00:33:04.632	0.93480				2
2025.09.23	00:33:05.903	0.93481				2
2025.09.23	00:33:06.206	0.93480				2
2025.09.23	00:33:13.544	0.93479				2
2025.09.23	00:33:13.928	0.93480				2
2025.09.23	00:33:19.100	0.93481				2
2025.09.23	00:33:28.869	0.93480	0.93601			6
2025.09.23	00:33:29.175	0.93479				2
2025.09.23	00:33:31.672	0.93480				2
2025.09.23	00:33:39.098	0.93481				2
2025.09.23	00:33:49.108	0.93480				2
2025.09.23	00:34:00.124	0.93480				2
2025.09.23	00:34:04.097	0.93481				2
2025.09.23	00:34:06.736	0.93480				2
2025.09.23	00:34:08.453	0.93481				2
2025.09.23	00:34:10.507	0.93480				2
2025.09.23	00:34:21.362	0.93481				2
2025.09.23	00:34:22.325	0.93476	0.93581			6
2025.09.23	00:34:22.650	0.93474	0.93582			6
2025.09.23	00:34:29.030		0.93574			4
2025.09.23	00:34:31.737	0.93475				2
2025.09.23	00:34:39.133	0.93476	0.93580			6
2025.09.23	00:34:42.552	0.93477				2
2025.09.23	00:34:49.101	0.93475				2
2025.09.23	00:34:49.404	0.93476				2
2025.09.23	00:34:51.729	0.93477				2
2025.09.23	00:34:57.423		0.93581			4
2025.09.23	00:35:04.988	0.93477				2
2025.09.23	00:35:18.096	0.93476	0.93585			6
2025.09.23	00:35:19.096	0.93475				2
2025.09.23	00:35:23.390	0.93476				2
2025.09.23	00:35:26.198	0.93477				2
2025.09.23	00:35:27.917	0.93478				2
2025.09.23	00:35:34.440	0.93479				2
2025.09.23	00:35:34.836	0.93477				2
2025.09.23	00:35:35.837	0.93482	0.93588			6
2025.09.23	00:35:36.138	0.93484	0.93598			6
2025.09.23	00:35:36.556	0.93479	0.93595			6
2025.09.23	00:35:36.858		0.93587			4
2025.09.23	00:35:37.628	0.93480				2
2025.09.23	00:35:39.097	0.93485	0.93604			6
2025.09.23	00:35:39.426	0.93480	0.93586			6
2025.09.23	00:35:42.227	0.93479	0.93581			6
2025.09.23	00:35:42.727	0.93482	0.93590			6
2025.09.23	00:35:43.258	0.93480	0.93583			6
2025.09.23	00:35:44.711	0.93479	0.93581			6
2025.09.23	00:35:45.096	0.93481	0.93590			6
2025.09.23	00:35:45.430	0.93485	0.93587			6
2025.09.23	00:35:45.759		0.93583			4
2025.09.23	00:35:46.207	0.93484	0.93585			6
2025.09.23	00:35:46.519		0.93592			4
2025.09.23	00:35:47.072	0.93480	0.93584			6
2025.09.23	00:35:47.631	0.93483	0.93593			6
2025.09.23	00:35:48.095	0.93482	0.93582			6
2025.09.23	00:35:48.638	0.93484	0.93591			6
2025.09.23	00:35:49.095	0.93483	0.93583			6
2025.09.23	00:35:49.632	0.93484	0.93594			6
2025.09.23	00:35:49.938	0.93482	0.93583			6
2025.09.23	00:35:53.731	0.93483	0.93591			6
2025.09.23	00:35:54.296	0.93482	0.93582			6
2025.09.23	00:35:55.793		0.93585			4
2025.09.23	00:35:56.223	0.93481				2
2025.09.23	00:35:56.648	0.93482				2
2025.09.23	00:35:58.587	0.93484	0.93592			6
2025.09.23	00:35:59.133	0.93483	0.93584			6
2025.09.23	00:35:59.479	0.93482				2
2025.09.23	00:36:00.129	0.93485	0.93603			6
2025.09.23	00:36:00.572	0.93483	0.93586			6
2025.09.23	00:36:01.456	0.93481				2
2025.09.23	00:36:01.770	0.93482	0.93582			6
2025.09.23	00:36:02.072	0.93485	0.93594			6
2025.09.23	00:36:02.577	0.93482	0.93584			6
2025.09.23	00:36:03.104	0.93483				2
2025.09.23	00:36:05.827	0.93482				2
2025.09.23	00:36:09.094		0.93582			4
2025.09.23	00:36:09.507		0.93585			4
2025.09.23	00:36:10.257	0.93481	0.93583			6
2025.09.23	00:36:10.571	0.93483	0.93585			6
2025.09.23	00:36:10.949	0.93490	0.93604			6
2025.09.23	00:36:11.307	0.93487	0.93586			6
2025.09.23	00:36:11.685	0.93490	0.93589			6
2025.09.23	00:36:11.997	0.93485	0.93586			6
2025.09.23	00:36:12.657	0.93486				2
2025.09.23	00:36:13.461	0.93485				2
2025.09.23	00:36:13.782	0.93484				2
2025.09.23	00:36:14.140	0.93486				2
2025.09.23	00:36:15.237	0.93488	0.93589			6
2025.09.23	00:36:15.537	0.93484	0.93585			6
2025.09.23	00:36:15.841		0.93582			4
2025.09.23	00:36:16.353	0.93481				2
2025.09.23	00:36:17.087	0.93482				2
2025.09.23	00:36:17.399	0.93483				2
2025.09.23	00:36:18.353	0.93482				2
2025.09.23	00:36:19.093	0.93483				2
2025.09.23	00:36:19.595	0.93484				2
2025.09.23	00:36:20.046	0.93483				2
2025.09.23	00:36:20.350		0.93590			4
2025.09.23	00:36:20.752	0.93481	0.93582			6
2025.09.23	00:36:21.350	0.93484	0.93591			6
2025.09.23	00:36:21.731	0.93481	0.93583			6
2025.09.23	00:36:22.295	0.93485	0.93594			6
2025.09.23	00:36:22.601	0.93482	0.93599			6
2025.09.23	00:36:23.485		0.93586			4
2025.09.23	00:36:24.497	0.93483	0.93588			6
2025.09.23	00:36:24.798	0.93489	0.93586			6
2025.09.23	00:36:25.105	0.93487	0.93587			6
2025.09.23	00:36:25.411	0.93484	0.93585			6
2025.09.23	00:36:25.718	0.93486	0.93595			6
2025.09.23	00:36:26.022	0.93483	0.93586			6
2025.09.23	00:36:26.326	0.93486	0.93593			6
2025.09.23	00:36:26.797	0.93482	0.93589			6
2025.09.23	00:36:27.101	0.93481				2
2025.09.23	00:36:28.623	0.93480				2
2025.09.23	00:36:29.096	0.93481				2
2025.09.23	00:36:29.615	0.93482	0.93585			6
2025.09.23	00:36:30.165	0.93484	0.93591			6
2025.09.23	00:36:30.477	0.93481	0.93587			6
2025.09.23	00:36:31.292	0.93480				2
2025.09.23	00:36:32.658	0.93489	0.93586			6
2025.09.23	00:36:32.978	0.93491	0.93592			6
2025.09.23	00:36:34.109	0.93492				2
2025.09.23	00:36:34.455	0.93481				2
2025.09.23	00:36:34.766	0.93482				2
2025.09.23	00:36:35.248	0.93485				2
2025.09.23	00:36:40.955	0.93484				2
2025.09.23	00:36:47.205	0.93482				2
2025.09.23	00:36:48.969	0.93483				2
2025.09.23	00:36:49.500	0.93482				2
2025.09.23	00:36:50.600	0.93481				2
2025.09.23	00:36:52.099	0.93466				2
2025.09.23	00:36:52.406		0.93573			4
2025.09.23	00:36:57.437		0.93574			4
2025.09.23	00:36:58.925		0.93577			4
2025.09.23	00:37:00.431	0.93466	0.93578			6
2025.09.23	00:37:01.624		0.93577			4
2025.09.23	00:37:01.941		0.93578			4
2025.09.23	00:37:02.534		0.93575			4
2025.09.23	00:37:03.547		0.93574			4
2025.09.23	00:37:04.888		0.93575			4
2025.09.23	00:37:09.176		0.93574			4
2025.09.23	00:37:10.240		0.93573			4
2025.09.23	00:37:11.489		0.93574			4
2025.09.23	00:37:13.326		0.93575			4
2025.09.23	00:37:13.834		0.93574			4
2025.09.23	00:37:14.837		0.93575			4
2025.09.23	00:37:16.034		0.93573			4
2025.09.23	00:37:17.197		0.93571			4
2025.09.23	00:37:21.623		0.93572			4
2025.09.23	00:37:21.992		0.93571			4
2025.09.23	00:37:23.412		0.93572			4
2025.09.23	00:37:24.359		0.93571			4
2025.09.23	00:37:26.361		0.93572			4
2025.09.23	00:37:28.026		0.93578			4
2025.09.23	00:37:28.899		0.93575			4
2025.09.23	00:37:29.455		0.93578			4
2025.09.23	00:37:29.802		0.93575			4
2025.09.23	00:37:30.197		0.93579			4
2025.09.23	00:37:30.511		0.93580			4
2025.09.23	00:37:31.782		0.93578			4
2025.09.23	00:37:32.109		0.93575			4
2025.09.23	00:37:32.824		0.93576			4
2025.09.23	00:37:35.352	0.93467				2
2025.09.23	00:37:35.676		0.93578			4
2025.09.23	00:37:35.989		0.93577			4
2025.09.23	00:37:36.328		0.93572			4
2025.09.23	00:37:36.670		0.93571			4
2025.09.23	00:37:42.283		0.93573			4
2025.09.23	00:37:42.716		0.93576			4
2025.09.23	00:37:43.084		0.93577			4
2025.09.23	00:37:45.996		0.93576			4
2025.09.23	00:37:46.306		0.93577			4
2025.09.23	00:37:48.356		0.93576			4
2025.09.23	00:37:50.082		0.93579			4
2025.09.23	00:37:50.588		0.93578			4
2025.09.23	00:37:51.079		0.93579			4
2025.09.23	00:37:52.190		0.93578			4
2025.09.23	00:37:55.080		0.93576			4
2025.09.23	00:37:57.387		0.93575			4
2025.09.23	00:37:58.086		0.93576			4
2025.09.23	00:37:59.099		0.93577			4
2025.09.23	00:38:00.020	0.93467				2
2025.09.23	00:38:00.792		0.93576			4
2025.09.23	00:38:01.103		0.93571			4
2025.09.23	00:38:01.457		0.93574			4
2025.09.23	00:38:02.359		0.93575			4
2025.09.23	00:38:02.824		0.93574			4
2025.09.23	00:38:03.995		0.93575			4
2025.09.23	00:38:04.823	0.93468	0.93580			6
2025.09.23	00:38:05.524		0.93582			4
2025.09.23	00:38:05.850		0.93581			4
2025.09.23	00:38:06.836		0.93577			4
2025.09.23	00:38:07.335		0.93575			4
2025.09.23	00:38:09.723		0.93576			4
2025.09.23	00:38:11.435		0.93575			4
2025.09.23	00:38:13.082		0.93578			4
2025.09.23	00:38:13.924		0.93577			4
2025.09.23	00:38:14.231		0.93575			4
2025.09.23	00:38:15.348		0.93574			4
2025.09.23	00:38:15.969		0.93575			4
2025.09.23	00:38:16.348		0.93574			4
2025.09.23	00:38:17.200		0.93573			4
2025.09.23	00:38:17.885		0.93572			4
2025.09.23	00:38:18.884		0.93573			4
2025.09.23	00:38:19.385		0.93575			4
2025.09.23	00:38:19.692		0.93577			4
2025.09.23	00:38:20.578		0.93573			4
2025.09.23	00:38:21.248		0.93574			4
2025.09.23	00:38:24.393		0.93572			4
2025.09.23	00:38:26.760		0.93573			4
2025.09.23	00:38:28.057		0.93574			4
2025.09.23	00:38:30.401	0.93464	0.93573			6
2025.09.23	00:38:31.087		0.93578			4
2025.09.23	00:38:31.396		0.93581			4
2025.09.23	00:38:32.087		0.93580			4
2025.09.23	00:38:32.392		0.93570			4
2025.09.23	00:38:32.694	0.93465	0.93567			6
2025.09.23	00:38:34.349	0.93464	0.93573			6
2025.09.23	00:38:35.354		0.93577			4
2025.09.23	00:38:35.698		0.93579			4
2025.09.23	00:38:36.306		0.93573			4
2025.09.23	00:38:36.863		0.93570			4
2025.09.23	00:38:40.669		0.93571			4
2025.09.23	00:38:41.572		0.93573			4
2025.09.23	00:38:44.344		0.93574			4
2025.09.23	00:38:44.829		0.93578			4
2025.09.23	00:38:45.182		0.93580			4
2025.09.23	00:38:45.681		0.93576			4
2025.09.23	00:38:48.441		0.93575			4
2025.09.23	00:38:49.098		0.93573			4
2025.09.23	00:38:49.410		0.93572			4
2025.09.23	00:38:49.965		0.93571			4
2025.09.23	00:38:50.278		0.93570			4
2025.09.23	00:38:50.599		0.93572			4
2025.09.23	00:38:51.316		0.93571			4
2025.09.23	00:38:53.195		0.93572			4
2025.09.23	00:38:53.499		0.93577			4
2025.09.23	00:38:53.817		0.93576			4
2025.09.23	00:38:54.195		0.93573			4
2025.09.23	00:38:54.501		0.93570			4
2025.09.23	00:38:57.499		0.93572			4
2025.09.23	00:39:00.124	0.93464				2
2025.09.23	00:39:01.195		0.93571			4
2025.09.23	00:39:01.926		0.93570			4
2025.09.23	00:39:08.828		0.93571			4
2025.09.23	00:39:10.353		0.93572			4
2025.09.23	00:39:10.857		0.93571			4
2025.09.23	00:39:11.894		0.93572			4
2025.09.23	00:39:12.894		0.93571			4
2025.09.23	00:39:13.396		0.93572			4
2025.09.23	00:39:18.371		0.93575			4
2025.09.23	00:39:22.335		0.93571			4
2025.09.23	00:39:24.650		0.93574			4
2025.09.23	00:39:24.952		0.93571			4
2025.09.23	00:39:26.814		0.93570			4
2025.09.23	00:39:28.347		0.93569			4
2025.09.23	00:39:28.845		0.93570			4
2025.09.23	00:39:31.424		0.93569			4
2025.09.23	00:39:32.833		0.93570			4
2025.09.23	00:39:39.024		0.93569			4
2025.09.23	00:39:41.111		0.93570			4
2025.09.23	00:39:44.497		0.93569			4
2025.09.23	00:39:49.023	0.93465	0.93568			6
2025.09.23	00:39:49.356	0.93464	0.93569			6
2025.09.23	00:39:49.899		0.93570			4
2025.09.23	00:39:50.235		0.93569			4
2025.09.23	00:39:50.582		0.93570			4
2025.09.23	00:39:51.581	0.93465	0.93569			6
2025.09.23	00:39:54.298	0.93464				2
2025.09.23	00:39:54.688	0.93466	0.93566			6
2025.09.23	00:39:55.795	0.93470	0.93565			6
2025.09.23	00:39:56.292	0.93468				2
2025.09.23	00:39:56.796	0.93469				2
2025.09.23	00:39:57.294	0.93468				2
2025.09.23	00:39:57.793	0.93470				2
2025.09.23	00:39:58.148	0.93468				2
2025.09.23	00:39:58.793	0.93470				2
2025.09.23	00:39:59.311	0.93468				2
2025.09.23	00:39:59.796	0.93470				2
2025.09.23	00:40:00.293	0.93468				2
2025.09.23	00:40:00.794	0.93466				2
2025.09.23	00:40:02.793	0.93468				2
2025.09.23	00:40:03.292	0.93466				2
2025.09.23	00:40:03.795	0.93468				2
2025.09.23	00:40:05.422	0.93467				2
2025.09.23	00:40:05.920	0.93468				2
2025.09.23	00:40:06.420	0.93467				2
2025.09.23	00:40:06.919	0.93468				2
2025.09.23	00:40:07.421	0.93467				2
2025.09.23	00:40:07.919	0.93469	0.93564			6
2025.09.23	00:40:08.420	0.93467				2
2025.09.23	00:40:08.921	0.93466	0.93565			6
2025.09.23	00:40:09.403	0.93465				2
2025.09.23	00:40:10.630	0.93464				2
2025.09.23	00:40:12.128	0.93465				2
2025.09.23	00:40:13.196	0.93466	0.93566			6
2025.09.23	00:40:13.729	0.93467				2
2025.09.23	00:40:14.566	0.93466				2
2025.09.23	00:40:14.912	0.93464	0.93570			6
2025.09.23	00:40:16.191		0.93573			4
2025.09.23	00:40:16.816		0.93572			4
2025.09.23	00:40:17.934		0.93571			4
2025.09.23	00:40:18.824		0.93572			4
2025.09.23	00:40:19.602		0.93570			4
2025.09.23	00:40:20.686		0.93569			4
2025.09.23	00:40:25.688	0.93465				2
2025.09.23	00:40:27.830	0.93464	0.93570			6
2025.09.23	00:40:28.197		0.93571			4
2025.09.23	00:40:29.395		0.93570			4
2025.09.23	00:40:31.382	0.93465	0.93569			6
2025.09.23	00:40:31.698	0.93466	0.93568			6
2025.09.23	00:40:32.012	0.93465				2
2025.09.23	00:40:34.159	0.93467	0.93566			6
2025.09.23	00:40:37.048	0.93466	0.93567			6
2025.09.23	00:40:38.699	0.93467	0.93566			6
2025.09.23	00:40:39.462	0.93461	0.93567			6
2025.09.23	00:40:40.297	0.93464				2
2025.09.23	00:40:40.610	0.93462				2
2025.09.23	00:40:41.316	0.93466				2
2025.09.23	00:40:41.685	0.93465	0.93568			6
2025.09.23	00:40:42.671		0.93567			4
2025.09.23	00:40:43.294	0.93468	0.93566			6
2025.09.23	00:40:43.663	0.93465	0.93568			6
2025.09.23	00:40:45.296	0.93466				2
2025.09.23	00:40:45.607	0.93467				2
2025.09.23	00:40:45.922	0.93465				2
2025.09.23	00:40:47.165	0.93464				2
2025.09.23	00:40:50.395	0.93466	0.93567			6
2025.09.23	00:40:51.124		0.93566			4
2025.09.23	00:40:53.527		0.93567			4
2025.09.23	00:40:55.626	0.93465				2
2025.09.23	00:40:56.499	0.93466	0.93566			6
2025.09.23	00:40:57.431	0.93467	0.93565			6
2025.09.23	00:40:57.792	0.93466	0.93566			6
2025.09.23	00:40:59.488	0.93468	0.93565			6
2025.09.23	00:40:59.828	0.93467	0.93566			6
2025.09.23	00:41:00.480	0.93466	0.93567			6
2025.09.23	00:41:01.330	0.93468	0.93565			6
2025.09.23	00:41:01.666	0.93466				2
2025.09.23	00:41:01.992	0.93468				2
2025.09.23	00:41:02.958	0.93470				2
2025.09.23	00:41:03.275	0.93467				2
2025.09.23	00:41:03.664	0.93463	0.93566			6
2025.09.23	00:41:04.486	0.93466				2
2025.09.23	00:41:04.797		0.93567			4
2025.09.23	00:41:05.098	0.93464	0.93565			6
2025.09.23	00:41:05.400		0.93566			4
2025.09.23	00:41:05.718	0.93466				2
2025.09.23	00:41:06.726	0.93463				2
2025.09.23	00:41:07.517	0.93462				2
2025.09.23	00:41:09.098	0.93464				2
2025.09.23	00:41:09.435	0.93466				2
2025.09.23	00:41:09.824	0.93467	0.93567			6
2025.09.23	00:41:10.363	0.93465				2
2025.09.23	00:41:10.679	0.93464				2
2025.09.23	00:41:11.333	0.93463				2
2025.09.23	00:41:12.376	0.93464	0.93565			6
2025.09.23	00:41:13.881	0.93462	0.93566			6
2025.09.23	00:41:14.197	0.93464	0.93565			6
2025.09.23	00:41:14.879	0.93462				2
2025.09.23	00:41:15.381	0.93466				2
2025.09.23	00:41:16.193	0.93468	0.93564			6
2025.09.23	00:41:17.517	0.93466	0.93565			6
2025.09.23	00:41:21.425	0.93465	0.93566			6
2025.09.23	00:41:22.326	0.93464	0.93567			6
2025.09.23	00:41:23.492	0.93463	0.93568			6
2025.09.23	00:41:23.821	0.93464				2
2025.09.23	00:41:28.324	0.93463				2
2025.09.23	00:41:30.835		0.93569			4
2025.09.23	00:41:34.023	0.93464	0.93568			6
2025.09.23	00:41:37.736		0.93566			4
2025.09.23	00:41:38.077	0.93463				2
2025.09.23	00:41:39.124	0.93465	0.93567			6
2025.09.23	00:41:39.430	0.93464				2
2025.09.23	00:41:40.137	0.93462				2
2025.09.23	00:41:40.636	0.93463				2
2025.09.23	00:41:41.633	0.93464				2
2025.09.23	00:41:42.137	0.93462				2
2025.09.23	00:41:42.633	0.93465				2
2025.09.23	00:41:43.132	0.93463				2
2025.09.23	00:41:43.632		0.93569			4
2025.09.23	00:41:44.133	0.93462	0.93567			6
2025.09.23	00:41:44.632		0.93568			4
2025.09.23	00:41:45.132	0.93460				2
2025.09.23	00:41:49.132	0.93462	0.93566			6
2025.09.23	00:41:49.438	0.93469	0.93568			6
2025.09.23	00:41:49.740	0.93467				2
2025.09.23	00:41:50.132	0.93463	0.93567			6
2025.09.23	00:41:50.440	0.93464	0.93566			6
2025.09.23	00:41:52.327	0.93461	0.93568			6
2025.09.23	00:41:53.081	0.93460				2
2025.09.23	00:41:53.394	0.93462	0.93569			6
2025.09.23	00:41:53.716		0.93568			4
2025.09.23	00:41:54.452	0.93461	0.93567			6
2025.09.23	00:41:55.739	0.93462	0.93568			6
2025.09.23	00:41:56.240	0.93461				2
2025.09.23	00:42:00.583	0.93461	0.93567			6
2025.09.23	00:42:01.733		0.93568			4
2025.09.23	00:42:02.056	0.93460				2
2025.09.23	00:42:04.626		0.93569			4
2025.09.23	00:42:07.792	0.93462				2
2025.09.23	00:42:12.413		0.93568			4
2025.09.23	00:42:13.740		0.93569			4
2025.09.23	00:42:20.467	0.93463	0.93568			6
2025.09.23	00:42:21.622	0.93464	0.93567			6
2025.09.23	00:42:23.825	0.93463				2
2025.09.23	00:42:25.042	0.93485	0.93581			6
2025.09.23	00:42:29.104	0.93462	0.93561			6
2025.09.23	00:42:35.467		0.93562			4
2025.09.23	00:42:37.422		0.93561			4
2025.09.23	00:42:52.290		0.93562			4
2025.09.23	00:42:53.320	0.93457				2
2025.09.23	00:42:55.733		0.93561			4
2025.09.23	00:43:00.440	0.93457				2
2025.09.23	00:43:02.137	0.93458	0.93562			6
2025.09.23	00:43:02.619		0.93561			4
2025.09.23	00:43:07.449		0.93562			4
2025.09.23	00:43:09.724		0.93563			4
2025.09.23	00:43:16.060	0.93459	0.93561			6
2025.09.23	00:43:16.370	0.93461	0.93560			6
2025.09.23	00:43:17.391	0.93457	0.93562			6
2025.09.23	00:43:17.781	0.93459	0.93560			6
2025.09.23	00:43:20.117	0.93460				2
2025.09.23	00:43:22.893	0.93458				2
2025.09.23	00:43:24.311	0.93457				2
2025.09.23	00:43:28.048	0.93455	0.93561			6
2025.09.23	00:43:28.927	0.93454	0.93562			6
2025.09.23	00:43:30.995	0.93455	0.93561			6
2025.09.23	00:43:31.782	0.93457				2
2025.09.23	00:43:33.351	0.93456				2
2025.09.23	00:43:33.731	0.93455				2
2025.09.23	00:43:35.594	0.93456	0.93560			6
2025.09.23	00:43:39.724		0.93561			4
2025.09.23	00:43:40.391	0.93455	0.93562			6
2025.09.23	00:43:41.523	0.93454				2
2025.09.23	00:43:43.637	0.93455	0.93561			6
2025.09.23	00:43:45.402		0.93562			4
2025.09.23	00:43:46.137	0.93456				2
2025.09.23	00:43:47.510	0.93455				2
2025.09.23	00:43:50.514	0.93456	0.93561			6
2025.09.23	00:43:53.024	0.93455				2
2025.09.23	00:43:54.724	0.93456				2
2025.09.23	00:43:55.531	0.93455	0.93562			6
2025.09.23	00:43:56.266	0.93458	0.93559			6
2025.09.23	00:43:56.891	0.93457				2
2025.09.23	00:43:57.194	0.93456	0.93560			6
2025.09.23	00:43:57.498		0.93562			4
2025.09.23	00:43:57.810	0.93457	0.93561			6
2025.09.23	00:43:58.168	0.93460	0.93560			6
2025.09.23	00:43:58.839	0.93459				2
2025.09.23	00:43:59.142	0.93457	0.93561			6
2025.09.23	00:44:00.123	0.93456	0.93560			6
2025.09.23	00:44:00.767	0.93458				2
2025.09.23	00:44:01.199	0.93457				2
2025.09.23	00:44:04.456	0.93456				2
2025.09.23	00:44:05.083	0.93459	0.93559			6
2025.09.23	00:44:05.400	0.93454	0.93560			6
2025.09.23	00:44:06.098	0.93456	0.93561			6
2025.09.23	00:44:07.553	0.93459	0.93562			6
2025.09.23	00:44:07.929		0.93561			4
2025.09.23	00:44:11.540	0.93460				2
2025.09.23	00:44:12.322	0.93459	0.93562			6
2025.09.23	00:44:12.656	0.93460	0.93561			6
2025.09.23	00:44:13.259	0.93467				2
2025.09.23	00:44:14.358	0.93466				2
2025.09.23	00:44:14.733	0.93467	0.93560			6
2025.09.23	00:44:15.273	0.93466	0.93561			6
2025.09.23	00:44:16.932	0.93478	0.93563			6
2025.09.23	00:44:18.015	0.93477	0.93564			6
2025.09.23	00:44:18.938	0.93476	0.93565			6
2025.09.23	00:44:19.305	0.93477				2
2025.09.23	00:44:23.735	0.93478				2
2025.09.23	00:44:25.032	0.93477	0.93566			6
2025.09.23	00:44:25.976	0.93476	0.93567			6
2025.09.23	00:44:26.358	0.93479	0.93564			6
2025.09.23	00:44:26.690	0.93477				2
2025.09.23	00:44:27.521	0.93475				2
2025.09.23	00:44:27.863	0.93466	0.93563			6
2025.09.23	00:44:28.351		0.93561			4
2025.09.23	00:44:29.522		0.93560			4
2025.09.23	00:44:30.532		0.93559			4
2025.09.23	00:44:33.619		0.93558			4
2025.09.23	00:44:33.936		0.93559			4
2025.09.23	00:44:34.285		0.93558			4
2025.09.23	00:44:34.631		0.93560			4
2025.09.23	00:44:34.959		0.93559			4
2025.09.23	00:44:35.917		0.93560			4
2025.09.23	00:44:38.457		0.93559			4
2025.09.23	00:44:39.540		0.93560			4
2025.09.23	00:44:40.766		0.93559			4
2025.09.23	00:44:41.073		0.93560			4
2025.09.23	00:44:41.543		0.93559			4
2025.09.23	00:44:47.295		0.93557			4
2025.09.23	00:44:48.709		0.93558			4
2025.09.23	00:44:49.139		0.93559			4
2025.09.23	00:44:49.455		0.93558			4
2025.09.23	00:44:49.835		0.93559			4
2025.09.23	00:44:57.382	0.93467				2
2025.09.23	00:45:00.104	0.93467				2
2025.09.23	00:45:00.412	0.93466	0.93560			6
2025.09.23	00:45:02.081		0.93561			4
2025.09.23	00:45:02.587		0.93560			4
2025.09.23	00:45:03.138	0.93461	0.93580			6
2025.09.23	00:45:03.797	0.93462	0.93581			6
2025.09.23	00:45:06.056	0.93460	0.93579			6
2025.09.23	00:45:06.357	0.93467	0.93561			6
2025.09.23	00:45:07.680	0.93466	0.93559			6
2025.09.23	00:45:07.983		0.93560			4
2025.09.23	00:45:10.401	0.93484	0.93542			6
2025.09.23	00:45:13.007	0.93485				2
2025.09.23	00:45:13.942	0.93484	0.93541			6
2025.09.23	00:45:15.160		0.93542			4
2025.09.23	00:45:15.668		0.93541			4
2025.09.23	00:45:16.816		0.93540			4
2025.09.23	00:45:19.803		0.93541			4
2025.09.23	00:45:20.648		0.93539			4
2025.09.23	00:45:21.842		0.93540			4
2025.09.23	00:45:22.324		0.93539			4
2025.09.23	00:45:43.389		0.93540			4
2025.09.23	00:45:44.497		0.93539			4
2025.09.23	00:45:49.629		0.93540			4
2025.09.23	00:45:50.823		0.93539			4
2025.09.23	00:46:01.730	0.93484				2
2025.09.23	00:46:04.430		0.93540			4
2025.09.23	00:46:05.673		0.93539			4
2025.09.23	00:46:08.187	0.93482				2
2025.09.23	00:46:10.024		0.93538			4
2025.09.23	00:46:11.539		0.93537			4
2025.09.23	00:46:12.416	0.93481				2
2025.09.23	00:46:13.485	0.93480	0.93538			6
2025.09.23	00:46:13.870	0.93481	0.93539			6
2025.09.23	00:46:17.459	0.93479				2
2025.09.23	00:46:18.455	0.93480	0.93538			6
2025.09.23	00:46:18.902	0.93482	0.93540			6
2025.09.23	00:46:19.213	0.93480	0.93539			6
2025.09.23	00:46:20.033	0.93481				2
2025.09.23	00:46:20.469	0.93480	0.93540			6
2025.09.23	00:46:23.413	0.93482				2
2025.09.23	00:46:25.625	0.93481				2
2025.09.23	00:46:30.728	0.93482	0.93539			6
2025.09.23	00:46:32.182	0.93481	0.93540			6
2025.09.23	00:46:35.468	0.93487	0.93541			6
2025.09.23	00:46:37.511		0.93540			4
2025.09.23	00:46:37.854		0.93539			4
2025.09.23	00:46:38.559	0.93486				2
2025.09.23	00:46:42.123		0.93538			4
2025.09.23	00:46:43.631		0.93539			4
2025.09.23	00:46:47.420		0.93538			4
2025.09.23	00:46:48.253		0.93540			4
2025.09.23	00:46:49.093	0.93487				2
2025.09.23	00:46:49.430	0.93486				2
2025.09.23	00:46:50.358	0.93480	0.93539			6
2025.09.23	00:46:58.408	0.93481				2
2025.09.23	00:46:59.825	0.93482				2
2025.09.23	00:47:00.312	0.93480				2
2025.09.23	00:47:01.895	0.93481				2
2025.09.23	00:47:02.400	0.93480	0.93540			6
2025.09.23	00:47:02.902	0.93475	0.93558			6
2025.09.23	00:47:06.511	0.93480	0.93540			6
2025.09.23	00:47:13.233		0.93541			4
2025.09.23	00:47:24.079		0.93540			4
2025.09.23	00:47:24.589		0.93539			4
2025.09.23	00:47:26.055		0.93538			4
2025.09.23	00:47:26.359		0.93539			4
2025.09.23	00:47:26.664		0.93538			4
2025.09.23	00:47:29.363		0.93539			4
2025.09.23	00:47:30.442		0.93538			4
2025.09.23	00:47:36.414	0.93481				2
2025.09.23	00:47:36.717	0.93480				2
2025.09.23	00:47:40.021		0.93540			4
2025.09.23	00:47:50.329	0.93484	0.93542			6
2025.09.23	00:47:51.879		0.93541			4
2025.09.23	00:47:56.468		0.93542			4
2025.09.23	00:47:57.416		0.93541			4
2025.09.23	00:48:00.859	0.93484				2
2025.09.23	00:48:05.733		0.93540			4
2025.09.23	00:48:06.342		0.93541			4
2025.09.23	00:48:13.562		0.93542			4
2025.09.23	00:48:16.352		0.93541			4
2025.09.23	00:48:20.356	0.93480	0.93539			6
2025.09.23	00:48:21.495		0.93540			4
2025.09.23	00:48:26.526		0.93539			4
2025.09.23	00:48:31.926		0.93540			4
2025.09.23	00:48:38.153	0.93483	0.93539			6
2025.09.23	00:48:42.770	0.93482	0.93538			6
2025.09.23	00:48:47.238	0.93483				2
2025.09.23	00:48:47.625	0.93482				2
2025.09.23	00:48:47.951		0.93539			4
2025.09.23	00:48:51.423		0.93538			4
2025.09.23	00:48:57.777		0.93539			4
2025.09.23	00:49:02.524	0.93482				2
2025.09.23	00:49:09.285		0.93538			4
2025.09.23	00:49:10.330		0.93539			4
2025.09.23	00:49:16.024	0.93479				2
2025.09.23	00:49:23.762	0.93482				2
2025.09.23	00:49:35.300		0.93540			4
2025.09.23	00:49:40.442	0.93483	0.93538			6
2025.09.23	00:49:42.357	0.93482				2
2025.09.23	00:49:42.673		0.93541			4
2025.09.23	00:49:42.978		0.93542			4
2025.09.23	00:49:43.280		0.93540			4
2025.09.23	00:49:44.962		0.93538			4
2025.09.23	00:49:47.027		0.93539			4
2025.09.23	00:49:48.536		0.93541			4
2025.09.23	00:49:48.843	0.93483				2
2025.09.23	00:49:49.992		0.93540			4
2025.09.23	00:49:50.306		0.93541			4
2025.09.23	00:49:51.040		0.93540			4
2025.09.23	00:49:52.211		0.93541			4
2025.09.23	00:50:00.698	0.93483				2
2025.09.23	00:50:05.268	0.93478				2
2025.09.23	00:50:05.598		0.93540			4
2025.09.23	00:50:07.351	0.93477	0.93539			6
2025.09.23	00:50:10.759		0.93538			4
2025.09.23	00:50:19.843		0.93539			4
2025.09.23	00:50:20.168		0.93540			4
2025.09.23	00:50:21.723		0.93541			4
2025.09.23	00:50:22.364		0.93540			4
2025.09.23	00:50:29.636		0.93539			4
2025.09.23	00:50:36.668		0.93540			4
2025.09.23	00:50:37.310		0.93539			4
2025.09.23	00:50:48.586		0.93538			4
2025.09.23	00:50:54.492		0.93537			4
2025.09.23	00:50:55.323		0.93538			4
2025.09.23	00:50:56.822		0.93537			4
2025.09.23	00:50:57.159		0.93538			4
2025.09.23	00:51:00.355	0.93477	0.93539			6
2025.09.23	00:51:00.860		0.93538			4
2025.09.23	00:51:05.440		0.93537			4
2025.09.23	00:51:08.603		0.93539			4
2025.09.23	00:51:09.404		0.93540			4
2025.09.23	00:51:13.959		0.93539			4
2025.09.23	00:51:17.823		0.93538			4
2025.09.23	00:51:31.365		0.93539			4
2025.09.23	00:51:32.527		0.93538			4
2025.09.23	00:51:35.005		0.93539			4
2025.09.23	00:51:38.588		0.93538			4
2025.09.23	00:51:39.154		0.93539			4
2025.09.23	00:51:40.385		0.93538			4
2025.09.23	00:51:46.038	0.93472				2
2025.09.23	00:51:46.340		0.93540			4
2025.09.23	00:51:47.548		0.93539			4
2025.09.23	00:51:48.940	0.93476	0.93540			6
2025.09.23	00:51:49.475		0.93539			4
2025.09.23	00:51:50.622		0.93540			4
2025.09.23	00:52:00.424	0.93476				2
2025.09.23	00:52:07.324		0.93538			4
2025.09.23	00:52:07.677		0.93539			4
2025.09.23	00:52:11.332		0.93538			4
2025.09.23	00:52:19.024		0.93537			4
2025.09.23	00:52:19.339		0.93538			4
2025.09.23	00:52:29.161		0.93539			4
2025.09.23	00:52:29.671		0.93538			4
2025.09.23	00:52:31.362		0.93537			4
2025.09.23	00:52:31.730		0.93538			4
2025.09.23	00:52:36.129		0.93539			4
2025.09.23	00:52:36.669		0.93538			4
2025.09.23	00:52:51.586		0.93539			4
2025.09.23	00:53:00.434	0.93476				2
2025.09.23	00:53:04.477		0.93538			4
2025.09.23	00:53:09.964		0.93539			4
2025.09.23	00:53:16.134		0.93540			4
2025.09.23	00:53:16.451		0.93539			4
2025.09.23	00:53:22.228		0.93540			4
2025.09.23	00:53:24.042		0.93538			4
2025.09.23	00:53:25.350		0.93539			4
2025.09.23	00:53:26.444	0.93477				2
2025.09.23	00:53:28.135	0.93476				2
2025.09.23	00:53:29.039		0.93540			4
2025.09.23	00:53:30.063	0.93477	0.93539			6
2025.09.23	00:53:30.475	0.93476	0.93540			6
2025.09.23	00:53:34.329	0.93468				2
2025.09.23	00:53:35.468	0.93473				2
2025.09.23	00:53:39.633		0.93541			4
2025.09.23	00:53:40.638		0.93540			4
2025.09.23	00:53:42.662	0.93476	0.93541			6
2025.09.23	00:53:43.328		0.93539			4
2025.09.23	00:53:49.606		0.93541			4
2025.09.23	00:53:50.057		0.93540			4
2025.09.23	00:53:50.364		0.93539			4
2025.09.23	00:53:51.223		0.93540			4
2025.09.23	00:53:51.572		0.93541			4
2025.09.23	00:53:54.095		0.93539			4
2025.09.23	00:53:55.280		0.93540			4
2025.09.23	00:53:55.616		0.93539			4
2025.09.23	00:53:56.211		0.93540			4
2025.09.23	00:53:57.403		0.93539			4
2025.09.23	00:53:58.604		0.93540			4
2025.09.23	00:54:00.361	0.93476				2
2025.09.23	00:54:04.023		0.93541			4
2025.09.23	00:54:04.884		0.93540			4
2025.09.23	00:54:05.656		0.93541			4
2025.09.23	00:54:05.970		0.93540			4
2025.09.23	00:54:06.310		0.93541			4
2025.09.23	00:54:06.982		0.93540			4
2025.09.23	00:54:08.244		0.93539			4
2025.09.23	00:54:08.584		0.93540			4
2025.09.23	00:54:10.112		0.93539			4
2025.09.23	00:54:10.429		0.93540			4
2025.09.23	00:54:13.147	0.93472	0.93541			6
2025.09.23	00:54:14.137		0.93540			4
2025.09.23	00:54:14.705		0.93541			4
2025.09.23	00:54:15.625		0.93540			4
2025.09.23	00:54:19.097	0.93477				2
2025.09.23	00:54:21.136	0.93476				2
2025.09.23	00:54:21.831		0.93541			4
2025.09.23	00:54:30.517		0.93539			4
2025.09.23	00:54:31.763		0.93540			4
2025.09.23	00:54:38.822		0.93539			4
2025.09.23	00:54:41.475		0.93541			4
2025.09.23	00:54:44.831		0.93542			4
2025.09.23	00:54:45.984		0.93540			4
2025.09.23	00:54:49.129	0.93495	0.93561			6
2025.09.23	00:54:50.078	0.93496				2
2025.09.23	00:54:50.412	0.93495				2
2025.09.23	00:54:52.696	0.93494				2
2025.09.23	00:54:53.271	0.93495				2
2025.09.23	00:54:54.499	0.93494				2
2025.09.23	00:55:00.633	0.93494				2
2025.09.23	00:55:01.951	0.93493				2
2025.09.23	00:55:02.396	0.93494				2
2025.09.23	00:55:03.173	0.93493				2
2025.09.23	00:55:09.326	0.93494	0.93555			6
2025.09.23	00:55:09.633	0.93493				2
2025.09.23	00:55:10.350	0.93491				2
2025.09.23	00:55:10.785	0.93492	0.93565			6
2025.09.23	00:55:25.462	0.93493	0.93567			6
2025.09.23	00:55:25.829	0.93492				2
2025.09.23	00:55:31.455	0.93493				2
2025.09.23	00:55:31.761	0.93492				2
2025.09.23	00:55:34.506	0.93493				2
2025.09.23	00:55:34.889	0.93492				2
2025.09.23	00:55:35.469		0.93564			4
2025.09.23	00:55:37.515	0.93493				2
2025.09.23	00:55:41.222	0.93492				2
2025.09.23	00:55:50.506	0.93491				2
2025.09.23	00:55:52.053	0.93492				2
2025.09.23	00:55:59.658	0.93493				2
2025.09.23	00:56:00.268	0.93493				2
2025.09.23	00:56:03.503	0.93501	0.93603			6
2025.09.23	00:56:03.811	0.93500				2
2025.09.23	00:56:04.119	0.93492				2
2025.09.23	00:56:04.438	0.93498	0.93573			6
2025.09.23	00:56:04.764	0.93496	0.93572			6
2025.09.23	00:56:05.120	0.93498	0.93603			6
2025.09.23	00:56:05.435	0.93497				2
2025.09.23	00:56:05.742	0.93494	0.93576			6
2025.09.23	00:56:06.085	0.93495	0.93574			6
2025.09.23	00:56:06.395	0.93488	0.93582			6
2025.09.23	00:56:06.710	0.93487	0.93581			6
2025.09.23	00:56:07.040	0.93488	0.93580			6
2025.09.23	00:56:07.810	0.93491	0.93575			6
2025.09.23	00:56:08.133	0.93486	0.93581			6
2025.09.23	00:56:08.439	0.93489	0.93579			6
2025.09.23	00:56:08.780	0.93490	0.93581			6
2025.09.23	00:56:09.101	0.93496	0.93575			6
2025.09.23	00:56:09.483	0.93495	0.93576			6
2025.09.23	00:56:10.293	0.93498	0.93573			6
2025.09.23	00:56:10.626	0.93497	0.93574			6
2025.09.23	00:56:11.390	0.93499	0.93572			6
2025.09.23	00:56:11.845	0.93498	0.93573			6
2025.09.23	00:56:12.319		0.93565			4
2025.09.23	00:56:13.254	0.93499	0.93561			6
2025.09.23	00:56:13.569	0.93498	0.93598			6
2025.09.23	00:56:13.983	0.93497				2
2025.09.23	00:56:14.291	0.93499				2
2025.09.23	00:56:15.277	0.93500				2
2025.09.23	00:56:15.645	0.93497				2
2025.09.23	00:56:15.995	0.93499				2
2025.09.23	00:56:16.515	0.93498				2
2025.09.23	00:56:17.866	0.93497				2
2025.09.23	00:56:18.350	0.93499				2
2025.09.23	00:56:18.672	0.93501	0.93603			6
2025.09.23	00:56:19.181	0.93502				2
2025.09.23	00:56:19.525	0.93497	0.93571			6
2025.09.23	00:56:19.837	0.93496	0.93603			6
2025.09.23	00:56:20.161	0.93501				2
2025.09.23	00:56:21.051	0.93502	0.93567			6
2025.09.23	00:56:21.386	0.93500	0.93569			6
2025.09.23	00:56:21.717	0.93497	0.93571			6
2025.09.23	00:56:22.078	0.93501	0.93567			6
2025.09.23	00:56:22.495	0.93500	0.93569			6
2025.09.23	00:56:23.085	0.93498	0.93570			6
2025.09.23	00:56:23.400	0.93499	0.93569			6
2025.09.23	00:56:23.743	0.93497	0.93571			6
2025.09.23	00:56:24.075	0.93500	0.93568			6
2025.09.23	00:56:25.328	0.93497	0.93571			6
2025.09.23	00:56:25.638	0.93499	0.93569			6
2025.09.23	00:56:25.956	0.93498	0.93571			6
2025.09.23	00:56:26.879		0.93601			4
2025.09.23	00:56:27.180	0.93494	0.93576			6
2025.09.23	00:56:27.661	0.93493	0.93567			6
2025.09.23	00:56:28.289	0.93491				2
2025.09.23	00:56:28.914	0.93493				2
2025.09.23	00:56:29.531	0.93492				2
2025.09.23	00:56:30.665	0.93493				2
2025.09.23	00:56:32.666	0.93490				2
2025.09.23	00:56:33.138	0.93493	0.93570			6
2025.09.23	00:56:33.648		0.93571			4
2025.09.23	00:56:33.991		0.93572			4
2025.09.23	00:56:34.320	0.93494				2
2025.09.23	00:56:35.323	0.93493	0.93570			6
2025.09.23	00:56:35.890	0.93488	0.93561			6
2025.09.23	00:56:37.420	0.93487				2
2025.09.23	00:56:38.038	0.93486	0.93557			6
2025.09.23	00:56:40.916	0.93487				2
2025.09.23	00:56:42.378	0.93486				2
2025.09.23	00:56:43.105	0.93480				2
2025.09.23	00:56:43.480	0.93477	0.93541			6
2025.09.23	00:56:44.683	0.93484	0.93548			6
2025.09.23	00:56:45.415		0.93553			4
2025.09.23	00:56:47.403	0.93487	0.93556			6
2025.09.23	00:56:48.587	0.93486				2
2025.09.23	00:56:49.704	0.93481				2
2025.09.23	00:56:50.182	0.93487	0.93559			6
2025.09.23	00:56:51.316	0.93481				2
2025.09.23	00:56:51.662	0.93486				2
2025.09.23	00:56:52.596	0.93481				2
2025.09.23	00:56:53.383	0.93485	0.93554			6
2025.09.23	00:56:53.769		0.93553			4
2025.09.23	00:56:54.478	0.93480	0.93540			6
2025.09.23	00:56:55.821	0.93485	0.93553			6
2025.09.23	00:56:56.764	0.93480	0.93540			6
2025.09.23	00:56:57.736	0.93486	0.93560			6
2025.09.23	00:56:58.983	0.93487				2
2025.09.23	00:56:59.644	0.93486				2
2025.09.23	00:56:59.965	0.93487				2
2025.09.23	00:57:00.320	0.93487				2
2025.09.23	00:57:00.640	0.93486				2
2025.09.23	00:57:02.943	0.93485				2
2025.09.23	00:57:04.772	0.93486				2
2025.09.23	00:57:05.511	0.93485				2
2025.09.23	00:57:06.352	0.93484				2
2025.09.23	00:57:07.538	0.93483				2
2025.09.23	00:57:08.438	0.93484				2
2025.09.23	00:57:09.881	0.93485				2
2025.09.23	00:57:12.954		0.93553			4
2025.09.23	00:57:14.263	0.93479	0.93547			6
2025.09.23	00:57:14.755	0.93484	0.93553			6
2025.09.23	00:57:18.138	0.93485				2
2025.09.23	00:57:18.446	0.93486				2
2025.09.23	00:57:19.099	0.93485				2
2025.09.23	00:57:20.100	0.93480	0.93547			6
2025.09.23	00:57:20.419	0.93485	0.93553			6
2025.09.23	00:57:20.729	0.93484				2
2025.09.23	00:57:21.083	0.93483				2
2025.09.23	00:57:21.863	0.93484				2
2025.09.23	00:57:22.420	0.93485				2
2025.09.23	00:57:25.531		0.93561			4
2025.09.23	00:57:25.842	0.93480				2
2025.09.23	00:57:26.463	0.93485	0.93553			6
2025.09.23	00:57:27.860	0.93480	0.93547			6
2025.09.23	00:57:28.943	0.93485	0.93553			6
2025.09.23	00:57:31.397		0.93561			4
2025.09.23	00:57:32.614	0.93484				2
2025.09.23	00:57:32.927	0.93483				2
2025.09.23	00:57:33.350	0.93485	0.93553			6
2025.09.23	00:57:34.400	0.93484				2
2025.09.23	00:57:35.105	0.93485	0.93561			6
2025.09.23	00:57:36.316		0.93548			4
2025.09.23	00:57:36.620		0.93553			4
2025.09.23	00:57:38.326	0.93480	0.93548			6
2025.09.23	00:57:38.919	0.93485	0.93553			6
2025.09.23	00:57:40.468		0.93561			4
2025.09.23	00:57:40.779	0.93486				2
2025.09.23	00:57:42.996	0.93485				2
2025.09.23	00:57:45.278	0.93484				2
2025.09.23	00:57:46.375	0.93485				2
2025.09.23	00:57:52.309	0.93484				2
2025.09.23	00:57:52.646	0.93485				2
2025.09.23	00:57:53.223	0.93482				2
2025.09.23	00:57:55.414	0.93481				2
2025.09.23	00:57:57.457	0.93482				2
2025.09.23	00:57:57.763	0.93481				2
2025.09.23	00:57:59.618	0.93480				2
2025.09.23	00:58:00.117	0.93481				2
2025.09.23	00:58:02.605	0.93484	0.93557			6
2025.09.23	00:58:03.345	0.93485				2
2025.09.23	00:58:05.079	0.93480				2
2025.09.23	00:58:05.604	0.93485				2
2025.09.23	00:58:07.704	0.93480				2
2025.09.23	00:58:08.760	0.93484				2
2025.09.23	00:58:09.066	0.93483				2
2025.09.23	00:58:09.397	0.93485				2
2025.09.23	00:58:09.929	0.93484				2
2025.09.23	00:58:10.315		0.93552			4
2025.09.23	00:58:11.181	0.93485				2
2025.09.23	00:58:13.349	0.93484				2
2025.09.23	00:58:14.419	0.93483				2
2025.09.23	00:58:14.730	0.93484				2
2025.09.23	00:58:15.221	0.93483				2
2025.09.23	00:58:15.633	0.93484				2
2025.09.23	00:58:16.010	0.93483				2
2025.09.23	00:58:16.694	0.93484				2
2025.09.23	00:58:17.898	0.93483				2
2025.09.23	00:58:18.297	0.93484				2
2025.09.23	00:58:20.163	0.93483				2
2025.09.23	00:58:20.582	0.93484				2
2025.09.23	00:58:21.992	0.93483				2
2025.09.23	00:58:24.248	0.93480	0.93548			6
2025.09.23	00:58:25.385	0.93484	0.93560			6
2025.09.23	00:58:26.355	0.93486				2
2025.09.23	00:58:26.657	0.93487				2
2025.09.23	00:58:27.663	0.93486				2
2025.09.23	00:58:28.037	0.93487				2
2025.09.23	00:58:30.329	0.93484				2
2025.09.23	00:58:31.048	0.93483				2
2025.09.23	00:58:31.368	0.93484				2
2025.09.23	00:58:32.855	0.93481				2
2025.09.23	00:58:33.690	0.93486				2
2025.09.23	00:58:35.371	0.93482				2
2025.09.23	00:58:35.686	0.93486				2
2025.09.23	00:58:36.279	0.93487				2
2025.09.23	00:58:37.262	0.93486				2
2025.09.23	00:58:39.457	0.93481	0.93559			6
2025.09.23	00:58:39.809		0.93560			4
2025.09.23	00:58:40.470	0.93480	0.93549			6
2025.09.23	00:58:40.830	0.93484	0.93555			6
2025.09.23	00:58:41.795	0.93483				2
2025.09.23	00:58:43.508		0.93554			4
2025.09.23	00:58:43.995	0.93484				2
2025.09.23	00:58:44.687	0.93483				2
2025.09.23	00:58:47.543		0.93555			4
2025.09.23	00:58:48.041	0.93485				2
2025.09.23	00:58:49.768	0.93484				2
2025.09.23	00:58:50.756	0.93483				2
2025.09.23	00:58:51.662	0.93484				2
2025.09.23	00:58:52.107	0.93481	0.93549			6
2025.09.23	00:58:52.660	0.93484	0.93555			6
2025.09.23	00:58:53.371	0.93485	0.93550			6
2025.09.23	00:58:55.471	0.93486	0.93553			6
2025.09.23	00:58:55.857	0.93489				2
2025.09.23	00:58:56.493	0.93488				2
2025.09.23	00:58:57.135	0.93489				2
2025.09.23	00:58:57.617	0.93488				2
2025.09.23	00:58:58.035	0.93486				2
2025.09.23	00:58:58.338	0.93487				2
2025.09.23	00:58:58.838	0.93488				2
2025.09.23	00:58:59.264	0.93487				2
2025.09.23	00:58:59.734	0.93488				2
2025.09.23	00:59:00.302	0.93490				2
2025.09.23	00:59:01.281	0.93489				2
2025.09.23	00:59:02.144	0.93488				2
2025.09.23	00:59:02.552	0.93487				2
2025.09.23	00:59:03.521	0.93482				2
2025.09.23	00:59:04.910	0.93487				2
2025.09.23	00:59:05.895	0.93486				2
2025.09.23	00:59:07.764	0.93488				2
2025.09.23	00:59:10.469	0.93490	0.93560			6
2025.09.23	00:59:10.773	0.93488				2
2025.09.23	00:59:11.433	0.93489				2
2025.09.23	00:59:12.014	0.93488				2
2025.09.23	00:59:14.344	0.93489				2
2025.09.23	00:59:15.348	0.93488				2
2025.09.23	00:59:20.759	0.93489				2
2025.09.23	00:59:25.474	0.93488				2
2025.09.23	00:59:26.240	0.93489				2
2025.09.23	00:59:31.159	0.93488				2
2025.09.23	00:59:32.877	0.93492				2
2025.09.23	00:59:33.179	0.93491				2
2025.09.23	00:59:35.548	0.93485				2
2025.09.23	00:59:35.881	0.93491				2
2025.09.23	00:59:38.546	0.93486				2
2025.09.23	00:59:38.871	0.93492				2
2025.09.23	00:59:39.174	0.93491				2
2025.09.23	00:59:41.229	0.93492				2
2025.09.23	00:59:43.178	0.93491				2
2025.09.23	00:59:43.511	0.93492				2
2025.09.23	00:59:44.743	0.93493				2
2025.09.23	00:59:47.648	0.93492				2
2025.09.23	00:59:47.971	0.93493				2
2025.09.23	00:59:53.845	0.93487				2
2025.09.23	00:59:56.204	0.93493				2
2025.09.23	00:59:56.701	0.93492				2
2025.09.23	00:59:57.198	0.93488				2
2025.09.23	00:59:57.699	0.93486				2
2025.09.23	00:59:58.714	0.93491				2
2025.09.23	00:59:59.388	0.93492				2
2025.09.23	01:00:00.027	0.93494				2
2025.09.23	01:00:00.339	0.93477	0.93573			6
2025.09.23	01:00:00.642	0.93484	0.93565			6
2025.09.23	01:00:01.004		0.93569			4
2025.09.23	01:00:01.319	0.93483	0.93561			6
2025.09.23	01:00:01.627	0.93487	0.93558			6
2025.09.23	01:00:01.929		0.93560			4
2025.09.23	01:00:02.877	0.93493	0.93541			6
2025.09.23	01:00:03.180		0.93538			4
2025.09.23	01:00:03.508	0.93491				2
2025.09.23	01:00:03.820	0.93467	0.93558			6
2025.09.23	01:00:04.425	0.93471	0.93562			6
2025.09.23	01:00:04.774	0.93470	0.93560			6
2025.09.23	01:00:06.030	0.93472				2
2025.09.23	01:00:06.682	0.93470	0.93558			6
2025.09.23	01:00:06.986	0.93473	0.93561			6
2025.09.23	01:00:07.335	0.93496	0.93542			6
2025.09.23	01:00:09.262	0.93490	0.93540			6
2025.09.23	01:00:09.566	0.93497	0.93544			6
2025.09.23	01:00:09.868	0.93496	0.93547			6
2025.09.23	01:00:10.178	0.93492	0.93540			6
2025.09.23	01:00:10.953	0.93497	0.93539			6
2025.09.23	01:00:11.276	0.93496	0.93542			6
2025.09.23	01:00:12.275	0.93497	0.93539			6
2025.09.23	01:00:14.023	0.93506	0.93543			6
2025.09.23	01:00:14.330	0.93498	0.93546			6
2025.09.23	01:00:14.692	0.93497				2
2025.09.23	01:00:14.999	0.93501	0.93548			6
2025.09.23	01:00:15.346	0.93510	0.93549			6
2025.09.23	01:00:15.961	0.93505	0.93550			6
2025.09.23	01:00:17.911		0.93548			4
2025.09.23	01:00:18.700	0.93502	0.93542			6
2025.09.23	01:00:22.214	0.93503				2
2025.09.23	01:00:22.858	0.93502				2
2025.09.23	01:00:24.858	0.93503				2
2025.09.23	01:00:25.279	0.93505	0.93541			6
2025.09.23	01:00:26.556		0.93542			4
2025.09.23	01:00:28.061		0.93541			4
2025.09.23	01:00:33.220	0.93507	0.93547			6
2025.09.23	01:00:33.576		0.93545			4
2025.09.23	01:00:37.625	0.93505	0.93543			6
2025.09.23	01:00:39.637		0.93545			4
2025.09.23	01:00:44.203		0.93541			4
2025.09.23	01:00:46.067		0.93539			4
2025.09.23	01:00:46.374	0.93506				2
2025.09.23	01:00:48.072	0.93505				2
2025.09.23	01:00:49.978	0.93506				2
2025.09.23	01:00:51.336	0.93505	0.93537			6
2025.09.23	01:00:54.025	0.93500	0.93534			6
2025.09.23	01:00:58.004	0.93506	0.93541			6
2025.09.23	01:00:58.326		0.93540			4
2025.09.23	01:00:59.096		0.93539			4
2025.09.23	01:01:00.316	0.93506				2
2025.09.23	01:01:01.629	0.93505				2
2025.09.23	01:01:02.156		0.93542			4
2025.09.23	01:01:05.086		0.93539			4
2025.09.23	01:01:10.855		0.93540			4
2025.09.23	01:01:11.156		0.93542			4
2025.09.23	01:01:14.723	0.93504	0.93537			6
2025.09.23	01:01:17.223		0.93538			4
2025.09.23	01:01:40.059		0.93536			4
2025.09.23	01:01:48.096		0.93539			4
2025.09.23	01:01:48.471		0.93536			4
2025.09.23	01:01:53.909	0.93505	0.93538			6
2025.09.23	01:01:54.220		0.93539			4
2025.09.23	01:01:57.242	0.93503	0.93536			6
2025.09.23	01:01:57.881	0.93502				2
2025.09.23	01:01:58.377	0.93506	0.93540			6
2025.09.23	01:02:00.295	0.93506				2
2025.09.23	01:02:02.196		0.93542			4
2025.09.23	01:02:02.500	0.93504	0.93541			6
2025.09.23	01:02:09.724	0.93505				2
2025.09.23	01:02:13.508	0.93502	0.93536			6
2025.09.23	01:02:14.544	0.93500				2
2025.09.23	01:02:20.358	0.93502				2
2025.09.23	01:02:20.856	0.93500				2
2025.09.23	01:02:28.533		0.93539			4
2025.09.23	01:02:28.902		0.93536			4
2025.09.23	01:02:29.828	0.93501				2
2025.09.23	01:02:32.826	0.93502				2
2025.09.23	01:02:36.686	0.93504				2
2025.09.23	01:02:42.328	0.93503				2
2025.09.23	01:02:42.795	0.93505				2
2025.09.23	01:02:44.141	0.93504				2
2025.09.23	01:02:46.253		0.93533			4
2025.09.23	01:02:53.526	0.93497	0.93512			6
2025.09.23	01:02:54.328	0.93493	0.93505			6
2025.09.23	01:02:54.643	0.93494	0.93504			6
2025.09.23	01:02:55.435	0.93493				2
2025.09.23	01:02:59.068		0.93502			4
2025.09.23	01:02:59.567	0.93484				2
2025.09.23	01:03:00.356	0.93485	0.93501			6
2025.09.23	01:03:00.856	0.93480				2
2025.09.23	01:03:01.702		0.93502			4
2025.09.23	01:03:02.354		0.93512			4
2025.09.23	01:03:02.734	0.93478				2
2025.09.23	01:03:03.046	0.93484				2
2025.09.23	01:03:17.759	0.93487	0.93517			6
2025.09.23	01:03:18.788		0.93515			4
2025.09.23	01:03:22.451	0.93491				2
2025.09.23	01:03:30.262	0.93490				2
2025.09.23	01:03:37.324	0.93491				2
2025.09.23	01:03:39.290	0.93489	0.93516			6
2025.09.23	01:03:40.625	0.93488				2
2025.09.23	01:03:44.228	0.93489				2
2025.09.23	01:03:48.524	0.93488				2
2025.09.23	01:03:51.644	0.93489	0.93515			6
2025.09.23	01:03:53.120	0.93488				2
2025.09.23	01:03:53.907	0.93489				2
2025.09.23	01:03:54.728	0.93487				2
2025.09.23	01:03:56.396	0.93488				2
2025.09.23	01:03:59.755		0.93516			4
2025.09.23	01:04:00.348	0.93489				2
2025.09.23	01:04:40.628	0.93490				2
2025.09.23	01:04:59.761		0.93516			4
2025.09.23	01:05:00.400	0.93490				2
2025.09.23	01:05:04.924	0.93491				2
2025.09.23	01:05:12.125	0.93490				2
2025.09.23	01:05:17.825	0.93491				2
2025.09.23	01:05:31.838	0.93496	0.93523			6
2025.09.23	01:05:32.142	0.93494				2
2025.09.23	01:05:32.950	0.93493	0.93515			6
2025.09.23	01:05:34.024	0.93494				2
2025.09.23	01:05:45.697		0.93513			4
2025.09.23	01:05:48.725	0.93493				2
2025.09.23	01:05:50.825	0.93494				2
2025.09.23	01:05:54.713		0.93522			4
2025.09.23	01:05:55.272	0.93493	0.93513			6
2025.09.23	01:05:56.526	0.93494				2
2025.09.23	01:06:01.047	0.93494				2
2025.09.23	01:06:05.586	0.93491				2
2025.09.23	01:06:11.152		0.93514			4
2025.09.23	01:06:15.128	0.93492				2
2025.09.23	01:06:21.264	0.93491				2
2025.09.23	01:06:23.280	0.93493				2
2025.09.23	01:06:44.313	0.93492				2
2025.09.23	01:06:56.988		0.93512			4
2025.09.23	01:06:57.351		0.93511			4
2025.09.23	01:07:01.654	0.93492				2
2025.09.23	01:07:46.382		0.93510			4
2025.09.23	01:08:00.726	0.93492				2
2025.09.23	01:08:18.423	0.93493				2
2025.09.23	01:08:46.391		0.93510			4
2025.09.23	01:08:46.923	0.93491				2
2025.09.23	01:09:01.024	0.93491	0.93509			6
2025.09.23	01:09:02.227		0.93510			4
2025.09.23	01:09:06.125		0.93509			4
2025.09.23	01:09:10.854	0.93492				2
2025.09.23	01:10:00.426	0.93491	0.93507			6
2025.09.23	01:10:15.436	0.93490				2
2025.09.23	01:10:22.624		0.93506			4
2025.09.23	01:10:58.210	0.93492	0.93508			6
2025.09.23	01:11:00.425	0.93492	0.93509			6
2025.09.23	01:11:01.036		0.93508			4
2025.09.23	01:11:05.810		0.93509			4
2025.09.23	01:11:08.855	0.93496	0.93511			6
2025.09.23	01:11:12.191	0.93492	0.93509			6
2025.09.23	01:11:12.528	0.93493				2
2025.09.23	01:11:12.962	0.93496	0.93510			6
2025.09.23	01:11:15.510		0.93511			4
2025.09.23	01:11:17.823		0.93510			4
2025.09.23	01:12:00.483	0.93495				2
2025.09.23	01:12:04.022		0.93509			4
2025.09.23	01:12:07.037		0.93508			4
2025.09.23	01:12:10.331	0.93494				2
2025.09.23	01:12:23.682		0.93509			4
2025.09.23	01:12:25.327		0.93508			4
2025.09.23	01:12:29.031		0.93509			4
2025.09.23	01:12:39.395	0.93493				2
2025.09.23	01:12:42.724		0.93510			4
2025.09.23	01:12:45.124		0.93509			4
2025.09.23	01:12:46.626		0.93510			4
2025.09.23	01:12:49.446		0.93509			4
2025.09.23	01:12:50.223		0.93510			4
2025.09.23	01:12:55.325		0.93509			4
2025.09.23	01:12:58.371	0.93492	0.93508			6
2025.09.23	01:13:00.123	0.93492				2
2025.09.23	01:13:00.593	0.93490	0.93505			6
2025.09.23	01:13:03.520	0.93489				2
2025.09.23	01:13:10.929	0.93490				2
2025.09.23	01:13:15.958	0.93488				2
2025.09.23	01:13:16.287	0.93489				2
2025.09.23	01:13:24.447	0.93488				2
2025.09.23	01:13:33.468	0.93489				2
2025.09.23	01:13:34.625		0.93504			4
2025.09.23	01:13:35.115	0.93488	0.93501			6
2025.09.23	01:13:37.025		0.93502			4
2025.09.23	01:13:39.172	0.93493	0.93509			6
2025.09.23	01:13:46.923	0.93491	0.93507			6
2025.09.23	01:13:59.420	0.93496	0.93512			6
2025.09.23	01:13:59.731	0.93498	0.93513			6
2025.09.23	01:14:00.361	0.93498				2
2025.09.23	01:14:01.522	0.93496	0.93512			6
2025.09.23	01:14:31.149	0.93497				2
2025.09.23	01:14:32.124	0.93496				2
2025.09.23	01:14:34.739	0.93494	0.93511			6
2025.09.23	01:14:36.723		0.93510			4
2025.09.23	01:14:43.024		0.93511			4
2025.09.23	01:14:45.168	0.93493	0.93510			6
2025.09.23	01:14:48.145	0.93494				2
2025.09.23	01:15:00.068	0.93493				2
2025.09.23	01:15:01.346		0.93511			4
2025.09.23	01:15:03.468		0.93510			4
2025.09.23	01:15:04.553		0.93511			4
2025.09.23	01:15:05.584		0.93510			4
2025.09.23	01:15:06.358	0.93494				2
2025.09.23	01:15:06.716	0.93493	0.93511			6
2025.09.23	01:15:09.430	0.93495				2
2025.09.23	01:15:10.480		0.93510			4
2025.09.23	01:15:10.824		0.93511			4
2025.09.23	01:15:11.517		0.93510			4
2025.09.23	01:15:11.865		0.93511			4
2025.09.23	01:15:12.562		0.93510			4
2025.09.23	01:15:12.901		0.93511			4
2025.09.23	01:15:13.256	0.93493				2
2025.09.23	01:15:13.605		0.93510			4
2025.09.23	01:15:14.974		0.93511			4
2025.09.23	01:15:16.739		0.93510			4
2025.09.23	01:15:17.047		0.93511			4
2025.09.23	01:15:19.868		0.93509			4
2025.09.23	01:15:20.187		0.93511			4
2025.09.23	01:15:20.916		0.93509			4
2025.09.23	01:15:21.232		0.93511			4
2025.09.23	01:15:21.956		0.93509			4
2025.09.23	01:15:22.263		0.93511			4
2025.09.23	01:15:23.001		0.93509			4
2025.09.23	01:15:23.303		0.93511			4
2025.09.23	01:15:24.046		0.93510			4
2025.09.23	01:15:24.358		0.93511			4
2025.09.23	01:15:25.087		0.93509			4
2025.09.23	01:15:25.398		0.93511			4
2025.09.23	01:15:26.137		0.93509			4
2025.09.23	01:15:26.447		0.93511			4
2025.09.23	01:15:27.176		0.93510			4
2025.09.23	01:15:27.477		0.93511			4
2025.09.23	01:15:50.923		0.93510			4
2025.09.23	01:15:51.228		0.93511			4
2025.09.23	01:15:55.025		0.93510			4
2025.09.23	01:15:55.378		0.93511			4
2025.09.23	01:15:59.810	0.93494				2
2025.09.23	01:16:00.489	0.93494				2
2025.09.23	01:16:01.524		0.93512			4
2025.09.23	01:16:01.839		0.93513			4
2025.09.23	01:16:02.819	0.93496	0.93509			6
2025.09.23	01:16:03.142		0.93511			4
2025.09.23	01:16:08.133		0.93512			4
2025.09.23	01:16:08.603		0.93511			4
2025.09.23	01:16:09.096	0.93495				2
2025.09.23	01:16:13.944	0.93493	0.93510			6
2025.09.23	01:16:16.724	0.93492				2
2025.09.23	01:16:17.754	0.93493				2
2025.09.23	01:16:18.213		0.93509			4
2025.09.23	01:16:18.556		0.93510			4
2025.09.23	01:16:20.386		0.93509			4
2025.09.23	01:16:20.695		0.93510			4
2025.09.23	01:16:25.303	0.93492				2
2025.09.23	01:16:25.991	0.93493				2
2025.09.23	01:16:38.004		0.93509			4
2025.09.23	01:16:38.318		0.93510			4
2025.09.23	01:16:39.034		0.93509			4
2025.09.23	01:16:39.338		0.93510			4
2025.09.23	01:16:40.066		0.93509			4
2025.09.23	01:16:40.375		0.93510			4
2025.09.23	01:16:44.185		0.93509			4
2025.09.23	01:16:44.494		0.93510			4
2025.09.23	01:16:45.217		0.93509			4
2025.09.23	01:16:45.548		0.93510			4
2025.09.23	01:16:46.244		0.93509			4
2025.09.23	01:16:46.561		0.93510			4
2025.09.23	01:16:54.484		0.93509			4
2025.09.23	01:16:54.820		0.93510			4
2025.09.23	01:16:57.578		0.93509			4
2025.09.23	01:16:57.917		0.93510			4
2025.09.23	01:17:00.322	0.93493				2
2025.09.23	01:17:04.901		0.93509			4
2025.09.23	01:17:05.214		0.93510			4
2025.09.23	01:17:06.958		0.93509			4
2025.09.23	01:17:07.281		0.93510			4
2025.09.23	01:17:07.968	0.93492				2
2025.09.23	01:17:08.335	0.93491				2
2025.09.23	01:17:09.136	0.93492				2
2025.09.23	01:17:12.354	0.93493				2
2025.09.23	01:17:16.462	0.93491				2
2025.09.23	01:17:18.573		0.93511			4
2025.09.23	01:17:18.881		0.93510			4
2025.09.23	01:17:19.549		0.93511			4
2025.09.23	01:17:20.009		0.93510			4
2025.09.23	01:17:20.351	0.93492				2
2025.09.23	01:17:21.613	0.93493				2
2025.09.23	01:17:22.522		0.93509			4
2025.09.23	01:17:22.838		0.93510			4
2025.09.23	01:17:30.764	0.93495				2
2025.09.23	01:17:31.386		0.93513			4
2025.09.23	01:17:32.007		0.93512			4
2025.09.23	01:17:32.317	0.93494				2
2025.09.23	01:17:34.076	0.93493	0.93511			6
2025.09.23	01:17:43.247		0.93510			4
2025.09.23	01:17:43.817		0.93511			4
2025.09.23	01:17:44.358		0.93510			4
2025.09.23	01:17:44.667		0.93511			4
2025.09.23	01:17:45.304		0.93510			4
2025.09.23	01:17:45.707		0.93511			4
2025.09.23	01:17:50.569		0.93510			4
2025.09.23	01:17:50.884		0.93511			4
2025.09.23	01:17:51.597		0.93510			4
2025.09.23	01:17:51.924		0.93511			4
2025.09.23	01:17:55.832		0.93510			4
2025.09.23	01:17:56.176		0.93511			4
2025.09.23	01:17:57.318	0.93492				2
2025.09.23	01:17:58.011		0.93510			4
2025.09.23	01:17:58.462		0.93511			4
2025.09.23	01:17:58.806		0.93510			4
2025.09.23	01:17:59.268		0.93511			4
2025.09.23	01:18:00.064	0.93492				2
2025.09.23	01:18:07.332	0.93494	0.93509			6
2025.09.23	01:18:07.639		0.93512			4
2025.09.23	01:18:08.651		0.93510			4
2025.09.23	01:18:09.070		0.93512			4
2025.09.23	01:18:10.112		0.93511			4
2025.09.23	01:18:14.250		0.93512			4
2025.09.23	01:18:16.319		0.93511			4
2025.09.23	01:18:18.304	0.93495	0.93512			6
2025.09.23	01:18:20.538		0.93513			4
2025.09.23	01:18:21.500		0.93512			4
2025.09.23	01:18:22.238		0.93511			4
2025.09.23	01:18:22.602		0.93512			4
2025.09.23	01:18:24.424		0.93511			4
2025.09.23	01:18:24.735		0.93512			4
2025.09.23	01:18:28.750		0.93511			4
2025.09.23	01:18:29.096		0.93512			4
2025.09.23	01:18:31.861		0.93511			4
2025.09.23	01:18:32.675	0.93494	0.93510			6
2025.09.23	01:18:32.993		0.93511			4
2025.09.23	01:18:33.930		0.93512			4
2025.09.23	01:18:34.709		0.93511			4
2025.09.23	01:18:35.033		0.93512			4
2025.09.23	01:18:35.655	0.93492	0.93510			6
2025.09.23	01:18:36.001		0.93509			4
2025.09.23	01:18:41.186		0.93508			4
2025.09.23	01:18:42.126		0.93509			4
2025.09.23	01:18:42.662	0.93495	0.93512			6
2025.09.23	01:18:43.925		0.93513			4
2025.09.23	01:18:46.346		0.93512			4
2025.09.23	01:18:48.433		0.93513			4
2025.09.23	01:18:49.468		0.93511			4
2025.09.23	01:18:49.856		0.93513			4
2025.09.23	01:18:51.738		0.93512			4
2025.09.23	01:18:52.833		0.93513			4
2025.09.23	01:18:59.049		0.93512			4
2025.09.23	01:19:00.085	0.93495				2
2025.09.23	01:19:01.121		0.93513			4
2025.09.23	01:19:02.156		0.93512			4
2025.09.23	01:19:03.190		0.93513			4
2025.09.23	01:19:07.339		0.93512			4
2025.09.23	01:19:08.371		0.93513			4
2025.09.23	01:19:13.549		0.93512			4
2025.09.23	01:19:15.618		0.93513			4
2025.09.23	01:19:16.425		0.93512			4
2025.09.23	01:19:16.738		0.93513			4
2025.09.23	01:19:17.691		0.93512			4
2025.09.23	01:19:29.088	0.93492	0.93510			6
2025.09.23	01:19:30.121		0.93509			4
2025.09.23	01:19:36.338		0.93508			4
2025.09.23	01:19:37.375		0.93509			4
2025.09.23	01:19:38.229	0.93494				2
2025.09.23	01:19:38.532		0.93510			4
2025.09.23	01:19:39.423		0.93511			4
2025.09.23	01:19:40.891	0.93492	0.93510			6
2025.09.23	01:19:41.908		0.93509			4
2025.09.23	01:19:42.942		0.93508			4
2025.09.23	01:19:43.283		0.93510			4
2025.09.23	01:19:43.982		0.93509			4
2025.09.23	01:19:45.026		0.93510			4
2025.09.23	01:19:46.068		0.93509			4
2025.09.23	01:19:46.923		0.93508			4
2025.09.23	01:19:47.280		0.93509			4
2025.09.23	01:19:53.223		0.93508			4
2025.09.23	01:19:53.538		0.93510			4
2025.09.23	01:19:54.421		0.93509			4
2025.09.23	01:19:56.505		0.93510			4
2025.09.23	01:19:57.278	0.93494				2
2025.09.23	01:19:57.582	0.93495	0.93513			6
2025.09.23	01:19:59.203		0.93512			4
2025.09.23	01:20:00.229	0.93495	0.93513			6
2025.09.23	01:20:00.685	0.93496				2
2025.09.23	01:20:05.720		0.93512			4
2025.09.23	01:20:06.058		0.93513			4
2025.09.23	01:20:06.612		0.93512			4
2025.09.23	01:20:06.918		0.93513			4
2025.09.23	01:20:10.785		0.93512			4
2025.09.23	01:20:13.891		0.93513			4
2025.09.23	01:20:14.864		0.93512			4
2025.09.23	01:20:15.962		0.93513			4
2025.09.23	01:20:17.706		0.93512			4
2025.09.23	01:20:20.107		0.93513			4
2025.09.23	01:20:22.115		0.93512			4
2025.09.23	01:20:23.212		0.93513			4
2025.09.23	01:20:25.224		0.93512			4
2025.09.23	01:20:26.323		0.93513			4
2025.09.23	01:20:29.252		0.93511			4
2025.09.23	01:20:29.556		0.93512			4
2025.09.23	01:20:32.351		0.93511			4
2025.09.23	01:20:32.666		0.93512			4
2025.09.23	01:20:35.337		0.93513			4
2025.09.23	01:20:35.651		0.93512			4
2025.09.23	01:20:36.424		0.93511			4
2025.09.23	01:20:36.744		0.93512			4
2025.09.23	01:20:40.822		0.93513			4
2025.09.23	01:20:41.796		0.93511			4
2025.09.23	01:20:42.122		0.93513			4
2025.09.23	01:20:56.492		0.93512			4
2025.09.23	01:20:57.337		0.93511			4
2025.09.23	01:20:57.657		0.93512			4
2025.09.23	01:21:00.635	0.93496				2
2025.09.23	01:21:01.672		0.93513			4
2025.09.23	01:21:02.678	0.93491	0.93507			6
2025.09.23	01:21:03.712	0.93490	0.93506			6
2025.09.23	01:21:04.749	0.93491				2
2025.09.23	01:21:05.767	0.93490				2
2025.09.23	01:21:12.799	0.93491	0.93505			6
2025.09.23	01:21:13.128	0.93490	0.93506			6
2025.09.23	01:21:13.894	0.93491				2
2025.09.23	01:21:14.204	0.93490				2
2025.09.23	01:21:14.957		0.93505			4
2025.09.23	01:21:15.265		0.93507			4
2025.09.23	01:21:16.063		0.93505			4
2025.09.23	01:21:16.499		0.93506			4
2025.09.23	01:21:17.695		0.93507			4
2025.09.23	01:21:18.114		0.93505			4
2025.09.23	01:21:18.503		0.93506			4
2025.09.23	01:21:19.410		0.93507			4
2025.09.23	01:21:20.419		0.93506			4
2025.09.23	01:21:20.732		0.93507			4
2025.09.23	01:21:22.383		0.93506			4
2025.09.23	01:21:23.425		0.93507			4
2025.09.23	01:21:25.466	0.93491				2
2025.09.23	01:21:29.579		0.93506			4
2025.09.23	01:21:30.672		0.93507			4
2025.09.23	01:21:32.691		0.93506			4
2025.09.23	01:21:35.830		0.93507			4
2025.09.23	01:21:36.835		0.93506			4
2025.09.23	01:21:37.869		0.93507			4
2025.09.23	01:21:42.931		0.93505			4
2025.09.23	01:21:43.233		0.93507			4
2025.09.23	01:21:44.237		0.93506			4
2025.09.23	01:21:48.390		0.93507			4
2025.09.23	01:21:49.433		0.93506			4
2025.09.23	01:21:51.518		0.93505			4
2025.09.23	01:21:51.853		0.93506			4
2025.09.23	01:21:56.003		0.93507			4
2025.09.23	01:21:57.733		0.93506			4
2025.09.23	01:21:58.069		0.93507			4
2025.09.23	01:21:59.805		0.93506			4
2025.09.23	01:22:00.106	0.93491	0.93507			6
2025.09.23	01:22:00.843		0.93506			4
2025.09.23	01:22:01.150		0.93507			4
2025.09.23	01:22:02.220		0.93508			4
2025.09.23	01:22:02.931		0.93507			4
2025.09.23	01:22:03.252		0.93508			4
2025.09.23	01:22:07.030		0.93506			4
2025.09.23	01:22:07.338		0.93508			4
2025.09.23	01:22:10.101		0.93506			4
2025.09.23	01:22:10.503		0.93508			4
2025.09.23	01:22:14.349		0.93507			4
2025.09.23	01:22:14.658		0.93508			4
2025.09.23	01:22:17.240		0.93507			4
2025.09.23	01:22:17.624		0.93508			4
2025.09.23	01:22:29.823		0.93507			4
2025.09.23	01:22:30.187		0.93508			4
2025.09.23	01:22:41.670	0.93487				2
2025.09.23	01:22:45.425		0.93507			4
2025.09.23	01:22:45.739		0.93508			4
2025.09.23	01:22:58.695		0.93507			4
2025.09.23	01:22:59.058		0.93508			4
2025.09.23	01:23:00.001	0.93487				2
2025.09.23	01:23:02.074		0.93507			4
2025.09.23	01:23:02.381		0.93508			4
2025.09.23	01:23:04.224		0.93509			4
2025.09.23	01:23:07.393		0.93508			4
2025.09.23	01:23:09.306	0.93488	0.93507			6
2025.09.23	01:23:10.492	0.93487	0.93508			6
2025.09.23	01:23:16.439		0.93507			4
2025.09.23	01:23:16.848		0.93508			4
2025.09.23	01:23:18.532		0.93507			4
2025.09.23	01:23:18.918		0.93508			4
2025.09.23	01:23:26.501	0.93491				2
2025.09.23	01:23:26.981		0.93509			4
2025.09.23	01:23:27.714		0.93508			4
2025.09.23	01:23:29.666		0.93507			4
2025.09.23	01:23:30.351		0.93508			4
2025.09.23	01:23:31.737		0.93507			4
2025.09.23	01:23:32.224		0.93508			4
2025.09.23	01:23:34.845		0.93507			4
2025.09.23	01:23:35.948		0.93508			4
2025.09.23	01:23:36.350		0.93507			4
2025.09.23	01:23:36.982		0.93508			4
2025.09.23	01:23:37.623		0.93507			4
2025.09.23	01:23:38.029		0.93508			4
2025.09.23	01:23:39.723		0.93507			4
2025.09.23	01:23:54.531	0.93489				2
2025.09.23	01:23:56.224	0.93492	0.93508			6
2025.09.23	01:23:57.391	0.93491				2
2025.09.23	01:24:00.480	0.93491				2
2025.09.23	01:24:03.329		0.93509			4
2025.09.23	01:24:09.895	0.93492	0.93510			6
2025.09.23	01:24:16.108	0.93494				2
2025.09.23	01:24:16.412	0.93493	0.93511			6
2025.09.23	01:24:18.126	0.93494	0.93510			6
2025.09.23	01:24:18.481	0.93493				2
2025.09.23	01:24:19.321		0.93511			4
2025.09.23	01:24:20.423	0.93494	0.93510			6
2025.09.23	01:24:21.459		0.93511			4
2025.09.23	01:24:24.389	0.93495	0.93510			6
2025.09.23	01:24:24.701	0.93494	0.93511			6
2025.09.23	01:24:30.851		0.93510			4
2025.09.23	01:24:31.949		0.93511			4
2025.09.23	01:24:36.226		0.93510			4
2025.09.23	01:24:37.231	0.93496	0.93512			6
2025.09.23	01:24:41.321		0.93511			4
2025.09.23	01:24:42.124		0.93512			4
2025.09.23	01:24:44.454		0.93511			4
2025.09.23	01:24:45.427		0.93512			4
2025.09.23	01:24:46.541		0.93511			4
2025.09.23	01:24:47.223		0.93512			4
2025.09.23	01:24:49.672		0.93511			4
2025.09.23	01:24:50.852		0.93512			4
2025.09.23	01:24:51.335		0.93511			4
2025.09.23	01:25:00.174	0.93496				2
2025.09.23	01:25:01.083		0.93510			4
2025.09.23	01:25:01.730		0.93511			4
2025.09.23	01:25:02.039		0.93512			4
2025.09.23	01:25:04.059		0.93511			4
2025.09.23	01:25:10.274		0.93512			4
2025.09.23	01:25:11.710	0.93498				2
2025.09.23	01:25:15.454		0.93511			4
2025.09.23	01:25:17.655		0.93512			4
2025.09.23	01:25:18.152	0.93501	0.93515			6
2025.09.23	01:25:18.508	0.93500	0.93514			6
2025.09.23	01:25:21.833	0.93499				2
2025.09.23	01:25:25.330	0.93500	0.93513			6
2025.09.23	01:25:25.878	0.93499	0.93514			6
2025.09.23	01:25:26.672	0.93498	0.93513			6
2025.09.23	01:25:27.497	0.93499				2
2025.09.23	01:25:28.664	0.93498				2
2025.09.23	01:25:32.679	0.93499				2
2025.09.23	01:25:34.751	0.93498				2
2025.09.23	01:25:35.789	0.93499				2
2025.09.23	01:25:37.491	0.93497				2
2025.09.23	01:25:40.729	0.93498	0.93512			6
2025.09.23	01:25:41.095	0.93497	0.93513			6
2025.09.23	01:25:46.887	0.93498				2
2025.09.23	01:25:47.199	0.93497				2
2025.09.23	01:25:47.933	0.93498	0.93512			6
2025.09.23	01:25:48.421	0.93497	0.93513			6
2025.09.23	01:25:48.976	0.93498	0.93512			6
2025.09.23	01:25:51.454	0.93497	0.93513			6
2025.09.23	01:26:00.877	0.93497				2
2025.09.23	01:26:05.051	0.93498	0.93512			6
2025.09.23	01:26:07.142	0.93497	0.93513			6
2025.09.23	01:26:09.230	0.93499	0.93514			6
2025.09.23	01:26:10.233		0.93513			4
2025.09.23	01:26:11.222		0.93514			4
2025.09.23	01:26:14.739		0.93513			4
2025.09.23	01:26:18.006		0.93514			4
2025.09.23	01:26:24.214		0.93513			4
2025.09.23	01:26:26.825	0.93498	0.93514			6
2025.09.23	01:26:27.324	0.93499	0.93513			6
2025.09.23	01:26:27.840		0.93514			4
2025.09.23	01:26:28.359		0.93513			4
2025.09.23	01:26:30.563	0.93498	0.93515			6
2025.09.23	01:26:31.702	0.93499	0.93514			6
2025.09.23	01:26:41.025	0.93500				2
2025.09.23	01:26:42.723	0.93499				2
2025.09.23	01:27:00.193	0.93498				2
2025.09.23	01:27:10.371		0.93513			4
2025.09.23	01:27:10.710		0.93514			4
2025.09.23	01:27:18.559	0.93499				2
2025.09.23	01:28:00.724	0.93499				2
2025.09.23	01:28:01.077	0.93498	0.93512			6
2025.09.23	01:28:02.328	0.93497	0.93513			6
2025.09.23	01:28:04.176	0.93498				2
2025.09.23	01:28:05.523	0.93497				2
2025.09.23	01:28:09.502	0.93498				2
2025.09.23	01:28:10.922	0.93497				2
2025.09.23	01:28:12.641	0.93498	0.93512			6
2025.09.23	01:28:13.026	0.93497	0.93513			6
2025.09.23	01:28:14.681	0.93498	0.93512			6
2025.09.23	01:28:15.967	0.93497	0.93513			6
2025.09.23	01:28:17.091	0.93498				2
2025.09.23	01:28:17.824	0.93499	0.93512			6
2025.09.23	01:28:18.210	0.93497	0.93513			6
2025.09.23	01:28:19.814	0.93498	0.93512			6
2025.09.23	01:28:21.145	0.93497	0.93513			6
2025.09.23	01:28:22.820	0.93498				2
2025.09.23	01:28:24.710	0.93497				2
2025.09.23	01:28:26.174	0.93498				2
2025.09.23	01:28:29.096	0.93495	0.93512			6
2025.09.23	01:28:33.446		0.93511			4
2025.09.23	01:28:34.615		0.93512			4
2025.09.23	01:28:39.723		0.93511			4
2025.09.23	01:28:41.428		0.93512			4
2025.09.23	01:28:45.879		0.93511			4
2025.09.23	01:28:47.823		0.93512			4
2025.09.23	01:28:50.026		0.93511			4
2025.09.23	01:28:52.024		0.93512			4
2025.09.23	01:28:54.165		0.93511			4
2025.09.23	01:28:55.329		0.93512			4
2025.09.23	01:29:00.142	0.93495	0.93511			6
2025.09.23	01:29:01.623		0.93512			4
2025.09.23	01:29:05.497	0.93497	0.93513			6
2025.09.23	01:29:10.355	0.93498				2
2025.09.23	01:29:14.787		0.93514			4
2025.09.23	01:29:16.023		0.93513			4
2025.09.23	01:29:16.328	0.93499	0.93514			6
2025.09.23	01:29:18.348		0.93513			4
2025.09.23	01:29:20.706		0.93514			4
2025.09.23	01:29:21.748		0.93513			4
2025.09.23	01:29:22.136		0.93514			4
2025.09.23	01:29:23.391		0.93513			4
2025.09.23	01:29:23.861		0.93514			4
2025.09.23	01:29:27.052		0.93513			4
2025.09.23	01:29:28.071		0.93514			4
2025.09.23	01:29:34.498	0.93498				2
2025.09.23	01:29:35.568	0.93499				2
2025.09.23	01:29:36.405		0.93513			4
2025.09.23	01:29:36.765		0.93514			4
2025.09.23	01:29:38.704		0.93513			4
2025.09.23	01:29:39.725		0.93514			4
2025.09.23	01:29:43.634		0.93513			4
2025.09.23	01:29:44.014		0.93514			4
2025.09.23	01:29:58.389		0.93513			4
2025.09.23	01:29:58.715		0.93514			4
2025.09.23	01:29:59.031		0.93513			4
2025.09.23	01:30:00.377	0.93499	0.93514			6
2025.09.23	01:30:02.285		0.93512			4
2025.09.23	01:30:02.602		0.93514			4
2025.09.23	01:30:03.270	0.93501	0.93513			6
2025.09.23	01:30:06.779	0.93498	0.93514			6
2025.09.23	01:30:07.081	0.93500	0.93516			6
2025.09.23	01:30:18.123		0.93515			4
2025.09.23	01:30:23.045	0.93502	0.93516			6
2025.09.23	01:30:28.323		0.93515			4
2025.09.23	01:30:30.479		0.93516			4
2025.09.23	01:30:31.231	0.93501				2
2025.09.23	01:30:33.124	0.93502				2
2025.09.23	01:30:35.223		0.93515			4
2025.09.23	01:30:40.925		0.93516			4
2025.09.23	01:30:42.423		0.93515			4
2025.09.23	01:31:00.116	0.93502				2
2025.09.23	01:31:00.464	0.93500				2
2025.09.23	01:31:03.124		0.93516			4
2025.09.23	01:31:05.541	0.93499	0.93515			6
2025.09.23	01:31:08.774	0.93500				2
2025.09.23	01:31:09.995	0.93499				2
2025.09.23	01:31:11.188		0.93514			4
2025.09.23	01:31:12.958	0.93498				2
2025.09.23	01:31:15.319		0.93513			4
2025.09.23	01:31:30.455	0.93500	0.93514			6
2025.09.23	01:31:31.926	0.93498				2
2025.09.23	01:31:32.655		0.93513			4
2025.09.23	01:31:34.682	0.93500	0.93514			6
2025.09.23	01:31:35.896		0.93515			4
2025.09.23	01:31:41.073		0.93514			4
2025.09.23	01:31:44.823		0.93515			4
2025.09.23	01:31:46.196		0.93514			4
2025.09.23	01:31:51.433		0.93515			4
2025.09.23	01:31:51.997		0.93514			4
2025.09.23	01:31:55.638		0.93515			4
2025.09.23	01:31:56.222	0.93501	0.93514			6
2025.09.23	01:31:56.594		0.93515			4
2025.09.23	01:31:57.519		0.93514			4
2025.09.23	01:32:00.300	0.93501				2
2025.09.23	01:32:00.626		0.93515			4
2025.09.23	01:32:01.539		0.93514			4
2025.09.23	01:32:02.697		0.93515			4
2025.09.23	01:32:03.863		0.93514			4
2025.09.23	01:32:08.005		0.93515			4
2025.09.23	01:32:10.088		0.93514			4
2025.09.23	01:32:10.468		0.93515			4
2025.09.23	01:32:12.222		0.93514			4
2025.09.23	01:32:13.569		0.93515			4
2025.09.23	01:32:15.776		0.93514			4
2025.09.23	01:32:16.076		0.93515			4
2025.09.23	01:32:17.845		0.93514			4
2025.09.23	01:32:18.777		0.93515			4
2025.09.23	01:32:19.790		0.93514			4
2025.09.23	01:32:23.931		0.93515			4
2025.09.23	01:32:28.630		0.93514			4
2025.09.23	01:32:30.452	0.93500	0.93515			6
2025.09.23	01:32:32.679	0.93499				2
2025.09.23	01:32:35.832	0.93500	0.93514			6
2025.09.23	01:32:36.171	0.93499	0.93515			6
2025.09.23	01:32:36.613		0.93514			4
2025.09.23	01:32:37.853		0.93515			4
2025.09.23	01:32:41.935	0.93500	0.93514			6
2025.09.23	01:32:42.728	0.93499	0.93515			6
2025.09.23	01:32:44.006	0.93500	0.93514			6
2025.09.23	01:32:45.174	0.93499	0.93515			6
2025.09.23	01:32:45.613	0.93500				2
2025.09.23	01:32:46.077		0.93514			4
2025.09.23	01:32:46.924	0.93499				2
2025.09.23	01:32:48.150	0.93500				2
2025.09.23	01:32:49.316	0.93499				2
2025.09.23	01:32:50.411		0.93515			4
2025.09.23	01:32:52.045	0.93500	0.93514			6
2025.09.23	01:32:52.419	0.93499	0.93515			6
2025.09.23	01:32:56.438		0.93514			4
2025.09.23	01:32:57.584		0.93515			4
2025.09.23	01:32:58.511	0.93500	0.93514			6
2025.09.23	01:32:59.526	0.93499	0.93515			6
2025.09.23	01:33:00.542	0.93499				2
2025.09.23	01:33:01.679	0.93497	0.93511			6
2025.09.23	01:33:02.908		0.93512			4
2025.09.23	01:33:03.819		0.93511			4
2025.09.23	01:33:04.985		0.93512			4
2025.09.23	01:33:06.926	0.93498				2
2025.09.23	01:33:08.580		0.93513			4
2025.09.23	01:33:10.031		0.93512			4
2025.09.23	01:33:10.820	0.93496				2
2025.09.23	01:33:11.866		0.93513			4
2025.09.23	01:33:15.026		0.93512			4
2025.09.23	01:33:15.725		0.93513			4
2025.09.23	01:33:16.729		0.93511			4
2025.09.23	01:33:17.906	0.93497	0.93512			6
2025.09.23	01:33:18.217	0.93499	0.93513			6
2025.09.23	01:33:19.225		0.93512			4
2025.09.23	01:33:21.731	0.93498				2
2025.09.23	01:33:25.436		0.93511			4
2025.09.23	01:33:25.923		0.93512			4
2025.09.23	01:33:27.513		0.93511			4
2025.09.23	01:33:28.552		0.93512			4
2025.09.23	01:33:29.365		0.93511			4
2025.09.23	01:33:30.547		0.93512			4
2025.09.23	01:33:32.429		0.93511			4
2025.09.23	01:33:32.818		0.93512			4
2025.09.23	01:33:33.725		0.93511			4
2025.09.23	01:33:34.095		0.93512			4
2025.09.23	01:33:40.567		0.93511			4
2025.09.23	01:33:44.399		0.93513			4
2025.09.23	01:33:46.408	0.93497	0.93512			6
2025.09.23	01:34:00.839	0.93497				2
2025.09.23	01:34:08.984	0.93498				2
2025.09.23	01:34:10.075		0.93513			4
2025.09.23	01:34:12.185		0.93512			4
2025.09.23	01:34:13.924		0.93513			4
2025.09.23	01:34:16.327		0.93512			4
2025.09.23	01:34:17.824		0.93513			4
2025.09.23	01:34:20.440		0.93512			4
2025.09.23	01:34:20.942		0.93513			4
2025.09.23	01:34:22.364		0.93512			4
2025.09.23	01:34:23.976		0.93513			4
2025.09.23	01:34:27.723		0.93512			4
2025.09.23	01:34:29.840		0.93513			4
2025.09.23	01:34:31.923		0.93512			4
2025.09.23	01:34:34.075		0.93513			4
2025.09.23	01:34:36.013		0.93512			4
2025.09.23	01:34:37.091		0.93513			4
2025.09.23	01:34:39.124		0.93512			4
2025.09.23	01:34:40.623		0.93513			4
2025.09.23	01:34:43.266		0.93512			4
2025.09.23	01:34:44.824		0.93513			4
2025.09.23	01:34:47.408		0.93512			4
2025.09.23	01:34:49.023		0.93513			4
2025.09.23	01:34:51.550		0.93512			4
2025.09.23	01:34:53.223		0.93513			4
2025.09.23	01:34:54.661		0.93512			4
2025.09.23	01:34:55.671		0.93513			4
2025.09.23	01:34:56.731		0.93512			4
2025.09.23	01:34:58.625	0.93497	0.93510			6
2025.09.23	01:34:58.932		0.93511			4
2025.09.23	01:35:00.351	0.93497				2
2025.09.23	01:35:02.819		0.93510			4
2025.09.23	01:35:03.853		0.93511			4
2025.09.23	01:35:05.925		0.93510			4
2025.09.23	01:35:07.088		0.93511			4
2025.09.23	01:35:08.984		0.93510			4
2025.09.23	01:35:09.853		0.93512			4
2025.09.23	01:35:11.248		0.93513			4
2025.09.23	01:35:11.730	0.93498				2
2025.09.23	01:35:12.140		0.93512			4
2025.09.23	01:35:13.176		0.93513			4
2025.09.23	01:35:14.119	0.93496	0.93510			6
2025.09.23	01:35:15.124		0.93511			4
2025.09.23	01:35:21.434		0.93510			4
2025.09.23	01:35:22.828	0.93494	0.93509			6
2025.09.23	01:35:30.452	0.93495	0.93510			6
2025.09.23	01:35:30.788		0.93509			4
2025.09.23	01:35:31.471		0.93510			4
2025.09.23	01:35:32.861		0.93509			4
2025.09.23	01:35:38.825		0.93510			4
2025.09.23	01:35:41.693	0.93497	0.93511			6
2025.09.23	01:35:46.068		0.93510			4
2025.09.23	01:35:47.823		0.93511			4
2025.09.23	01:35:50.212		0.93510			4
2025.09.23	01:35:51.140		0.93511			4
2025.09.23	01:35:53.318		0.93510			4
2025.09.23	01:35:55.024		0.93511			4
2025.09.23	01:35:57.428		0.93510			4
2025.09.23	01:35:58.924		0.93511			4
2025.09.23	01:36:01.461	0.93496				2
2025.09.23	01:36:02.647		0.93510			4
2025.09.23	01:36:04.024		0.93511			4
2025.09.23	01:36:05.751		0.93510			4
2025.09.23	01:36:07.323		0.93511			4
2025.09.23	01:36:09.893		0.93510			4
2025.09.23	01:36:11.785		0.93511			4
2025.09.23	01:36:14.037		0.93510			4
2025.09.23	01:36:15.426		0.93511			4
2025.09.23	01:36:15.826		0.93509			4
2025.09.23	01:36:19.214		0.93508			4
2025.09.23	01:36:21.724		0.93509			4
2025.09.23	01:36:25.429		0.93508			4
2025.09.23	01:36:27.570		0.93509			4
2025.09.23	01:36:30.610		0.93508			4
2025.09.23	01:36:33.125		0.93509			4
2025.09.23	01:36:35.823		0.93508			4
2025.09.23	01:36:36.984	0.93498	0.93510			6
2025.09.23	01:36:38.254	0.93501	0.93511			6
2025.09.23	01:36:41.546	0.93502	0.93512			6
2025.09.23	01:36:50.514		0.93514			4
2025.09.23	01:36:57.671	0.93503				2
2025.09.23	01:36:58.159		0.93513			4
2025.09.23	01:37:00.319	0.93502				2
2025.09.23	01:37:01.374	0.93503				2
2025.09.23	01:37:02.538	0.93501				2
2025.09.23	01:37:03.398	0.93503				2
2025.09.23	01:37:04.567	0.93501	0.93512			6
2025.09.23	01:37:05.698	0.93503	0.93513			6
2025.09.23	01:37:06.597	0.93501				2
2025.09.23	01:37:08.728	0.93503				2
2025.09.23	01:37:10.661	0.93501	0.93512			6
2025.09.23	01:37:12.457	0.93500	0.93513			6
2025.09.23	01:37:14.045	0.93501	0.93511			6
2025.09.23	01:37:16.379	0.93500				2
2025.09.23	01:37:16.731	0.93501				2
2025.09.23	01:37:22.585	0.93500	0.93509			6
2025.09.23	01:37:23.825	0.93499				2
2025.09.23	01:37:28.119	0.93498				2
2025.09.23	01:37:48.830	0.93499				2
2025.09.23	01:37:51.005	0.93498	0.93510			6
2025.09.23	01:37:51.864	0.93499	0.93509			6
2025.09.23	01:37:54.728	0.93498				2
2025.09.23	01:37:58.155	0.93499				2
2025.09.23	01:37:59.323	0.93498				2
2025.09.23	01:38:00.344	0.93498				2
2025.09.23	01:38:05.332	0.93499				2
2025.09.23	01:38:07.322	0.93498				2
2025.09.23	01:38:09.551	0.93499				2
2025.09.23	01:38:10.854	0.93498				2
2025.09.23	01:38:13.623		0.93510			4
2025.09.23	01:38:15.654		0.93509			4
2025.09.23	01:38:17.823		0.93510			4
2025.09.23	01:38:19.914		0.93509			4
2025.09.23	01:38:21.424		0.93510			4
2025.09.23	01:38:24.052		0.93509			4
2025.09.23	01:38:25.977		0.93510			4
2025.09.23	01:38:28.323		0.93509			4
2025.09.23	01:38:29.094	0.93499				2
2025.09.23	01:38:31.348		0.93510			4
2025.09.23	01:38:35.228		0.93509			4
2025.09.23	01:38:39.099	0.93498				2
2025.09.23	01:38:46.870	0.93497	0.93508			6
2025.09.23	01:38:49.095		0.93509			4
2025.09.23	01:38:52.085		0.93508			4
2025.09.23	01:38:54.424		0.93509			4
2025.09.23	01:38:57.332		0.93508			4
2025.09.23	01:38:59.448		0.93509			4
2025.09.23	01:39:00.705	0.93497				2
2025.09.23	01:39:03.290	0.93498	0.93508			6
2025.09.23	01:39:05.528	0.93497	0.93509			6
2025.09.23	01:39:09.447		0.93508			4
2025.09.23	01:39:11.222	0.93496				2
2025.09.23	01:39:12.610	0.93497				2
2025.09.23	01:39:18.449	0.93496				2
2025.09.23	01:39:18.827	0.93497				2
2025.09.23	01:39:24.010		0.93509			4
2025.09.23	01:39:27.114		0.93508			4
2025.09.23	01:39:38.882	0.93498				2
2025.09.23	01:39:43.004	0.93499	0.93510			6
2025.09.23	01:39:45.498		0.93511			4
2025.09.23	01:39:53.375		0.93510			4
2025.09.23	01:39:56.554	0.93496	0.93508			6
2025.09.23	01:39:57.569		0.93507			4
2025.09.23	01:40:00.837	0.93496	0.93508			6
2025.09.23	01:40:12.069		0.93507			4
2025.09.23	01:40:15.123		0.93508			4
2025.09.23	01:40:17.959	0.93495				2
2025.09.23	01:40:21.364		0.93507			4
2025.09.23	01:40:23.569		0.93508			4
2025.09.23	01:40:26.547		0.93507			4
2025.09.23	01:40:28.926		0.93508			4
2025.09.23	01:40:31.263	0.93499	0.93509			6
2025.09.23	01:40:35.223		0.93510			4
2025.09.23	01:40:46.876		0.93509			4
2025.09.23	01:41:00.663	0.93499				2
2025.09.23	01:41:03.134	0.93497	0.93508			6
2025.09.23	01:41:13.700	0.93494	0.93507			6
2025.09.23	01:41:15.896		0.93506			4
2025.09.23	01:41:17.926	0.93496	0.93507			6
2025.09.23	01:41:20.333	0.93494	0.93505			6
2025.09.23	01:41:20.840		0.93506			4
2025.09.23	01:41:27.733	0.93495				2
2025.09.23	01:41:30.373	0.93491	0.93501			6
2025.09.23	01:41:30.681	0.93490	0.93500			6
2025.09.23	01:41:31.259	0.93494	0.93506			6
2025.09.23	01:41:33.383	0.93495				2
2025.09.23	01:41:38.739		0.93505			4
2025.09.23	01:41:41.686	0.93494	0.93506			6
2025.09.23	01:41:43.919	0.93495	0.93505			6
2025.09.23	01:41:45.753	0.93494	0.93506			6
2025.09.23	01:41:47.741	0.93495				2
2025.09.23	01:41:49.980	0.93494				2
2025.09.23	01:41:53.250	0.93496	0.93507			6
2025.09.23	01:41:53.562		0.93506			4
2025.09.23	01:41:58.926		0.93507			4
2025.09.23	01:42:00.012	0.93496				2
2025.09.23	01:42:01.561	0.93494	0.93504			6
2025.09.23	01:42:03.219	0.93496	0.93507			6
2025.09.23	01:42:03.716		0.93508			4
2025.09.23	01:42:17.315		0.93507			4
2025.09.23	01:42:19.586		0.93508			4
2025.09.23	01:42:22.492		0.93507			4
2025.09.23	01:42:24.715		0.93508			4
2025.09.23	01:42:27.875		0.93507			4
2025.09.23	01:42:29.948		0.93508			4
2025.09.23	01:42:33.002		0.93507			4
2025.09.23	01:42:35.209		0.93508			4
2025.09.23	01:42:38.238		0.93507			4
2025.09.23	01:42:40.372		0.93508			4
2025.09.23	01:42:43.087	0.93494	0.93506			6
2025.09.23	01:42:44.070	0.93496				2
2025.09.23	01:42:46.344	0.93495	0.93507			6
2025.09.23	01:42:48.256	0.93496	0.93506			6
2025.09.23	01:42:50.847	0.93497				2
2025.09.23	01:42:51.820	0.93496	0.93507			6
2025.09.23	01:42:55.928	0.93495				2
2025.09.23	01:43:00.203	0.93495				2
2025.09.23	01:43:03.233		0.93506			4
2025.09.23	01:43:06.468		0.93507			4
2025.09.23	01:43:13.590		0.93506			4
2025.09.23	01:43:14.802	0.93494				2
2025.09.23	01:43:16.648		0.93507			4
2025.09.23	01:43:19.829		0.93506			4
2025.09.23	01:43:20.971		0.93507			4
2025.09.23	01:43:42.580		0.93506			4
2025.09.23	01:43:46.866		0.93507			4
2025.09.23	01:43:49.933		0.93506			4
2025.09.23	01:43:52.830	0.93497	0.93508			6
2025.09.23	01:43:53.372	0.93495	0.93506			6
2025.09.23	01:43:59.476	0.93494				2
2025.09.23	01:44:03.361	0.93495				2
2025.09.23	01:44:10.574	0.93496				2
2025.09.23	01:44:16.106	0.93497	0.93507			6
2025.09.23	01:44:17.878	0.93496				2
2025.09.23	01:44:21.424		0.93508			4
2025.09.23	01:44:40.671		0.93507			4
2025.09.23	01:44:47.823		0.93508			4
2025.09.23	01:44:55.177		0.93507			4
2025.09.23	01:45:01.731	0.93496				2
2025.09.23	01:45:19.058	0.93497				2
2025.09.23	01:45:24.269	0.93496	0.93506			6
2025.09.23	01:46:05.941	0.93496				2
2025.09.23	01:46:24.424		0.93506			4
2025.09.23	01:46:38.263	0.93495				2
2025.09.23	01:46:45.315	0.93496				2
2025.09.23	01:46:52.861	0.93494				2
2025.09.23	01:47:00.605	0.93494				2
2025.09.23	01:47:07.896	0.93495				2
2025.09.23	01:47:08.233	0.93494				2
2025.09.23	01:47:12.361	0.93496				2
2025.09.23	01:47:29.710		0.93506			4
2025.09.23	01:47:49.242	0.93495	0.93507			6
2025.09.23	01:48:00.425	0.93495				2
2025.09.23	01:48:07.216	0.93492	0.93505			6
2025.09.23	01:48:07.535	0.93493				2
2025.09.23	01:48:08.363	0.93492				2
2025.09.23	01:48:13.328	0.93491	0.93504			6
2025.09.23	01:48:16.107	0.93494	0.93505			6
2025.09.23	01:48:17.683		0.93506			4
2025.09.23	01:48:22.900		0.93505			4
2025.09.23	01:48:23.955	0.93492	0.93503			6
2025.09.23	01:48:34.623	0.93491				2
2025.09.23	01:48:36.547	0.93492	0.93502			6
2025.09.23	01:48:50.224	0.93491	0.93503			6
2025.09.23	01:48:54.152	0.93492	0.93502			6
2025.09.23	01:48:59.801	0.93491	0.93503			6
2025.09.23	01:49:02.405	0.93491				2
2025.09.23	01:49:13.572		0.93502			4
2025.09.23	01:49:15.847		0.93503			4
2025.09.23	01:49:16.301	0.93492	0.93504			6
2025.09.23	01:49:18.322	0.93494	0.93505			6
2025.09.23	01:49:21.399	0.93493				2
2025.09.23	01:49:26.824		0.93506			4
2025.09.23	01:49:31.602	0.93494	0.93504			6
2025.09.23	01:49:39.547	0.93492				2
2025.09.23	01:49:52.351		0.93505			4
2025.09.23	01:50:00.425	0.93492	0.93504			6
2025.09.23	01:50:07.934		0.93505			4
2025.09.23	01:50:16.381		0.93504			4
2025.09.23	01:50:18.205	0.93496	0.93506			6
2025.09.23	01:50:22.627	0.93497	0.93507			6
2025.09.23	01:50:23.798	0.93494	0.93506			6
2025.09.23	01:50:31.327		0.93505			4
2025.09.23	01:50:33.218	0.93493	0.93506			6
2025.09.23	01:51:02.230	0.93493				2
2025.09.23	01:51:12.507	0.93491				2
2025.09.23	01:51:17.223		0.93505			4
2025.09.23	01:51:19.096	0.93493				2
2025.09.23	01:51:25.416		0.93506			4
2025.09.23	01:51:27.665		0.93505			4
2025.09.23	01:51:31.659		0.93506			4
2025.09.23	01:51:32.886	0.93492	0.93505			6
2025.09.23	01:51:38.528	0.93494	0.93507			6
2025.09.23	01:51:47.888	0.93492	0.93506			6
2025.09.23	01:51:50.529		0.93505			4
2025.09.23	01:52:06.279	0.93492				2
2025.09.23	01:52:06.590		0.93506			4
2025.09.23	01:52:29.092	0.93493				2
2025.09.23	01:52:37.761		0.93507			4
2025.09.23	01:52:46.396	0.93492	0.93506			6
2025.09.23	01:52:49.095	0.93494				2
2025.09.23	01:52:59.096	0.93492				2
2025.09.23	01:53:01.319	0.93492				2
2025.09.23	01:53:03.451	0.93493				2
2025.09.23	01:53:13.533	0.93494				2
2025.09.23	01:53:16.941		0.93507			4
2025.09.23	01:53:25.744		0.93506			4
2025.09.23	01:53:37.222		0.93505			4
2025.09.23	01:53:37.729		0.93506			4
2025.09.23	01:53:38.377		0.93505			4
2025.09.23	01:53:38.696		0.93506			4
2025.09.23	01:53:42.557		0.93508			4
2025.09.23	01:53:51.397		0.93509			4
2025.09.23	01:53:57.334	0.93495				2
2025.09.23	01:54:00.462	0.93495				2
2025.09.23	01:54:03.967	0.93494				2
2025.09.23	01:54:26.848	0.93496	0.93510			6
2025.09.23	01:54:27.153	0.93495				2
2025.09.23	01:55:00.422	0.93495				2
2025.09.23	01:55:07.976		0.93509			4
2025.09.23	01:55:27.329	0.93493				2
2025.09.23	01:55:28.500		0.93508			4
2025.09.23	01:55:28.812		0.93507			4
2025.09.23	01:55:34.784		0.93508			4
2025.09.23	01:55:35.170		0.93507			4
2025.09.23	01:55:35.817		0.93508			4
2025.09.23	01:55:36.209		0.93507			4
2025.09.23	01:55:36.853		0.93508			4
2025.09.23	01:55:37.249		0.93507			4
2025.09.23	01:55:37.889		0.93508			4
2025.09.23	01:55:38.282		0.93507			4
2025.09.23	01:55:38.811		0.93508			4
2025.09.23	01:55:39.117		0.93507			4
2025.09.23	01:55:39.892		0.93508			4
2025.09.23	01:55:40.352		0.93507			4
2025.09.23	01:55:40.999		0.93508			4
2025.09.23	01:55:41.388		0.93507			4
2025.09.23	01:55:42.033		0.93508			4
2025.09.23	01:55:42.422		0.93507			4
2025.09.23	01:55:43.018		0.93508			4
2025.09.23	01:55:43.456		0.93507			4
2025.09.23	01:55:44.038		0.93508			4
2025.09.23	01:55:44.495		0.93507			4
2025.09.23	01:55:45.075		0.93508			4
2025.09.23	01:55:45.529		0.93507			4
2025.09.23	01:55:46.115		0.93508			4
2025.09.23	01:55:46.569		0.93507			4
2025.09.23	01:55:47.147		0.93508			4
2025.09.23	01:55:47.601		0.93507			4
2025.09.23	01:55:48.249		0.93508			4
2025.09.23	01:55:48.637		0.93507			4
2025.09.23	01:55:49.030		0.93508			4
2025.09.23	01:55:49.420		0.93507			4
2025.09.23	01:55:50.261		0.93508			4
2025.09.23	01:55:50.711		0.93507			4
2025.09.23	01:55:51.357		0.93508			4
2025.09.23	01:55:51.747		0.93507			4
2025.09.23	01:55:52.394		0.93508			4
2025.09.23	01:55:52.780		0.93507			4
2025.09.23	01:55:53.434		0.93508			4
2025.09.23	01:55:53.815		0.93507			4
2025.09.23	01:55:54.466		0.93508			4
2025.09.23	01:55:54.856		0.93507			4
2025.09.23	01:55:55.502		0.93508			4
2025.09.23	01:55:55.889		0.93507			4
2025.09.23	01:55:56.536		0.93508			4
2025.09.23	01:55:56.924		0.93507			4
2025.09.23	01:55:57.578		0.93508			4
2025.09.23	01:55:57.962		0.93507			4
2025.09.23	01:55:58.609		0.93508			4
2025.09.23	01:55:58.998		0.93507			4
2025.09.23	01:55:59.350		0.93508			4
2025.09.23	01:56:00.032	0.93493	0.93507			6
2025.09.23	01:56:00.681		0.93508			4
2025.09.23	01:56:01.070		0.93507			4
2025.09.23	01:56:01.720	0.93494	0.93508			6
2025.09.23	01:56:02.104		0.93507			4
2025.09.23	01:56:02.752		0.93508			4
2025.09.23	01:56:03.140		0.93507			4
2025.09.23	01:56:03.790		0.93508			4
2025.09.23	01:56:04.177		0.93507			4
2025.09.23	01:56:04.769		0.93508			4
2025.09.23	01:56:05.211		0.93507			4
2025.09.23	01:56:05.861		0.93508			4
2025.09.23	01:56:06.247		0.93507			4
2025.09.23	01:56:06.898		0.93508			4
2025.09.23	01:56:07.288		0.93507			4
2025.09.23	01:56:07.934		0.93508			4
2025.09.23	01:56:08.320		0.93507			4
2025.09.23	01:56:08.968		0.93508			4
2025.09.23	01:56:09.359		0.93507			4
2025.09.23	01:56:10.005		0.93508			4
2025.09.23	01:56:10.393		0.93507			4
2025.09.23	01:56:11.039		0.93508			4
2025.09.23	01:56:11.428		0.93507			4
2025.09.23	01:56:12.077		0.93508			4
2025.09.23	01:56:12.467		0.93507			4
2025.09.23	01:56:13.048		0.93508			4
2025.09.23	01:56:13.499		0.93507			4
2025.09.23	01:56:13.814	0.93490	0.93504			6
2025.09.23	01:56:14.931		0.93505			4
2025.09.23	01:56:15.556		0.93504			4
2025.09.23	01:56:15.909		0.93505			4
2025.09.23	01:56:16.615		0.93504			4
2025.09.23	01:56:17.009		0.93505			4
2025.09.23	01:56:17.645		0.93504			4
2025.09.23	01:56:18.040		0.93505			4
2025.09.23	01:56:18.680		0.93504			4
2025.09.23	01:56:19.070	0.93491				2
2025.09.23	01:56:19.714		0.93503			4
2025.09.23	01:56:20.105		0.93504			4
2025.09.23	01:56:30.856		0.93503			4
2025.09.23	01:56:31.502		0.93504			4
2025.09.23	01:56:32.146		0.93503			4
2025.09.23	01:56:32.537		0.93504			4
2025.09.23	01:56:35.457		0.93505			4
2025.09.23	01:56:35.816		0.93504			4
2025.09.23	01:56:41.731		0.93505			4
2025.09.23	01:56:42.033		0.93504			4
2025.09.23	01:56:46.651		0.93503			4
2025.09.23	01:56:47.043	0.93489				2
2025.09.23	01:56:48.077		0.93504			4
2025.09.23	01:56:58.443		0.93503			4
2025.09.23	01:57:00.368	0.93491	0.93505			6
2025.09.23	01:57:00.678		0.93504			4
2025.09.23	01:57:01.404		0.93505			4
2025.09.23	01:57:01.713		0.93504			4
2025.09.23	01:57:02.371		0.93505			4
2025.09.23	01:57:02.709		0.93504			4
2025.09.23	01:57:09.444		0.93503			4
2025.09.23	01:57:09.831		0.93504			4
2025.09.23	01:57:15.659		0.93503			4
2025.09.23	01:57:16.051		0.93504			4
2025.09.23	01:57:22.923		0.93503			4
2025.09.23	01:57:23.299		0.93504			4
2025.09.23	01:57:31.011	0.93494	0.93505			6
2025.09.23	01:57:31.586		0.93507			4
2025.09.23	01:57:32.239		0.93506			4
2025.09.23	01:57:32.623		0.93507			4
2025.09.23	01:57:33.268		0.93506			4
2025.09.23	01:57:33.656		0.93507			4
2025.09.23	01:57:34.105	0.93493				2
2025.09.23	01:57:34.738		0.93506			4
2025.09.23	01:57:36.809		0.93507			4
2025.09.23	01:57:37.146		0.93506			4
2025.09.23	01:57:39.646		0.93507			4
2025.09.23	01:57:40.045		0.93506			4
2025.09.23	01:57:40.916	0.93494				2
2025.09.23	01:57:45.951		0.93507			4
2025.09.23	01:57:46.259		0.93506			4
2025.09.23	01:57:51.000		0.93507			4
2025.09.23	01:57:51.440	0.93495	0.93506			6
2025.09.23	01:57:52.373		0.93505			4
2025.09.23	01:57:53.656	0.93496	0.93506			6
2025.09.23	01:57:54.407		0.93507			4
2025.09.23	01:58:00.627	0.93496	0.93508			6
2025.09.23	01:58:01.400		0.93507			4
2025.09.23	01:58:02.517	0.93495				2
2025.09.23	01:58:03.819		0.93506			4
2025.09.23	01:58:14.222		0.93507			4
2025.09.23	01:58:17.422	0.93496				2
2025.09.23	01:58:36.197	0.93495				2
2025.09.23	01:58:42.139	0.93496				2
2025.09.23	01:58:51.433		0.93508			4
2025.09.23	01:59:00.497	0.93496	0.93507			6
2025.09.23	01:59:00.908		0.93509			4
2025.09.23	01:59:02.958		0.93508			4
2025.09.23	01:59:16.619		0.93509			4
2025.09.23	01:59:18.415	0.93494	0.93506			6
2025.09.23	01:59:23.223	0.93495				2
2025.09.23	01:59:24.715	0.93493				2
2025.09.23	01:59:25.772	0.93494				2
2025.09.23	01:59:28.632	0.93495				2
2025.09.23	01:59:29.709	0.93494				2
2025.09.23	01:59:30.076	0.93493	0.93507			6
2025.09.23	01:59:31.588	0.93494	0.93506			6
2025.09.23	01:59:32.372		0.93508			4
2025.09.23	01:59:34.306	0.93495	0.93507			6
2025.09.23	01:59:36.719	0.93494	0.93508			6
2025.09.23	02:00:00.340	0.93496	0.93507			6
2025.09.23	02:00:01.345	0.93497	0.93510			6
2025.09.23	02:00:01.666		0.93509			4
2025.09.23	02:00:03.922	0.93498	0.93508			6
2025.09.23	02:00:04.319	0.93497	0.93509			6
2025.09.23	02:00:06.229		0.93508			4
2025.09.23	02:00:10.322		0.93507			4
2025.09.23	02:00:11.222		0.93508			4
2025.09.23	02:00:12.537	0.93496				2
2025.09.23	02:00:13.718	0.93497	0.93507			6
2025.09.23	02:00:15.643		0.93508			4
2025.09.23	02:00:16.716	0.93495	0.93507			6
2025.09.23	02:00:19.286	0.93496				2
2025.09.23	02:00:21.487		0.93506			4
2025.09.23	02:00:22.523		0.93507			4
2025.09.23	02:00:23.559	0.93495				2
2025.09.23	02:00:24.594		0.93508			4
2025.09.23	02:00:25.630		0.93507			4
2025.09.23	02:00:26.667	0.93496				2
2025.09.23	02:00:28.737	0.93497				2
