<DATE>	<TIME>	<BID>	<ASK>	<LAST>	<VOLUME>	<FLAGS>
2025.04.23	00:03:31.337	0.93505	0.93566			6
2025.04.23	00:05:09.401	0.93433	0.93606			6
2025.04.23	00:05:15.308	0.93430				2
2025.04.23	00:05:19.087		0.93605			4
2025.04.23	00:05:22.011	0.93393	0.93575			6
2025.04.23	00:05:26.834	0.93395	0.93573			6
2025.04.23	00:05:28.931	0.93399	0.93571			6
2025.04.23	00:05:31.180	0.93434	0.93605			6
2025.04.23	00:05:38.982		0.93603			4
2025.04.23	00:05:50.262		0.93607			4
2025.04.23	00:05:53.515	0.93436	0.93608			6
2025.04.23	00:05:58.270	0.93403	0.93580			6
2025.04.23	00:06:04.750	0.93414	0.93591			6
2025.04.23	00:06:05.274	0.93409	0.93589			6
2025.04.23	00:06:05.657	0.93391	0.93620			6
2025.04.23	00:06:07.963	0.93429	0.93642			6
2025.04.23	00:06:11.864	0.93431				2
2025.04.23	00:06:12.320	0.93428				2
2025.04.23	00:06:15.704	0.93439				2
2025.04.23	00:06:30.431	0.93437				2
2025.04.23	00:06:50.274	0.93436				2
2025.04.23	00:06:53.266	0.93398	0.93625			6
2025.04.23	00:06:54.082		0.93624			4
2025.04.23	00:06:55.634	0.93399	0.93625			6
2025.04.23	00:06:56.940	0.93406	0.93630			6
2025.04.23	00:06:59.268	0.93428	0.93652			6
2025.04.23	00:07:46.955	0.93428				2
2025.04.23	00:08:00.048	0.93428	0.93652			6
2025.04.23	00:08:52.348	0.93450	0.93665			6
2025.04.23	00:08:52.830	0.93477				2
2025.04.23	00:08:53.332	0.93450				2
2025.04.23	00:09:27.382	0.93431				2
2025.04.23	00:09:39.687	0.93450	0.93674			6
2025.04.23	00:09:47.658	0.93452	0.93676			6
2025.04.23	00:09:48.150	0.93479	0.93682			6
2025.04.23	00:10:01.953	0.93479				2
2025.04.23	00:10:51.215		0.93682			4
2025.04.23	00:11:22.057	0.93458	0.93662			6
2025.04.23	00:11:43.026	0.93423	0.93660			6
2025.04.23	00:12:08.833	0.93423				2
2025.04.23	00:12:56.253		0.93660			4
2025.04.23	00:13:03.316	0.93423				2
2025.04.23	00:13:43.654	0.93449	0.93676			6
2025.04.23	00:14:40.565	0.93449				2
2025.04.23	00:14:56.264	0.93452	0.93683			6
2025.04.23	00:14:56.732	0.93439	0.93667			6
2025.04.23	00:14:57.034	0.93437				2
2025.04.23	00:14:57.641	0.93441				2
2025.04.23	00:14:57.941		0.93668			4
2025.04.23	00:15:00.689	0.93441				2
2025.04.23	00:15:07.204	0.93438	0.93657			6
2025.04.23	00:15:07.653	0.93437	0.93667			6
2025.04.23	00:15:07.956	0.93448	0.93627			6
2025.04.23	00:15:08.502	0.93434	0.93636			6
2025.04.23	00:15:08.898	0.93446	0.93635			6
2025.04.23	00:15:09.573	0.93431	0.93668			6
2025.04.23	00:15:11.544	0.93429	0.93653			6
2025.04.23	00:15:12.006	0.93437	0.93667			6
2025.04.23	00:15:12.311	0.93451	0.93648			6
2025.04.23	00:15:13.057	0.93459	0.93622			6
2025.04.23	00:15:30.175	0.93464	0.93663			6
2025.04.23	00:15:31.169	0.93433				2
2025.04.23	00:15:31.473	0.93466				2
2025.04.23	00:15:32.153	0.93468				2
2025.04.23	00:15:34.163	0.93467	0.93628			6
2025.04.23	00:16:02.703	0.93472	0.93676			6
2025.04.23	00:16:03.201	0.93477	0.93683			6
2025.04.23	00:16:04.418	0.93468	0.93633			6
2025.04.23	00:16:07.260	0.93475	0.93619			6
2025.04.23	00:16:26.343	0.93408	0.93613			6
2025.04.23	00:16:27.643	0.93475	0.93619			6
2025.04.23	00:16:28.911	0.93408	0.93613			6
2025.04.23	00:16:30.159	0.93475	0.93619			6
2025.04.23	00:17:02.849	0.93475				2
2025.04.23	00:17:11.162	0.93410	0.93603			6
2025.04.23	00:17:12.607	0.93475	0.93619			6
2025.04.23	00:18:04.907	0.93475				2
2025.04.23	00:18:13.795		0.93619			4
2025.04.23	00:18:18.848	0.93464	0.93603			6
2025.04.23	00:18:29.976	0.93466	0.93654			6
2025.04.23	00:18:34.074	0.93471	0.93633			6
2025.04.23	00:18:37.980	0.93465	0.93602			6
2025.04.23	00:18:45.090	0.93457	0.93601			6
2025.04.23	00:19:01.326	0.93457				2
2025.04.23	00:19:06.299	0.93465	0.93605			6
2025.04.23	00:20:02.965	0.93465				2
2025.04.23	00:20:09.989		0.93605			4
2025.04.23	00:21:03.508	0.93465				2
2025.04.23	00:21:59.578	0.93389	0.93602			6
2025.04.23	00:22:00.225	0.93389				2
2025.04.23	00:22:00.825	0.93465	0.93605			6
2025.04.23	00:22:26.764	0.93455	0.93604			6
2025.04.23	00:22:30.982	0.93465	0.93683			6
2025.04.23	00:22:32.631	0.93449				2
2025.04.23	00:22:35.827	0.93446				2
2025.04.23	00:22:37.310	0.93475				2
2025.04.23	00:22:45.588	0.93479	0.93591			6
2025.04.23	00:23:00.162	0.93479	0.93609			6
2025.04.23	00:23:14.521	0.93424	0.93595			6
2025.04.23	00:23:15.771	0.93479	0.93609			6
2025.04.23	00:23:19.699	0.93472	0.93597			6
2025.04.23	00:23:20.198	0.93462	0.93601			6
2025.04.23	00:24:06.351	0.93419	0.93657			6
2025.04.23	00:24:10.596	0.93421	0.93658			6
2025.04.23	00:24:12.717		0.93657			4
2025.04.23	00:24:13.328	0.93462	0.93601			6
2025.04.23	00:24:13.985	0.93421	0.93658			6
2025.04.23	00:24:15.500	0.93422	0.93657			6
2025.04.23	00:24:20.956	0.93421	0.93655			6
2025.04.23	00:24:21.560	0.93402	0.93640			6
2025.04.23	00:24:22.167	0.93424	0.93657			6
2025.04.23	00:24:27.623		0.93656			4
2025.04.23	00:24:29.752	0.93425				2
2025.04.23	00:24:31.572	0.93426	0.93657			6
2025.04.23	00:24:32.179	0.93431	0.93661			6
2025.04.23	00:24:32.788	0.93432	0.93662			6
2025.04.23	00:24:33.392	0.93431	0.93661			6
2025.04.23	00:24:34.002	0.93434	0.93664			6
2025.04.23	00:24:35.216	0.93391	0.93607			6
2025.04.23	00:24:36.518	0.93434	0.93664			6
2025.04.23	00:24:37.142	0.93436	0.93665			6
2025.04.23	00:24:38.961	0.93435	0.93663			6
2025.04.23	00:24:39.870	0.93437	0.93665			6
2025.04.23	00:24:40.476	0.93433	0.93661			6
2025.04.23	00:24:40.780	0.93431	0.93659			6
2025.04.23	00:24:41.992	0.93433	0.93660			6
2025.04.23	00:24:46.236	0.93432	0.93658			6
2025.04.23	00:24:52.602	0.93433				2
2025.04.23	00:24:54.117		0.93657			4
2025.04.23	00:25:00.179	0.93433				2
2025.04.23	00:25:03.517	0.93432	0.93655			6
2025.04.23	00:25:06.250		0.93654			4
2025.04.23	00:25:07.769	0.93433				2
2025.04.23	00:25:10.799	0.93432	0.93653			6
2025.04.23	00:25:12.317		0.93652			4
2025.04.23	00:25:19.898	0.93431	0.93650			6
2025.04.23	00:25:20.203	0.93462	0.93601			6
2025.04.23	00:25:20.810	0.93429	0.93649			6
2025.04.23	00:25:22.934	0.93430				2
2025.04.23	00:25:28.396		0.93648			4
2025.04.23	00:25:29.608	0.93427	0.93645			6
2025.04.23	00:25:31.730	0.93428				2
2025.04.23	00:25:32.336	0.93430	0.93647			6
2025.04.23	00:25:34.460	0.93429	0.93646			6
2025.04.23	00:25:38.097		0.93645			4
2025.04.23	00:25:41.740	0.93431	0.93646			6
2025.04.23	00:25:46.292	0.93430	0.93644			6
2025.04.23	00:25:50.234	0.93432	0.93645			6
2025.04.23	00:25:52.051	0.93431	0.93643			6
2025.04.23	00:25:52.963	0.93408	0.93620			6
2025.04.23	00:25:53.263	0.93436	0.93645			6
2025.04.23	00:25:53.869	0.93435	0.93643			6
2025.04.23	00:25:54.174	0.93437	0.93644			6
2025.04.23	00:25:54.475	0.93414	0.93620			6
2025.04.23	00:25:54.779	0.93436	0.93642			6
2025.04.23	00:25:56.598	0.93437				2
2025.04.23	00:25:56.902	0.93442	0.93639			6
2025.04.23	00:25:57.509	0.93446	0.93634			6
2025.04.23	00:25:58.418	0.93427	0.93614			6
2025.04.23	00:25:58.721	0.93448	0.93635			6
2025.04.23	00:25:59.024	0.93426	0.93612			6
2025.04.23	00:25:59.326	0.93448	0.93633			6
2025.04.23	00:25:59.630	0.93427	0.93611			6
2025.04.23	00:25:59.934	0.93449	0.93634			6
2025.04.23	00:26:00.234	0.93449				2
2025.04.23	00:26:00.538	0.93453	0.93629			6
2025.04.23	00:26:01.145	0.93457	0.93625			6
2025.04.23	00:26:02.358	0.93478	0.93612			6
2025.04.23	00:26:02.899	0.93479	0.93642			6
2025.04.23	00:26:03.319		0.93613			4
2025.04.23	00:26:03.623	0.93402	0.93636			6
2025.04.23	00:26:03.926		0.93640			4
2025.04.23	00:26:04.240		0.93639			4
2025.04.23	00:26:04.554	0.93409	0.93621			6
2025.04.23	00:26:04.870		0.93639			4
2025.04.23	00:26:07.980	0.93414	0.93625			6
2025.04.23	00:26:08.305	0.93415	0.93642			6
2025.04.23	00:26:08.890		0.93641			4
2025.04.23	00:26:09.255	0.93416				2
2025.04.23	00:26:09.563		0.93626			4
2025.04.23	00:26:09.868		0.93640			4
2025.04.23	00:26:10.180		0.93623			4
2025.04.23	00:26:10.483	0.93417	0.93635			6
2025.04.23	00:26:10.796		0.93630			4
2025.04.23	00:26:12.980		0.93620			4
2025.04.23	00:26:13.292		0.93628			4
2025.04.23	00:26:14.255	0.93419				2
2025.04.23	00:26:14.560		0.93619			4
2025.04.23	00:26:14.897		0.93628			4
2025.04.23	00:26:15.214		0.93626			4
2025.04.23	00:26:15.526	0.93444	0.93617			6
2025.04.23	00:26:15.851	0.93443	0.93616			6
2025.04.23	00:26:17.667	0.93442	0.93614			6
2025.04.23	00:26:18.879	0.93438	0.93610			6
2025.04.23	00:26:22.215	0.93440	0.93611			6
2025.04.23	00:26:24.032	0.93387	0.93619			6
2025.04.23	00:26:26.258		0.93618			4
2025.04.23	00:26:34.550		0.93622			4
2025.04.23	00:26:35.584		0.93620			4
2025.04.23	00:26:40.391		0.93619			4
2025.04.23	00:26:46.358	0.93392	0.93617			6
2025.04.23	00:26:46.660		0.93614			4
2025.04.23	00:26:47.255		0.93618			4
2025.04.23	00:26:50.864		0.93611			4
2025.04.23	00:26:53.047		0.93603			4
2025.04.23	00:26:55.770		0.93601			4
2025.04.23	00:26:57.310	0.93427	0.93598			6
2025.04.23	00:26:58.359	0.93360				2
2025.04.23	00:27:00.316	0.93360	0.93597			6
2025.04.23	00:27:00.980	0.93361				2
2025.04.23	00:27:02.160		0.93594			4
2025.04.23	00:27:02.563		0.93593			4
2025.04.23	00:27:05.838		0.93598			4
2025.04.23	00:27:06.819		0.93597			4
2025.04.23	00:27:07.176	0.93363				2
2025.04.23	00:27:09.321	0.93364	0.93599			6
2025.04.23	00:27:12.011		0.93598			4
2025.04.23	00:27:17.366	0.93431	0.93589			6
2025.04.23	00:27:18.927	0.93433	0.93590			6
2025.04.23	00:27:19.534	0.93431	0.93589			6
2025.04.23	00:27:23.175	0.93433	0.93590			6
2025.04.23	00:27:26.263	0.93353	0.93584			6
2025.04.23	00:27:27.055	0.93358	0.93570			6
2025.04.23	00:27:27.779	0.93356	0.93572			6
2025.04.23	00:27:28.402		0.93573			4
2025.04.23	00:27:29.700		0.93572			4
2025.04.23	00:27:30.050		0.93569			4
2025.04.23	00:27:30.518	0.93367	0.93559			6
2025.04.23	00:27:31.247		0.93558			4
2025.04.23	00:27:34.588	0.93363	0.93554			6
2025.04.23	00:27:36.763	0.93364				2
2025.04.23	00:27:37.420	0.93365	0.93555			6
2025.04.23	00:27:38.558	0.93408	0.93568			6
2025.04.23	00:27:38.879	0.93365	0.93555			6
2025.04.23	00:27:40.411	0.93368	0.93558			6
2025.04.23	00:27:41.901		0.93557			4
2025.04.23	00:27:44.834	0.93367	0.93556			6
2025.04.23	00:27:52.049	0.93368				2
2025.04.23	00:27:55.961		0.93555			4
2025.04.23	00:27:58.959	0.93337	0.93574			6
2025.04.23	00:27:59.290	0.93367	0.93556			6
2025.04.23	00:28:00.352	0.93367				2
2025.04.23	00:28:05.558	0.93368				2
2025.04.23	00:28:07.324		0.93555			4
2025.04.23	00:28:12.865	0.93345	0.93550			6
2025.04.23	00:28:15.721	0.93337	0.93557			6
2025.04.23	00:28:16.054	0.93336	0.93562			6
2025.04.23	00:28:16.662		0.93563			4
2025.04.23	00:28:17.122	0.93420	0.93590			6
2025.04.23	00:28:17.428	0.93406	0.93581			6
2025.04.23	00:28:17.780		0.93582			4
2025.04.23	00:28:18.798		0.93569			4
2025.04.23	00:28:19.346		0.93565			4
2025.04.23	00:28:22.039	0.93338	0.93574			6
2025.04.23	00:28:22.344	0.93339	0.93573			6
2025.04.23	00:28:22.647	0.93345				2
2025.04.23	00:28:23.253	0.93349	0.93574			6
2025.04.23	00:28:23.856	0.93352	0.93575			6
2025.04.23	00:28:24.161	0.93354				2
2025.04.23	00:28:24.768	0.93356	0.93574			6
2025.04.23	00:28:25.072	0.93357	0.93573			6
2025.04.23	00:28:25.680	0.93358	0.93572			6
2025.04.23	00:28:25.984	0.93360				2
2025.04.23	00:28:26.284	0.93362	0.93570			6
2025.04.23	00:28:26.894	0.93363	0.93569			6
2025.04.23	00:28:27.497	0.93365	0.93570			6
2025.04.23	00:28:27.804	0.93366	0.93569			6
2025.04.23	00:28:28.104	0.93365	0.93567			6
2025.04.23	00:28:28.409	0.93367				2
2025.04.23	00:28:28.712	0.93365	0.93564			6
2025.04.23	00:28:29.320		0.93563			4
2025.04.23	00:28:29.923	0.93366	0.93562			6
2025.04.23	00:28:30.232	0.93367	0.93561			6
2025.04.23	00:28:31.138	0.93370				2
2025.04.23	00:28:31.748	0.93369	0.93559			6
2025.04.23	00:28:32.352	0.93371	0.93560			6
2025.04.23	00:28:32.657	0.93383	0.93533			6
2025.04.23	00:28:32.962	0.93387	0.93547			6
2025.04.23	00:28:33.264	0.93320	0.93535			6
2025.04.23	00:28:33.953		0.93538			4
2025.04.23	00:28:35.442		0.93541			4
2025.04.23	00:28:35.780		0.93547			4
2025.04.23	00:28:37.261	0.93468	0.93589			6
2025.04.23	00:28:38.076		0.93583			4
2025.04.23	00:28:38.416	0.93466	0.93587			6
2025.04.23	00:28:40.178		0.93589			4
2025.04.23	00:28:41.545		0.93590			4
2025.04.23	00:28:42.460	0.93460	0.93624			6
2025.04.23	00:28:46.744	0.93466	0.93625			6
2025.04.23	00:28:47.847	0.93457	0.93623			6
2025.04.23	00:28:53.630		0.93621			4
2025.04.23	00:28:54.045		0.93618			4
2025.04.23	00:28:55.061		0.93616			4
2025.04.23	00:28:55.442	0.93458	0.93609			6
2025.04.23	00:28:55.959		0.93608			4
2025.04.23	00:28:56.559		0.93604			4
2025.04.23	00:28:57.461		0.93602			4
2025.04.23	00:28:57.761		0.93601			4
2025.04.23	00:28:58.355		0.93600			4
2025.04.23	00:28:58.659		0.93595			4
2025.04.23	00:28:59.342		0.93594			4
2025.04.23	00:28:59.859		0.93579			4
2025.04.23	00:29:00.272	0.93458	0.93584			6
2025.04.23	00:29:00.577	0.93454	0.93585			6
2025.04.23	00:29:00.888		0.93582			4
2025.04.23	00:29:01.295		0.93584			4
2025.04.23	00:29:01.682		0.93581			4
2025.04.23	00:29:02.257		0.93584			4
2025.04.23	00:29:02.850	0.93448	0.93589			6
2025.04.23	00:29:03.182		0.93576			4
2025.04.23	00:29:05.561	0.93437				2
2025.04.23	00:29:06.712	0.93423				2
2025.04.23	00:29:08.257	0.93405	0.93575			6
2025.04.23	00:29:09.762		0.93565			4
2025.04.23	00:29:10.305		0.93564			4
2025.04.23	00:29:10.663		0.93561			4
2025.04.23	00:29:11.260	0.93409	0.93555			6
2025.04.23	00:29:11.860		0.93563			4
2025.04.23	00:29:13.299		0.93552			4
2025.04.23	00:29:15.629		0.93555			4
2025.04.23	00:29:16.309		0.93550			4
2025.04.23	00:29:19.673	0.93405				2
2025.04.23	00:29:22.062		0.93549			4
2025.04.23	00:29:22.600	0.93409	0.93545			6
2025.04.23	00:29:22.958		0.93546			4
2025.04.23	00:29:23.452		0.93549			4
2025.04.23	00:29:25.965		0.93548			4
2025.04.23	00:29:27.160		0.93549			4
2025.04.23	00:29:38.565		0.93551			4
2025.04.23	00:29:40.365		0.93552			4
2025.04.23	00:29:41.025		0.93555			4
2025.04.23	00:29:42.001		0.93553			4
2025.04.23	00:29:42.332		0.93560			4
2025.04.23	00:29:42.648	0.93405	0.93563			6
2025.04.23	00:29:44.169	0.93460	0.93629			6
2025.04.23	00:29:45.084	0.93506	0.93607			6
2025.04.23	00:29:49.059		0.93604			4
2025.04.23	00:29:54.350		0.93616			4
2025.04.23	00:30:00.408	0.93506				2
2025.04.23	00:30:08.598	0.93498	0.93613			6
2025.04.23	00:30:15.472		0.93612			4
2025.04.23	00:30:18.634		0.93599			4
2025.04.23	00:30:22.891	0.93482	0.93602			6
2025.04.23	00:30:23.261		0.93601			4
2025.04.23	00:30:32.258		0.93600			4
2025.04.23	00:30:35.143		0.93599			4
2025.04.23	00:30:39.763		0.93600			4
2025.04.23	00:30:40.306		0.93601			4
2025.04.23	00:30:42.462		0.93600			4
2025.04.23	00:30:46.067	0.93477	0.93597			6
2025.04.23	00:30:46.374		0.93596			4
2025.04.23	00:30:50.259	0.93474	0.93592			6
2025.04.23	00:30:50.566		0.93581			4
2025.04.23	00:30:51.764		0.93580			4
2025.04.23	00:30:54.460		0.93579			4
2025.04.23	00:30:55.940		0.93573			4
2025.04.23	00:30:56.370		0.93577			4
2025.04.23	00:31:00.160	0.93474				2
2025.04.23	00:31:10.659		0.93576			4
2025.04.23	00:31:11.856		0.93577			4
2025.04.23	00:31:15.163		0.93578			4
2025.04.23	00:31:15.789		0.93577			4
2025.04.23	00:31:16.412	0.93466	0.93576			6
2025.04.23	00:31:17.559	0.93457	0.93558			6
2025.04.23	00:31:17.861	0.93458				2
2025.04.23	00:31:18.479		0.93553			4
2025.04.23	00:31:18.783		0.93554			4
2025.04.23	00:31:19.334		0.93553			4
2025.04.23	00:31:19.799	0.93457	0.93545			6
2025.04.23	00:31:21.834	0.93458	0.93548			6
2025.04.23	00:31:30.143		0.93568			4
2025.04.23	00:31:32.529	0.93363	0.93585			6
2025.04.23	00:31:32.865		0.93582			4
2025.04.23	00:31:33.277		0.93583			4
2025.04.23	00:31:34.059		0.93581			4
2025.04.23	00:31:34.448		0.93580			4
2025.04.23	00:31:35.102		0.93579			4
2025.04.23	00:31:35.563		0.93577			4
2025.04.23	00:31:36.079		0.93572			4
2025.04.23	00:31:36.394		0.93570			4
2025.04.23	00:31:38.261		0.93568			4
2025.04.23	00:31:38.859		0.93566			4
2025.04.23	00:31:39.453		0.93582			4
2025.04.23	00:31:40.058		0.93580			4
2025.04.23	00:31:40.363		0.93578			4
2025.04.23	00:31:40.961		0.93577			4
2025.04.23	00:31:41.397		0.93576			4
2025.04.23	00:31:41.734		0.93573			4
2025.04.23	00:31:42.160	0.93341	0.93575			6
2025.04.23	00:31:42.463		0.93574			4
2025.04.23	00:31:43.359		0.93572			4
2025.04.23	00:31:43.700		0.93571			4
2025.04.23	00:31:45.290		0.93570			4
2025.04.23	00:31:47.060		0.93564			4
2025.04.23	00:31:47.997		0.93563			4
2025.04.23	00:31:49.060		0.93562			4
2025.04.23	00:31:50.635		0.93542			4
2025.04.23	00:31:51.530		0.93556			4
2025.04.23	00:31:52.059		0.93557			4
2025.04.23	00:31:52.811		0.93556			4
2025.04.23	00:31:54.761		0.93555			4
2025.04.23	00:31:56.358		0.93562			4
2025.04.23	00:31:58.299		0.93554			4
2025.04.23	00:31:58.603	0.93324	0.93553			6
2025.04.23	00:31:59.482		0.93552			4
2025.04.23	00:31:59.848		0.93551			4
2025.04.23	00:32:00.275	0.93324				2
2025.04.23	00:32:03.525	0.93421	0.93545			6
2025.04.23	00:32:04.481	0.93423	0.93548			6
2025.04.23	00:32:05.393	0.93449	0.93540			6
2025.04.23	00:32:05.914		0.93541			4
2025.04.23	00:32:10.030	0.93448				2
2025.04.23	00:32:10.552	0.93335	0.93562			6
2025.04.23	00:32:10.856	0.93334	0.93560			6
2025.04.23	00:32:14.194	0.93335				2
2025.04.23	00:32:14.495	0.93334	0.93558			6
2025.04.23	00:32:15.710	0.93335				2
2025.04.23	00:32:16.016	0.93334	0.93556			6
2025.04.23	00:32:16.621	0.93335	0.93558			6
2025.04.23	00:32:18.441	0.93320				2
2025.04.23	00:32:21.941	0.93334	0.93557			6
2025.04.23	00:32:22.331		0.93554			4
2025.04.23	00:32:24.159		0.93555			4
2025.04.23	00:32:24.663		0.93554			4
2025.04.23	00:32:25.357		0.93555			4
2025.04.23	00:32:26.040		0.93553			4
2025.04.23	00:32:26.451		0.93565			4
2025.04.23	00:32:29.010	0.93313	0.93545			6
2025.04.23	00:32:29.869	0.93338	0.93562			6
2025.04.23	00:32:30.743	0.93323	0.93556			6
2025.04.23	00:32:31.900	0.93342	0.93565			6
2025.04.23	00:32:32.258		0.93566			4
2025.04.23	00:32:33.758		0.93565			4
2025.04.23	00:32:34.904		0.93566			4
2025.04.23	00:32:36.761		0.93571			4
2025.04.23	00:32:38.085	0.93359	0.93575			6
2025.04.23	00:32:38.561		0.93576			4
2025.04.23	00:32:39.516	0.93443	0.93569			6
2025.04.23	00:32:41.494	0.93435	0.93571			6
2025.04.23	00:32:41.810	0.93446				2
2025.04.23	00:32:43.143		0.93568			4
2025.04.23	00:32:43.792		0.93569			4
2025.04.23	00:32:44.113	0.93456				2
2025.04.23	00:32:46.059	0.93346	0.93575			6
2025.04.23	00:32:47.083	0.93357	0.93546			6
2025.04.23	00:32:47.399	0.93359				2
2025.04.23	00:32:47.706	0.93379	0.93537			6
2025.04.23	00:32:48.723	0.93346				2
2025.04.23	00:32:49.261	0.93358	0.93552			6
2025.04.23	00:32:50.765	0.93325	0.93516			6
2025.04.23	00:32:52.479	0.93317	0.93479			6
2025.04.23	00:32:52.842		0.93478			4
2025.04.23	00:32:53.848	0.93306	0.93477			6
2025.04.23	00:32:54.985	0.93325	0.93492			6
2025.04.23	00:32:58.341	0.93311	0.93476			6
2025.04.23	00:33:00.429	0.93312				2
2025.04.23	00:33:06.171	0.93313				2
2025.04.23	00:33:08.879	0.93315				2
2025.04.23	00:33:11.164	0.93326	0.93472			6
2025.04.23	00:33:11.520	0.93336	0.93482			6
2025.04.23	00:33:13.396	0.93326	0.93472			6
2025.04.23	00:33:14.315	0.93334	0.93480			6
2025.04.23	00:33:14.621	0.93333				2
2025.04.23	00:33:15.312	0.93324	0.93471			6
2025.04.23	00:33:18.994	0.93312	0.93458			6
2025.04.23	00:33:30.027	0.93328	0.93482			6
2025.04.23	00:33:34.702	0.93311	0.93455			6
2025.04.23	00:33:36.897	0.93320	0.93450			6
2025.04.23	00:33:47.404	0.93309	0.93461			6
2025.04.23	00:33:55.361	0.93323	0.93475			6
2025.04.23	00:34:00.162	0.93323				2
2025.04.23	00:34:00.686	0.93309	0.93461			6
2025.04.23	00:34:19.003	0.93324				2
2025.04.23	00:34:19.960		0.93459			4
2025.04.23	00:34:24.659	0.93323	0.93471			6
2025.04.23	00:34:26.093	0.93321	0.93466			6
2025.04.23	00:34:29.213	0.93325				2
2025.04.23	00:34:32.246	0.93321				2
2025.04.23	00:34:34.077	0.93354	0.93468			6
2025.04.23	00:34:34.793		0.93460			4
2025.04.23	00:34:36.617		0.93471			4
2025.04.23	00:34:38.858	0.93323	0.93466			6
2025.04.23	00:34:39.660		0.93456			4
2025.04.23	00:34:40.672	0.93310	0.93443			6
2025.04.23	00:34:41.252	0.93307	0.93424			6
2025.04.23	00:34:42.349	0.93309	0.93444			6
2025.04.23	00:34:42.662		0.93436			4
2025.04.23	00:34:43.403		0.93444			4
2025.04.23	00:34:44.001		0.93436			4
2025.04.23	00:34:44.772		0.93437			4
2025.04.23	00:34:45.516	0.93319	0.93436			6
2025.04.23	00:34:49.028		0.93440			4
2025.04.23	00:34:50.318		0.93434			4
2025.04.23	00:34:51.922		0.93441			4
2025.04.23	00:34:53.741		0.93445			4
2025.04.23	00:34:55.465		0.93443			4
2025.04.23	00:34:56.268		0.93436			4
2025.04.23	00:34:56.637		0.93425			4
2025.04.23	00:34:58.429		0.93421			4
2025.04.23	00:34:59.472		0.93415			4
2025.04.23	00:34:59.781		0.93412			4
2025.04.23	00:35:00.260	0.93319				2
2025.04.23	00:35:00.571	0.93320	0.93452			6
2025.04.23	00:35:01.297	0.93330	0.93473			6
2025.04.23	00:35:09.331	0.93368	0.93491			6
2025.04.23	00:35:11.981	0.93358	0.93490			6
2025.04.23	00:35:13.090	0.93366	0.93488			6
2025.04.23	00:35:13.500	0.93316	0.93448			6
2025.04.23	00:35:20.638	0.93365	0.93497			6
2025.04.23	00:35:23.858	0.93368				2
2025.04.23	00:35:26.793	0.93375				2
2025.04.23	00:35:27.100	0.93320	0.93452			6
2025.04.23	00:35:29.262	0.93330	0.93461			6
2025.04.23	00:35:45.274	0.93359	0.93552			6
2025.04.23	00:35:45.653	0.93450	0.93594			6
2025.04.23	00:35:45.958		0.93598			4
2025.04.23	00:35:48.758	0.93373	0.93608			6
2025.04.23	00:35:52.238	0.93316	0.93554			6
2025.04.23	00:35:52.715	0.93414	0.93581			6
2025.04.23	00:35:54.060		0.93582			4
2025.04.23	00:35:55.601		0.93580			4
2025.04.23	00:36:00.769	0.93414				2
2025.04.23	00:36:01.959		0.93578			4
2025.04.23	00:36:07.973		0.93566			4
2025.04.23	00:36:08.789		0.93567			4
2025.04.23	00:36:09.475	0.93345	0.93582			6
2025.04.23	00:36:10.418	0.93344				2
2025.04.23	00:36:10.725	0.93414	0.93569			6
2025.04.23	00:36:11.886		0.93568			4
2025.04.23	00:36:13.251	0.93344	0.93582			6
2025.04.23	00:36:14.764	0.93345				2
2025.04.23	00:36:16.283	0.93344				2
2025.04.23	00:36:17.495		0.93580			4
2025.04.23	00:36:17.800	0.93345	0.93567			6
2025.04.23	00:36:26.894	0.93365	0.93549			6
2025.04.23	00:36:37.346	0.93356	0.93554			6
2025.04.23	00:36:39.977	0.93364	0.93549			6
2025.04.23	00:36:40.355	0.93373				2
2025.04.23	00:36:41.324	0.93350	0.93560			6
2025.04.23	00:36:43.218	0.93362	0.93547			6
2025.04.23	00:36:43.967	0.93358	0.93537			6
2025.04.23	00:36:45.432	0.93360	0.93524			6
2025.04.23	00:36:45.740	0.93375	0.93541			6
2025.04.23	00:36:46.957	0.93365				2
2025.04.23	00:36:50.949	0.93353	0.93528			6
2025.04.23	00:36:54.240	0.93359	0.93508			6
2025.04.23	00:36:56.953	0.93370				2
2025.04.23	00:36:57.482	0.93359				2
2025.04.23	00:37:00.049	0.93359				2
2025.04.23	00:37:11.129	0.93358	0.93499			6
2025.04.23	00:37:11.755	0.93367	0.93502			6
2025.04.23	00:37:12.128	0.93350	0.93523			6
2025.04.23	00:37:13.471	0.93351				2
2025.04.23	00:37:15.757		0.93549			4
2025.04.23	00:37:20.912	0.93346	0.93462			6
2025.04.23	00:37:21.219		0.93554			4
2025.04.23	00:37:24.434	0.93359				2
2025.04.23	00:37:27.131	0.93368				2
2025.04.23	00:37:30.797	0.93367				2
2025.04.23	00:37:35.675	0.93357				2
2025.04.23	00:37:35.996	0.93380	0.93571			6
2025.04.23	00:37:38.986	0.93417				2
2025.04.23	00:37:40.518	0.93380				2
2025.04.23	00:37:41.780	0.93379				2
2025.04.23	00:37:43.364	0.93367	0.93600			6
2025.04.23	00:37:47.117	0.93374	0.93566			6
2025.04.23	00:37:51.317	0.93370	0.93590			6
2025.04.23	00:37:51.957	0.93373	0.93591			6
2025.04.23	00:37:52.260	0.93372	0.93592			6
2025.04.23	00:37:52.650		0.93593			4
2025.04.23	00:37:53.074		0.93592			4
2025.04.23	00:37:53.773		0.93602			4
2025.04.23	00:37:57.581		0.93603			4
2025.04.23	00:37:58.248	0.93375				2
2025.04.23	00:37:59.859	0.93367				2
2025.04.23	00:38:00.459	0.93367				2
2025.04.23	00:38:06.158	0.93371				2
2025.04.23	00:38:07.311	0.93370	0.93591			6
2025.04.23	00:38:10.017	0.93371	0.93607			6
2025.04.23	00:38:12.216	0.93388	0.93625			6
2025.04.23	00:38:15.062	0.93403	0.93633			6
2025.04.23	00:38:17.559	0.93395	0.93607			6
2025.04.23	00:38:19.514		0.93604			4
2025.04.23	00:38:19.846		0.93596			4
2025.04.23	00:38:20.258		0.93595			4
2025.04.23	00:38:20.782		0.93593			4
2025.04.23	00:38:21.158		0.93592			4
2025.04.23	00:38:21.760		0.93590			4
2025.04.23	00:38:22.358	0.93365	0.93576			6
2025.04.23	00:38:22.823		0.93570			4
2025.04.23	00:38:23.561		0.93569			4
2025.04.23	00:38:27.730	0.93371	0.93572			6
2025.04.23	00:38:35.762	0.93365	0.93569			6
2025.04.23	00:38:36.158		0.93567			4
2025.04.23	00:38:38.660		0.93568			4
2025.04.23	00:38:40.360	0.93381	0.93589			6
2025.04.23	00:38:40.679	0.93371	0.93568			6
2025.04.23	00:38:41.000		0.93569			4
2025.04.23	00:38:42.193		0.93568			4
2025.04.23	00:38:48.987		0.93571			4
2025.04.23	00:38:50.261		0.93570			4
2025.04.23	00:38:56.113	0.93417	0.93589			6
2025.04.23	00:38:57.160		0.93588			4
2025.04.23	00:39:00.161	0.93417				2
2025.04.23	00:39:02.562		0.93587			4
2025.04.23	00:39:03.762	0.93419	0.93603			6
2025.04.23	00:39:05.502		0.93604			4
2025.04.23	00:39:07.959		0.93603			4
2025.04.23	00:39:10.346	0.93418	0.93613			6
2025.04.23	00:39:10.663		0.93614			4
2025.04.23	00:39:11.273	0.93420	0.93610			6
2025.04.23	00:39:13.060		0.93611			4
2025.04.23	00:39:16.598	0.93421	0.93652			6
2025.04.23	00:39:27.336	0.93423				2
2025.04.23	00:39:31.964		0.93651			4
2025.04.23	00:39:32.562		0.93650			4
2025.04.23	00:39:33.760		0.93649			4
2025.04.23	00:39:34.661		0.93648			4
2025.04.23	00:39:34.979		0.93647			4
2025.04.23	00:39:36.216		0.93646			4
2025.04.23	00:39:37.360		0.93645			4
2025.04.23	00:39:39.248		0.93644			4
2025.04.23	00:39:39.869		0.93631			4
2025.04.23	00:39:41.953		0.93630			4
2025.04.23	00:39:42.936		0.93628			4
2025.04.23	00:39:43.675		0.93626			4
2025.04.23	00:39:43.979		0.93627			4
2025.04.23	00:39:44.932		0.93628			4
2025.04.23	00:39:45.766		0.93627			4
2025.04.23	00:39:46.364		0.93628			4
2025.04.23	00:39:46.960		0.93627			4
2025.04.23	00:39:53.861		0.93626			4
2025.04.23	00:39:55.396		0.93627			4
2025.04.23	00:39:55.959		0.93628			4
2025.04.23	00:39:57.761		0.93627			4
2025.04.23	00:40:00.162	0.93423				2
2025.04.23	00:40:02.559		0.93626			4
2025.04.23	00:40:05.259	0.93428				2
2025.04.23	00:40:05.693		0.93625			4
2025.04.23	00:40:06.922		0.93622			4
2025.04.23	00:40:17.858		0.93621			4
2025.04.23	00:40:20.380		0.93623			4
2025.04.23	00:40:29.435		0.93624			4
2025.04.23	00:40:40.776		0.93617			4
2025.04.23	00:40:47.910		0.93619			4
2025.04.23	00:40:51.198	0.93430	0.93603			6
2025.04.23	00:40:57.591		0.93605			4
2025.04.23	00:40:58.351		0.93607			4
2025.04.23	00:40:59.133		0.93606			4
2025.04.23	00:41:00.413	0.93430				2
2025.04.23	00:41:01.960	0.93429	0.93600			6
2025.04.23	00:41:02.349		0.93599			4
2025.04.23	00:41:02.858		0.93598			4
2025.04.23	00:41:03.165		0.93599			4
2025.04.23	00:41:06.759		0.93598			4
2025.04.23	00:41:07.119		0.93599			4
2025.04.23	00:41:09.340		0.93598			4
2025.04.23	00:41:11.786		0.93597			4
2025.04.23	00:41:12.095		0.93595			4
2025.04.23	00:41:12.596		0.93594			4
2025.04.23	00:41:13.665		0.93593			4
2025.04.23	00:41:14.667		0.93594			4
2025.04.23	00:41:16.362	0.93380	0.93601			6
2025.04.23	00:41:33.377	0.93383				2
2025.04.23	00:41:45.941	0.93385				2
2025.04.23	00:41:53.558	0.93388				2
2025.04.23	00:42:00.440	0.93388	0.93614			6
2025.04.23	00:42:01.057	0.93403	0.93607			6
2025.04.23	00:42:29.113	0.93393	0.93589			6
2025.04.23	00:42:32.311	0.93403	0.93604			6
2025.04.23	00:42:39.910	0.93393	0.93590			6
2025.04.23	00:42:41.214	0.93423	0.93603			6
2025.04.23	00:42:41.980	0.93444				2
2025.04.23	00:42:49.958	0.93453				2
2025.04.23	00:42:50.486	0.93457				2
2025.04.23	00:42:52.061	0.93403				2
2025.04.23	00:42:59.081		0.93617			4
2025.04.23	00:42:59.945	0.93401	0.93576			6
2025.04.23	00:43:00.427	0.93401				2
2025.04.23	00:43:01.338	0.93414				2
2025.04.23	00:43:02.550	0.93420				2
2025.04.23	00:43:03.984	0.93417				2
2025.04.23	00:43:13.984	0.93519	0.93607			6
2025.04.23	00:43:14.289		0.93635			4
2025.04.23	00:43:14.785		0.93629			4
2025.04.23	00:43:15.958		0.93627			4
2025.04.23	00:43:19.893		0.93628			4
2025.04.23	00:43:24.026		0.93627			4
2025.04.23	00:43:24.575		0.93626			4
2025.04.23	00:43:25.022		0.93624			4
2025.04.23	00:43:25.590		0.93623			4
2025.04.23	00:43:26.027		0.93624			4
2025.04.23	00:43:26.376		0.93625			4
2025.04.23	00:43:26.818		0.93628			4
2025.04.23	00:43:27.663		0.93632			4
2025.04.23	00:43:30.094		0.93633			4
2025.04.23	00:43:31.589		0.93632			4
2025.04.23	00:43:34.294		0.93633			4
2025.04.23	00:43:37.879	0.93397	0.93606			6
2025.04.23	00:43:43.265	0.93410	0.93645			6
2025.04.23	00:43:45.709	0.93397	0.93606			6
2025.04.23	00:43:46.497	0.93398				2
2025.04.23	00:43:51.572	0.93403	0.93588			6
2025.04.23	00:43:56.685		0.93579			4
2025.04.23	00:44:00.059	0.93428				2
2025.04.23	00:44:01.314		0.93573			4
2025.04.23	00:44:02.362	0.93439				2
2025.04.23	00:44:02.913	0.93457				2
2025.04.23	00:44:04.085	0.93459				2
2025.04.23	00:44:07.215	0.93454				2
2025.04.23	00:44:09.076	0.93459				2
2025.04.23	00:44:10.007	0.93429				2
2025.04.23	00:44:10.600		0.93575			4
2025.04.23	00:44:11.098	0.93414				2
2025.04.23	00:44:14.985	0.93407				2
2025.04.23	00:44:28.661	0.93403				2
2025.04.23	00:44:32.901	0.93404				2
2025.04.23	00:44:33.763	0.93405	0.93585			6
2025.04.23	00:44:54.359	0.93403				2
2025.04.23	00:45:00.760	0.93403				2
2025.04.23	00:45:02.158	0.93409	0.93633			6
2025.04.23	00:45:02.778	0.93410				2
2025.04.23	00:45:04.294	0.93403	0.93585			6
2025.04.23	00:45:08.928	0.93421	0.93567			6
2025.04.23	00:45:27.622		0.93558			4
2025.04.23	00:45:32.043		0.93549			4
2025.04.23	00:45:37.475	0.93461	0.93542			6
2025.04.23	00:45:47.254		0.93548			4
2025.04.23	00:45:47.561		0.93541			4
2025.04.23	00:45:58.666		0.93542			4
2025.04.23	00:45:59.011		0.93541			4
2025.04.23	00:46:00.020	0.93461				2
2025.04.23	00:46:09.339	0.93458	0.93534			6
2025.04.23	00:46:10.048	0.93461	0.93542			6
2025.04.23	00:46:10.420		0.93536			4
2025.04.23	00:46:12.961	0.93453	0.93534			6
2025.04.23	00:46:35.452	0.93444				2
2025.04.23	00:46:43.931	0.93434	0.93533			6
2025.04.23	00:46:46.183	0.93423	0.93528			6
2025.04.23	00:46:50.332	0.93433				2
2025.04.23	00:46:54.980	0.93423				2
2025.04.23	00:47:00.676	0.93423				2
2025.04.23	00:47:02.133	0.93411	0.93535			6
2025.04.23	00:47:02.473	0.93425	0.93536			6
2025.04.23	00:47:02.774	0.93424				2
2025.04.23	00:47:03.380	0.93425				2
2025.04.23	00:47:04.289	0.93436	0.93514			6
2025.04.23	00:47:10.018	0.93423	0.93528			6
2025.04.23	00:47:15.985	0.93428	0.93522			6
2025.04.23	00:47:26.155	0.93431	0.93529			6
2025.04.23	00:47:31.358		0.93538			4
2025.04.23	00:47:52.061	0.93442				2
2025.04.23	00:49:47.985	0.93448	0.93534			6
2025.04.23	00:50:00.438	0.93448				2
2025.04.23	00:50:09.460	0.93456				2
2025.04.23	00:50:10.338	0.93449				2
2025.04.23	00:50:21.891	0.93456				2
2025.04.23	00:50:22.898	0.93448				2
2025.04.23	00:50:40.357	0.93458				2
2025.04.23	00:50:41.801		0.93533			4
2025.04.23	00:50:42.352		0.93534			4
2025.04.23	00:50:55.362	0.93502	0.93558			6
2025.04.23	00:50:56.981		0.93560			4
2025.04.23	00:50:58.359	0.93514	0.93606			6
2025.04.23	00:51:00.399	0.93514				2
2025.04.23	00:51:06.969	0.93503	0.93601			6
2025.04.23	00:51:37.898	0.93514	0.93603			6
2025.04.23	00:51:38.722		0.93624			4
2025.04.23	00:51:41.299	0.93513	0.93623			6
2025.04.23	00:51:43.650	0.93530	0.93625			6
2025.04.23	00:51:44.143	0.93564				2
2025.04.23	00:51:47.919	0.93561	0.93632			6
2025.04.23	00:51:50.728		0.93637			4
2025.04.23	00:51:51.199		0.93629			4
2025.04.23	00:52:00.457	0.93561				2
2025.04.23	00:52:04.604	0.93574	0.93639			6
2025.04.23	00:52:26.617	0.93566				2
2025.04.23	00:52:36.964		0.93651			4
2025.04.23	00:52:56.057		0.93641			4
2025.04.23	00:53:00.160	0.93578				2
2025.04.23	00:53:20.682	0.93577				2
2025.04.23	00:53:37.550	0.93573				2
2025.04.23	00:53:50.787		0.93640			4
2025.04.23	00:54:01.364	0.93573				2
2025.04.23	00:54:08.745	0.93568				2
2025.04.23	00:54:23.638	0.93575				2
2025.04.23	00:54:37.574	0.93593				2
2025.04.23	00:54:46.059		0.93644			4
2025.04.23	00:54:49.489	0.93576				2
2025.04.23	00:54:57.903	0.93582				2
2025.04.23	00:55:00.348	0.93582				2
2025.04.23	00:55:07.772	0.93575				2
2025.04.23	00:55:21.450	0.93574				2
2025.04.23	00:55:37.474	0.93571				2
2025.04.23	00:55:41.060		0.93639			4
2025.04.23	00:55:50.257	0.93600	0.93666			6
2025.04.23	00:55:50.860	0.93646				2
2025.04.23	00:55:51.195	0.93645				2
2025.04.23	00:55:56.908	0.93547	0.93642			6
2025.04.23	00:56:00.267	0.93547				2
2025.04.23	00:56:06.845	0.93546	0.93630			6
2025.04.23	00:56:09.933	0.93547				2
2025.04.23	00:56:32.095	0.93546				2
2025.04.23	00:56:33.116	0.93516	0.93625			6
2025.04.23	00:56:33.432		0.93623			4
2025.04.23	00:56:34.351		0.93620			4
2025.04.23	00:56:37.395	0.93521	0.93623			6
2025.04.23	00:56:38.853		0.93620			4
2025.04.23	00:56:43.956	0.93514	0.93622			6
2025.04.23	00:56:45.995		0.93621			4
2025.04.23	00:56:59.970	0.93509	0.93618			6
2025.04.23	00:57:00.315	0.93509				2
2025.04.23	00:57:01.001		0.93619			4
2025.04.23	00:57:02.829	0.93510	0.93605			6
2025.04.23	00:57:03.451		0.93590			4
2025.04.23	00:57:06.663		0.93597			4
2025.04.23	00:57:08.336	0.93511	0.93618			6
2025.04.23	00:57:21.143	0.93510	0.93601			6
2025.04.23	00:57:36.464	0.93521	0.93619			6
2025.04.23	00:57:52.831	0.93520				2
2025.04.23	00:57:56.323	0.93513				2
2025.04.23	00:57:56.642	0.93512				2
2025.04.23	00:57:57.573	0.93517				2
2025.04.23	00:57:57.899	0.93523				2
2025.04.23	00:57:59.053	0.93524				2
2025.04.23	00:58:00.056	0.93524				2
2025.04.23	00:58:01.040	0.93523				2
2025.04.23	00:58:03.027	0.93515				2
2025.04.23	00:58:04.361	0.93513	0.93612			6
2025.04.23	00:58:05.366	0.93530	0.93619			6
2025.04.23	00:58:05.881	0.93513	0.93613			6
2025.04.23	00:58:07.459	0.93514				2
2025.04.23	00:58:08.110	0.93513				2
2025.04.23	00:58:08.432	0.93515				2
2025.04.23	00:58:09.276	0.93527	0.93619			6
2025.04.23	00:58:10.362	0.93513	0.93609			6
2025.04.23	00:58:10.713	0.93512	0.93613			6
2025.04.23	00:58:11.565	0.93525	0.93609			6
2025.04.23	00:58:12.746	0.93515	0.93598			6
2025.04.23	00:58:21.709	0.93512	0.93617			6
2025.04.23	00:58:24.328	0.93514				2
2025.04.23	00:58:25.356	0.93518	0.93626			6
2025.04.23	00:58:26.090	0.93513	0.93621			6
2025.04.23	00:58:26.898	0.93505				2
2025.04.23	00:58:27.199	0.93504				2
2025.04.23	00:58:29.770	0.93503				2
2025.04.23	00:58:30.094	0.93553	0.93639			6
2025.04.23	00:58:30.760		0.93649			4
2025.04.23	00:58:31.097	0.93581				2
2025.04.23	00:58:36.305	0.93590				2
2025.04.23	00:58:46.843	0.93589	0.93640			6
2025.04.23	00:58:50.259	0.93605				2
2025.04.23	00:58:51.997		0.93651			4
2025.04.23	00:58:52.817	0.93585	0.93632			6
2025.04.23	00:59:00.158	0.93585				2
2025.04.23	00:59:04.879		0.93648			4
2025.04.23	00:59:33.821	0.93587				2
2025.04.23	00:59:40.917	0.93592				2
2025.04.23	00:59:41.967	0.93591				2
2025.04.23	00:59:44.356	0.93587				2
2025.04.23	00:59:52.367	0.93583				2
2025.04.23	00:59:55.302		0.93654			4
2025.04.23	00:59:56.843	0.93620				2
2025.04.23	00:59:59.047	0.93622	0.93653			6
2025.04.23	01:00:00.164	0.93652	0.93654			6
2025.04.23	01:00:00.481	0.93620	0.93666			6
2025.04.23	01:00:01.408	0.93597				2
2025.04.23	01:00:01.720	0.93582	0.93705			6
2025.04.23	01:00:02.025	0.93600	0.93682			6
2025.04.23	01:00:02.384	0.93582	0.93679			6
2025.04.23	01:00:02.699	0.93594	0.93694			6
2025.04.23	01:00:03.049	0.93583	0.93695			6
2025.04.23	01:00:03.353	0.93590	0.93738			6
2025.04.23	01:00:03.658	0.93612	0.93739			6
2025.04.23	01:00:04.263	0.93610	0.93729			6
2025.04.23	01:00:04.568	0.93615	0.93727			6
2025.04.23	01:00:04.869	0.93582	0.93686			6
2025.04.23	01:00:05.182		0.93693			4
2025.04.23	01:00:05.826		0.93682			4
2025.04.23	01:00:06.188	0.93591	0.93673			6
2025.04.23	01:00:06.726	0.93578	0.93679			6
2025.04.23	01:00:08.032	0.93570				2
2025.04.23	01:00:08.342	0.93569				2
2025.04.23	01:00:08.691	0.93578	0.93682			6
2025.04.23	01:00:09.001	0.93586	0.93696			6
2025.04.23	01:00:09.304	0.93578	0.93682			6
2025.04.23	01:00:09.716	0.93582				2
2025.04.23	01:00:10.020	0.93586				2
2025.04.23	01:00:10.336	0.93594	0.93678			6
2025.04.23	01:00:10.645	0.93590	0.93691			6
2025.04.23	01:00:10.964	0.93596	0.93682			6
2025.04.23	01:00:11.303	0.93598	0.93681			6
2025.04.23	01:00:11.621		0.93703			4
2025.04.23	01:00:12.258	0.93606	0.93698			6
2025.04.23	01:00:12.739	0.93603	0.93703			6
2025.04.23	01:00:13.049		0.93692			4
2025.04.23	01:00:13.729		0.93703			4
2025.04.23	01:00:14.041	0.93607	0.93689			6
2025.04.23	01:00:14.354		0.93687			4
2025.04.23	01:00:15.347		0.93695			4
2025.04.23	01:00:16.535		0.93696			4
2025.04.23	01:00:17.267	0.93610	0.93688			6
2025.04.23	01:00:17.688		0.93703			4
2025.04.23	01:00:18.066		0.93693			4
2025.04.23	01:00:19.478		0.93689			4
2025.04.23	01:00:20.712		0.93697			4
2025.04.23	01:00:21.081		0.93689			4
2025.04.23	01:00:21.389	0.93608	0.93683			6
2025.04.23	01:00:22.024	0.93609	0.93684			6
2025.04.23	01:00:22.458	0.93610	0.93692			6
2025.04.23	01:00:23.121	0.93628	0.93703			6
2025.04.23	01:00:23.442	0.93635				2
2025.04.23	01:00:23.743		0.93702			4
2025.04.23	01:00:24.465	0.93640				2
2025.04.23	01:00:24.783	0.93637				2
2025.04.23	01:00:25.100	0.93640				2
2025.04.23	01:00:25.433		0.93703			4
2025.04.23	01:00:25.758	0.93642				2
2025.04.23	01:00:26.061	0.93718	0.93792			6
2025.04.23	01:00:26.380	0.93731	0.93805			6
2025.04.23	01:00:26.682	0.93753				2
2025.04.23	01:00:27.318	0.93678	0.93770			6
2025.04.23	01:00:28.260		0.93783			4
2025.04.23	01:00:28.649	0.93688	0.93786			6
2025.04.23	01:00:29.583		0.93780			4
2025.04.23	01:00:29.899	0.93685				2
2025.04.23	01:00:30.204	0.93688	0.93774			6
2025.04.23	01:00:30.823	0.93686	0.93777			6
2025.04.23	01:00:31.440	0.93688	0.93765			6
2025.04.23	01:00:32.300	0.93684	0.93766			6
2025.04.23	01:00:32.917	0.93657	0.93738			6
2025.04.23	01:00:33.220	0.93669	0.93750			6
2025.04.23	01:00:33.528	0.93661	0.93747			6
2025.04.23	01:00:33.840	0.93669	0.93752			6
2025.04.23	01:00:34.156	0.93662	0.93747			6
2025.04.23	01:00:34.466	0.93659	0.93740			6
2025.04.23	01:00:34.808	0.93680	0.93757			6
2025.04.23	01:00:35.432	0.93674	0.93754			6
2025.04.23	01:00:35.740	0.93681	0.93745			6
2025.04.23	01:00:36.061	0.93674				2
2025.04.23	01:00:36.826		0.93741			4
2025.04.23	01:00:37.183	0.93669	0.93743			6
2025.04.23	01:00:37.755	0.93663	0.93737			6
2025.04.23	01:00:38.067	0.93657	0.93732			6
2025.04.23	01:00:39.408	0.93667	0.93742			6
2025.04.23	01:00:39.729	0.93661	0.93736			6
2025.04.23	01:00:40.346	0.93667	0.93741			6
2025.04.23	01:00:40.661	0.93661	0.93736			6
2025.04.23	01:00:41.600	0.93667	0.93742			6
2025.04.23	01:00:42.964		0.93741			4
2025.04.23	01:00:43.629	0.93687	0.93754			6
2025.04.23	01:00:44.093	0.93692				2
2025.04.23	01:00:44.441	0.93689	0.93745			6
2025.04.23	01:00:44.776	0.93688	0.93741			6
2025.04.23	01:00:45.401	0.93700	0.93755			6
2025.04.23	01:00:45.720	0.93698	0.93767			6
2025.04.23	01:00:46.062	0.93696	0.93778			6
2025.04.23	01:00:46.363	0.93695	0.93763			6
2025.04.23	01:00:46.669	0.93698	0.93781			6
2025.04.23	01:00:46.980	0.93657	0.93683			6
2025.04.23	01:00:47.308		0.93743			4
2025.04.23	01:00:47.620		0.93762			4
2025.04.23	01:00:48.398	0.93655	0.93783			6
2025.04.23	01:00:49.118	0.93661	0.93778			6
2025.04.23	01:00:50.332	0.93654	0.93783			6
2025.04.23	01:00:52.200	0.93662	0.93784			6
2025.04.23	01:00:52.515	0.93671				2
2025.04.23	01:00:53.133	0.93692	0.93791			6
2025.04.23	01:00:53.440	0.93681	0.93794			6
2025.04.23	01:01:00.113	0.93681				2
2025.04.23	01:01:01.401	0.93673	0.93791			6
2025.04.23	01:01:03.734	0.93709	0.93803			6
2025.04.23	01:01:04.040	0.93677				2
2025.04.23	01:01:04.342	0.93685				2
2025.04.23	01:01:05.593	0.93691				2
2025.04.23	01:01:06.309	0.93681	0.93798			6
2025.04.23	01:01:06.992	0.93686	0.93803			6
2025.04.23	01:01:07.344	0.93690	0.93781			6
2025.04.23	01:01:08.850		0.93775			4
2025.04.23	01:01:11.416	0.93696	0.93798			6
2025.04.23	01:01:12.062	0.93699	0.93780			6
2025.04.23	01:01:12.759	0.93698	0.93791			6
2025.04.23	01:01:13.464	0.93721	0.93803			6
2025.04.23	01:01:13.768	0.93712	0.93799			6
2025.04.23	01:01:15.292	0.93718	0.93803			6
2025.04.23	01:01:15.761	0.93714				2
2025.04.23	01:01:16.434	0.93725				2
2025.04.23	01:01:16.740	0.93727				2
2025.04.23	01:01:17.041	0.93708	0.93797			6
2025.04.23	01:01:17.381	0.93711	0.93803			6
2025.04.23	01:01:17.712		0.93796			4
2025.04.23	01:01:18.020	0.93712	0.93789			6
2025.04.23	01:01:18.659	0.93716				2
2025.04.23	01:01:19.681	0.93709	0.93798			6
2025.04.23	01:01:20.001	0.93725				2
2025.04.23	01:01:20.304	0.93730				2
2025.04.23	01:01:20.726	0.93728	0.93794			6
2025.04.23	01:01:21.057	0.93731	0.93792			6
2025.04.23	01:01:22.447	0.93726	0.93798			6
2025.04.23	01:01:22.760	0.93731	0.93792			6
2025.04.23	01:01:23.361	0.93715	0.93790			6
2025.04.23	01:01:23.683	0.93730	0.93795			6
2025.04.23	01:01:24.301	0.93732	0.93793			6
2025.04.23	01:01:24.748	0.93721	0.93794			6
2025.04.23	01:01:25.959	0.93717	0.93793			6
2025.04.23	01:01:26.275	0.93723	0.93794			6
2025.04.23	01:01:26.860	0.93716				2
2025.04.23	01:01:28.313	0.93720	0.93797			6
2025.04.23	01:01:29.643	0.93722	0.93798			6
2025.04.23	01:01:30.360	0.93715	0.93792			6
2025.04.23	01:01:30.700	0.93722	0.93798			6
2025.04.23	01:01:34.075	0.93734				2
2025.04.23	01:01:34.895	0.93729	0.93802			6
2025.04.23	01:01:35.201		0.93797			4
2025.04.23	01:01:35.560		0.93787			4
2025.04.23	01:01:36.666	0.93707	0.93803			6
2025.04.23	01:01:37.174		0.93798			4
2025.04.23	01:01:40.340		0.93786			4
2025.04.23	01:01:40.840	0.93716	0.93799			6
2025.04.23	01:01:41.198	0.93719				2
2025.04.23	01:01:41.524	0.93723				2
2025.04.23	01:01:43.060	0.93667	0.93803			6
2025.04.23	01:01:43.364		0.93779			4
2025.04.23	01:01:43.668		0.93793			4
2025.04.23	01:01:43.980		0.93785			4
2025.04.23	01:01:44.281		0.93777			4
2025.04.23	01:01:44.583		0.93801			4
2025.04.23	01:01:44.886		0.93790			4
2025.04.23	01:01:45.202		0.93794			4
2025.04.23	01:01:45.534		0.93792			4
2025.04.23	01:01:46.169		0.93777			4
2025.04.23	01:01:47.050		0.93785			4
2025.04.23	01:01:47.363		0.93779			4
2025.04.23	01:01:48.658		0.93790			4
2025.04.23	01:01:48.960		0.93792			4
2025.04.23	01:01:49.263		0.93801			4
2025.04.23	01:01:49.580		0.93794			4
2025.04.23	01:01:50.520		0.93781			4
2025.04.23	01:01:51.303		0.93793			4
2025.04.23	01:01:51.607		0.93780			4
2025.04.23	01:01:54.362		0.93792			4
2025.04.23	01:01:54.681		0.93780			4
2025.04.23	01:01:55.746		0.93740			4
2025.04.23	01:01:57.308		0.93765			4
2025.04.23	01:02:00.040	0.93667				2
2025.04.23	01:02:03.024		0.93801			4
2025.04.23	01:02:04.540		0.93800			4
2025.04.23	01:02:10.697	0.93669	0.93781			6
2025.04.23	01:02:11.000	0.93668	0.93787			6
2025.04.23	01:02:11.387	0.93670	0.93772			6
2025.04.23	01:02:11.700	0.93669	0.93767			6
2025.04.23	01:02:12.025	0.93670	0.93759			6
2025.04.23	01:02:12.341	0.93667	0.93750			6
2025.04.23	01:02:12.643		0.93753			4
2025.04.23	01:02:12.976		0.93756			4
2025.04.23	01:02:13.281		0.93759			4
2025.04.23	01:02:14.027	0.93670	0.93757			6
2025.04.23	01:02:14.682	0.93679	0.93753			6
2025.04.23	01:02:15.399	0.93680	0.93759			6
2025.04.23	01:02:16.183	0.93667	0.93784			6
2025.04.23	01:02:16.500		0.93787			4
2025.04.23	01:02:16.867		0.93758			4
2025.04.23	01:02:17.672		0.93759			4
2025.04.23	01:02:17.982		0.93752			4
2025.04.23	01:02:18.639		0.93753			4
2025.04.23	01:02:18.962		0.93760			4
2025.04.23	01:02:19.269		0.93752			4
2025.04.23	01:02:20.422		0.93760			4
2025.04.23	01:02:20.731		0.93752			4
2025.04.23	01:02:21.040		0.93779			4
2025.04.23	01:02:23.251		0.93778			4
2025.04.23	01:02:23.560		0.93776			4
2025.04.23	01:02:23.871		0.93769			4
2025.04.23	01:02:24.180		0.93777			4
2025.04.23	01:02:24.797		0.93789			4
2025.04.23	01:02:25.158		0.93781			4
2025.04.23	01:02:30.003		0.93769			4
2025.04.23	01:02:30.305	0.93661				2
2025.04.23	01:02:33.346		0.93759			4
2025.04.23	01:02:39.759		0.93767			4
2025.04.23	01:02:40.854		0.93758			4
2025.04.23	01:02:44.421		0.93759			4
2025.04.23	01:02:44.952		0.93751			4
2025.04.23	01:02:45.362		0.93755			4
2025.04.23	01:02:45.683	0.93650	0.93738			6
2025.04.23	01:02:45.992		0.93734			4
2025.04.23	01:02:47.094	0.93646				2
2025.04.23	01:02:47.733	0.93653				2
2025.04.23	01:02:51.964	0.93654	0.93731			6
2025.04.23	01:02:53.898	0.93661				2
2025.04.23	01:02:54.260	0.93656				2
2025.04.23	01:02:54.914	0.93659				2
2025.04.23	01:02:55.652	0.93656				2
2025.04.23	01:02:57.725	0.93659				2
2025.04.23	01:02:58.887	0.93660	0.93749			6
2025.04.23	01:03:00.159	0.93660				2
2025.04.23	01:03:02.259	0.93657	0.93745			6
2025.04.23	01:03:04.634	0.93674				2
2025.04.23	01:03:04.943	0.93671	0.93757			6
2025.04.23	01:03:05.395	0.93679	0.93753			6
2025.04.23	01:03:05.702	0.93670	0.93747			6
2025.04.23	01:03:06.021	0.93661				2
2025.04.23	01:03:06.352	0.93659	0.93740			6
2025.04.23	01:03:07.055	0.93654	0.93765			6
2025.04.23	01:03:08.067		0.93774			4
2025.04.23	01:03:11.260	0.93675				2
2025.04.23	01:03:11.599	0.93654				2
2025.04.23	01:03:13.712	0.93687	0.93752			6
2025.04.23	01:03:14.022		0.93753			4
2025.04.23	01:03:14.355		0.93768			4
2025.04.23	01:03:14.749		0.93765			4
2025.04.23	01:03:15.060	0.93683	0.93763			6
2025.04.23	01:03:15.363	0.93687				2
2025.04.23	01:03:15.667		0.93758			4
2025.04.23	01:03:16.014	0.93684	0.93767			6
2025.04.23	01:03:16.320	0.93692	0.93763			6
2025.04.23	01:03:16.622		0.93776			4
2025.04.23	01:03:17.871	0.93683	0.93770			6
2025.04.23	01:03:18.181	0.93695				2
2025.04.23	01:03:18.493	0.93683				2
2025.04.23	01:03:18.843	0.93686	0.93772			6
2025.04.23	01:03:19.147		0.93763			4
2025.04.23	01:03:19.602		0.93772			4
2025.04.23	01:03:20.561	0.93688				2
2025.04.23	01:03:20.865	0.93689	0.93773			6
2025.04.23	01:03:21.196	0.93686	0.93775			6
2025.04.23	01:03:21.501	0.93687	0.93771			6
2025.04.23	01:03:21.805	0.93683	0.93770			6
2025.04.23	01:03:22.107	0.93686	0.93758			6
2025.04.23	01:03:22.420	0.93687	0.93764			6
2025.04.23	01:03:22.729	0.93686	0.93760			6
2025.04.23	01:03:23.039	0.93687	0.93772			6
2025.04.23	01:03:23.708	0.93695	0.93759			6
2025.04.23	01:03:24.895	0.93686	0.93753			6
2025.04.23	01:03:25.217	0.93683	0.93754			6
2025.04.23	01:03:25.521	0.93688	0.93757			6
2025.04.23	01:03:25.876	0.93687	0.93752			6
2025.04.23	01:03:26.185	0.93689	0.93754			6
2025.04.23	01:03:26.501	0.93691	0.93758			6
2025.04.23	01:03:26.804	0.93689				2
2025.04.23	01:03:27.121	0.93692	0.93757			6
2025.04.23	01:03:27.432	0.93690				2
2025.04.23	01:03:28.041	0.93689	0.93752			6
2025.04.23	01:03:28.473	0.93690	0.93757			6
2025.04.23	01:03:28.781	0.93685	0.93752			6
2025.04.23	01:03:29.131	0.93687	0.93754			6
2025.04.23	01:03:29.636		0.93753			4
2025.04.23	01:03:29.940	0.93688	0.93767			6
2025.04.23	01:03:30.249	0.93691	0.93759			6
2025.04.23	01:03:30.561		0.93772			4
2025.04.23	01:03:31.495	0.93696	0.93776			6
2025.04.23	01:03:31.800	0.93691	0.93764			6
2025.04.23	01:03:32.119	0.93690	0.93774			6
2025.04.23	01:03:34.838	0.93687	0.93757			6
2025.04.23	01:03:35.146	0.93688	0.93758			6
2025.04.23	01:03:35.460	0.93687	0.93755			6
2025.04.23	01:03:36.099		0.93757			4
2025.04.23	01:03:36.804	0.93701	0.93772			6
2025.04.23	01:03:37.114		0.93777			4
2025.04.23	01:03:39.054	0.93692	0.93767			6
2025.04.23	01:03:39.361	0.93694	0.93771			6
2025.04.23	01:03:39.662	0.93696	0.93774			6
2025.04.23	01:03:40.666	0.93691	0.93767			6
2025.04.23	01:03:40.980	0.93688				2
2025.04.23	01:03:41.285	0.93687	0.93769			6
2025.04.23	01:03:41.953	0.93689	0.93768			6
2025.04.23	01:03:42.292	0.93687	0.93769			6
2025.04.23	01:03:42.639		0.93767			4
2025.04.23	01:03:42.989		0.93763			4
2025.04.23	01:03:43.301		0.93769			4
2025.04.23	01:03:44.084	0.93691	0.93770			6
2025.04.23	01:03:44.400		0.93771			4
2025.04.23	01:03:44.959	0.93688	0.93760			6
2025.04.23	01:03:45.266		0.93755			4
2025.04.23	01:03:45.580		0.93760			4
2025.04.23	01:03:45.885		0.93761			4
2025.04.23	01:03:46.210		0.93762			4
2025.04.23	01:03:46.510		0.93760			4
2025.04.23	01:03:46.961	0.93690	0.93755			6
2025.04.23	01:03:47.280	0.93678	0.93757			6
2025.04.23	01:03:47.639	0.93718	0.93769			6
2025.04.23	01:03:47.942	0.93720	0.93745			6
2025.04.23	01:03:48.250	0.93737	0.93747			6
2025.04.23	01:03:48.564		0.93800			4
2025.04.23	01:03:48.925		0.93803			4
2025.04.23	01:03:54.435	0.93738				2
2025.04.23	01:03:55.075	0.93741				2
2025.04.23	01:03:56.145	0.93747				2
2025.04.23	01:03:57.887	0.93744				2
2025.04.23	01:04:00.159	0.93744				2
2025.04.23	01:04:04.340	0.93748				2
2025.04.23	01:04:04.642	0.93744				2
2025.04.23	01:04:04.961	0.93739				2
2025.04.23	01:04:05.427	0.93742				2
2025.04.23	01:04:06.016	0.93744				2
2025.04.23	01:04:07.019	0.93751				2
2025.04.23	01:04:07.322	0.93768				2
2025.04.23	01:04:07.643	0.93791	0.93825			6
2025.04.23	01:04:07.960	0.93762	0.93806			6
2025.04.23	01:04:08.583	0.93749				2
2025.04.23	01:04:09.561	0.93766	0.93819			6
2025.04.23	01:04:11.052	0.93768	0.93821			6
2025.04.23	01:04:11.368	0.93769				2
2025.04.23	01:04:11.694	0.93765				2
2025.04.23	01:04:12.412	0.93768	0.93824			6
2025.04.23	01:04:12.918	0.93770				2
2025.04.23	01:04:13.247	0.93767				2
2025.04.23	01:04:13.757	0.93764	0.93819			6
2025.04.23	01:04:14.097		0.93820			4
2025.04.23	01:04:15.419	0.93753	0.93815			6
2025.04.23	01:04:16.031	0.93754	0.93817			6
2025.04.23	01:04:16.695	0.93757				2
2025.04.23	01:04:17.782	0.93756				2
2025.04.23	01:04:18.847	0.93752	0.93819			6
2025.04.23	01:04:19.160	0.93759	0.93820			6
2025.04.23	01:04:19.465	0.93762	0.93819			6
2025.04.23	01:04:20.170	0.93760	0.93818			6
2025.04.23	01:04:20.561	0.93761	0.93820			6
2025.04.23	01:04:20.878	0.93762				2
2025.04.23	01:04:21.227		0.93819			4
2025.04.23	01:04:21.583	0.93759	0.93817			6
2025.04.23	01:04:21.912	0.93761				2
2025.04.23	01:04:22.486	0.93758	0.93808			6
2025.04.23	01:04:22.797	0.93755	0.93811			6
2025.04.23	01:04:23.559		0.93812			4
2025.04.23	01:04:23.936	0.93757	0.93810			6
2025.04.23	01:04:24.264		0.93811			4
2025.04.23	01:04:24.888	0.93742	0.93798			6
2025.04.23	01:04:25.201	0.93786	0.93828			6
2025.04.23	01:04:25.503	0.93789				2
2025.04.23	01:04:25.833	0.93786				2
2025.04.23	01:04:27.059	0.93781	0.93818			6
2025.04.23	01:04:27.376	0.93786	0.93824			6
2025.04.23	01:04:27.696	0.93785				2
2025.04.23	01:04:28.153	0.93789				2
2025.04.23	01:04:29.096		0.93820			4
2025.04.23	01:04:30.401		0.93823			4
2025.04.23	01:04:30.760	0.93784	0.93822			6
2025.04.23	01:04:31.701		0.93824			4
2025.04.23	01:04:32.432		0.93823			4
2025.04.23	01:04:33.085	0.93781	0.93817			6
2025.04.23	01:04:34.600	0.93774	0.93814			6
2025.04.23	01:04:34.923	0.93767	0.93805			6
2025.04.23	01:04:35.244	0.93772				2
2025.04.23	01:04:35.863	0.93771	0.93803			6
2025.04.23	01:04:36.178		0.93806			4
2025.04.23	01:04:36.488	0.93769				2
2025.04.23	01:04:37.263		0.93804			4
2025.04.23	01:04:37.696	0.93770				2
2025.04.23	01:04:38.033		0.93806			4
2025.04.23	01:04:38.455	0.93771				2
2025.04.23	01:04:38.859		0.93805			4
2025.04.23	01:04:39.450	0.93766	0.93807			6
2025.04.23	01:04:39.766	0.93768	0.93806			6
2025.04.23	01:04:40.349	0.93755	0.93803			6
2025.04.23	01:04:40.657	0.93757	0.93804			6
2025.04.23	01:04:41.021	0.93755	0.93805			6
2025.04.23	01:04:41.356		0.93807			4
2025.04.23	01:04:42.155	0.93756	0.93811			6
2025.04.23	01:04:43.542	0.93754				2
2025.04.23	01:04:43.861	0.93751	0.93807			6
2025.04.23	01:04:44.165	0.93749	0.93800			6
2025.04.23	01:04:45.240	0.93769	0.93802			6
2025.04.23	01:04:45.546	0.93768				2
2025.04.23	01:04:45.966	0.93759				2
2025.04.23	01:04:46.336	0.93762	0.93799			6
2025.04.23	01:04:46.640	0.93751	0.93804			6
2025.04.23	01:04:46.942	0.93761	0.93799			6
2025.04.23	01:04:47.256	0.93748	0.93795			6
2025.04.23	01:04:47.581	0.93746	0.93796			6
2025.04.23	01:04:48.255	0.93749	0.93799			6
2025.04.23	01:04:48.556	0.93745	0.93795			6
2025.04.23	01:04:50.179	0.93749	0.93796			6
2025.04.23	01:04:50.967	0.93747	0.93791			6
2025.04.23	01:04:51.269	0.93741				2
2025.04.23	01:04:52.279	0.93740				2
2025.04.23	01:04:53.204	0.93744	0.93798			6
2025.04.23	01:04:53.554	0.93749	0.93799			6
2025.04.23	01:04:53.927	0.93750	0.93801			6
2025.04.23	01:04:54.581		0.93802			4
2025.04.23	01:04:55.246		0.93801			4
2025.04.23	01:04:56.123	0.93745				2
2025.04.23	01:04:56.441	0.93750				2
2025.04.23	01:04:57.397		0.93802			4
2025.04.23	01:04:57.740	0.93754	0.93804			6
2025.04.23	01:04:58.327	0.93744				2
2025.04.23	01:04:58.659	0.93749	0.93806			6
2025.04.23	01:04:59.310	0.93750	0.93805			6
2025.04.23	01:05:00.062	0.93753				2
2025.04.23	01:05:00.366	0.93752	0.93806			6
2025.04.23	01:05:00.682	0.93748	0.93810			6
2025.04.23	01:05:01.001	0.93745	0.93813			6
2025.04.23	01:05:01.360	0.93754	0.93814			6
2025.04.23	01:05:02.039		0.93812			4
2025.04.23	01:05:02.378	0.93755				2
2025.04.23	01:05:02.825	0.93756				2
2025.04.23	01:05:03.435	0.93747	0.93801			6
2025.04.23	01:05:05.205	0.93745	0.93803			6
2025.04.23	01:05:05.692	0.93747	0.93806			6
2025.04.23	01:05:06.049	0.93746				2
2025.04.23	01:05:06.361	0.93747				2
2025.04.23	01:05:06.698	0.93744	0.93805			6
2025.04.23	01:05:07.438	0.93745	0.93803			6
2025.04.23	01:05:07.777	0.93744	0.93805			6
2025.04.23	01:05:08.104	0.93745	0.93804			6
2025.04.23	01:05:08.411	0.93747	0.93802			6
2025.04.23	01:05:08.825	0.93746	0.93803			6
2025.04.23	01:05:09.515	0.93748	0.93804			6
2025.04.23	01:05:09.970	0.93747	0.93803			6
2025.04.23	01:05:10.388	0.93746				2
2025.04.23	01:05:10.920		0.93802			4
2025.04.23	01:05:11.890	0.93723	0.93797			6
2025.04.23	01:05:12.201	0.93717				2
2025.04.23	01:05:15.390		0.93789			4
2025.04.23	01:05:20.103	0.93716	0.93769			6
2025.04.23	01:05:20.420	0.93720	0.93763			6
2025.04.23	01:05:20.847	0.93719	0.93769			6
2025.04.23	01:05:21.160	0.93714				2
2025.04.23	01:05:21.510		0.93764			4
2025.04.23	01:05:21.827	0.93715	0.93765			6
2025.04.23	01:05:22.144	0.93720				2
2025.04.23	01:05:22.753	0.93714	0.93761			6
2025.04.23	01:05:23.398		0.93755			4
2025.04.23	01:05:23.701		0.93750			4
2025.04.23	01:05:24.159		0.93754			4
2025.04.23	01:05:24.880	0.93712	0.93747			6
2025.04.23	01:05:25.201		0.93743			4
2025.04.23	01:05:25.502	0.93717	0.93753			6
2025.04.23	01:05:26.229	0.93714	0.93754			6
2025.04.23	01:05:26.531		0.93752			4
2025.04.23	01:05:27.654	0.93700	0.93741			6
2025.04.23	01:05:28.315		0.93742			4
2025.04.23	01:05:28.661		0.93741			4
2025.04.23	01:05:29.060		0.93725			4
2025.04.23	01:05:29.389	0.93694	0.93732			6
2025.04.23	01:05:31.240		0.93733			4
2025.04.23	01:05:31.659		0.93731			4
2025.04.23	01:05:33.042		0.93732			4
2025.04.23	01:05:33.765		0.93729			4
2025.04.23	01:05:34.211	0.93702	0.93742			6
2025.04.23	01:05:34.523	0.93711				2
2025.04.23	01:05:34.858	0.93706	0.93743			6
2025.04.23	01:05:35.160	0.93707	0.93756			6
2025.04.23	01:05:35.511	0.93709	0.93745			6
2025.04.23	01:05:35.820	0.93702				2
2025.04.23	01:05:36.180		0.93749			4
2025.04.23	01:05:36.693	0.93708	0.93755			6
2025.04.23	01:05:37.097		0.93756			4
2025.04.23	01:05:39.014		0.93755			4
2025.04.23	01:05:40.030	0.93679	0.93735			6
2025.04.23	01:05:40.360	0.93681				2
2025.04.23	01:05:40.765	0.93689	0.93745			6
2025.04.23	01:05:41.704	0.93686	0.93749			6
2025.04.23	01:05:43.714	0.93688	0.93752			6
2025.04.23	01:05:44.020	0.93691				2
2025.04.23	01:05:44.742	0.93690	0.93751			6
2025.04.23	01:05:45.106	0.93683	0.93763			6
2025.04.23	01:05:46.660	0.93677	0.93765			6
2025.04.23	01:05:47.025	0.93688	0.93767			6
2025.04.23	01:05:47.340	0.93677				2
2025.04.23	01:05:48.044	0.93672	0.93753			6
2025.04.23	01:05:48.361	0.93669	0.93757			6
2025.04.23	01:05:48.664	0.93675	0.93759			6
2025.04.23	01:05:50.353		0.93756			4
2025.04.23	01:05:51.137	0.93676	0.93750			6
2025.04.23	01:05:53.558		0.93751			4
2025.04.23	01:05:53.885		0.93750			4
2025.04.23	01:05:54.952		0.93751			4
2025.04.23	01:05:55.662	0.93685	0.93754			6
2025.04.23	01:05:55.998	0.93680	0.93753			6
2025.04.23	01:05:56.398		0.93750			4
2025.04.23	01:05:56.745	0.93678	0.93752			6
2025.04.23	01:05:57.365	0.93679	0.93756			6
2025.04.23	01:05:58.110	0.93677				2
2025.04.23	01:05:58.848	0.93686	0.93759			6
2025.04.23	01:05:59.160	0.93690	0.93757			6
2025.04.23	01:06:00.455	0.93690				2
2025.04.23	01:06:02.280	0.93684	0.93758			6
2025.04.23	01:06:02.697	0.93676	0.93756			6
2025.04.23	01:06:06.325	0.93686	0.93752			6
2025.04.23	01:06:06.811	0.93675	0.93756			6
2025.04.23	01:06:09.160	0.93681	0.93754			6
2025.04.23	01:06:09.471	0.93688	0.93752			6
2025.04.23	01:06:09.834	0.93673	0.93755			6
2025.04.23	01:06:12.161	0.93682	0.93753			6
2025.04.23	01:06:12.595	0.93676	0.93757			6
2025.04.23	01:06:14.758	0.93674	0.93753			6
2025.04.23	01:06:17.579	0.93684	0.93748			6
2025.04.23	01:06:17.895	0.93687				2
2025.04.23	01:06:18.353		0.93745			4
2025.04.23	01:06:19.263	0.93680	0.93737			6
2025.04.23	01:06:19.580	0.93678	0.93736			6
2025.04.23	01:06:19.918	0.93676	0.93735			6
2025.04.23	01:06:21.436	0.93680	0.93737			6
2025.04.23	01:06:21.740	0.93689	0.93746			6
2025.04.23	01:06:22.055		0.93748			4
2025.04.23	01:06:22.590	0.93691	0.93749			6
2025.04.23	01:06:22.941	0.93687	0.93745			6
2025.04.23	01:06:24.470	0.93686	0.93742			6
2025.04.23	01:06:24.776	0.93664	0.93719			6
2025.04.23	01:06:25.083	0.93663	0.93717			6
2025.04.23	01:06:25.401	0.93660	0.93715			6
2025.04.23	01:06:25.711	0.93667				2
2025.04.23	01:06:27.342	0.93665	0.93712			6
2025.04.23	01:06:28.007	0.93666	0.93714			6
2025.04.23	01:06:28.924	0.93654	0.93698			6
2025.04.23	01:06:29.583		0.93699			4
2025.04.23	01:06:30.319		0.93696			4
2025.04.23	01:06:31.073	0.93658	0.93698			6
2025.04.23	01:06:31.381	0.93654	0.93696			6
2025.04.23	01:06:32.492		0.93695			4
2025.04.23	01:06:33.656	0.93656	0.93686			6
2025.04.23	01:06:35.282	0.93635	0.93667			6
2025.04.23	01:06:35.601	0.93645	0.93683			6
2025.04.23	01:06:35.901	0.93649	0.93690			6
2025.04.23	01:06:36.282		0.93689			4
2025.04.23	01:06:37.673	0.93646	0.93678			6
2025.04.23	01:06:38.835	0.93645	0.93684			6
2025.04.23	01:06:39.138	0.93644				2
2025.04.23	01:06:39.466	0.93640				2
2025.04.23	01:06:39.851	0.93637	0.93677			6
2025.04.23	01:06:40.560	0.93640	0.93685			6
2025.04.23	01:06:40.864	0.93641	0.93678			6
2025.04.23	01:06:41.181	0.93645	0.93691			6
2025.04.23	01:06:41.489	0.93647				2
2025.04.23	01:06:41.793	0.93646	0.93684			6
2025.04.23	01:06:42.161		0.93690			4
2025.04.23	01:06:42.469	0.93647				2
2025.04.23	01:06:42.993	0.93648	0.93692			6
2025.04.23	01:06:43.361	0.93651				2
2025.04.23	01:06:44.071	0.93664	0.93715			6
2025.04.23	01:06:44.456	0.93658	0.93704			6
2025.04.23	01:06:45.085	0.93654				2
2025.04.23	01:06:45.388		0.93703			4
2025.04.23	01:06:45.717	0.93648	0.93704			6
2025.04.23	01:06:46.020	0.93655				2
2025.04.23	01:06:47.471	0.93657	0.93703			6
2025.04.23	01:06:48.029	0.93654				2
2025.04.23	01:06:48.460		0.93702			4
2025.04.23	01:06:48.764	0.93656	0.93705			6
2025.04.23	01:06:49.066	0.93650	0.93693			6
2025.04.23	01:06:49.381	0.93643	0.93690			6
2025.04.23	01:06:49.731	0.93641	0.93686			6
2025.04.23	01:06:50.071	0.93642				2
2025.04.23	01:06:50.381		0.93685			4
2025.04.23	01:06:50.741	0.93643	0.93686			6
2025.04.23	01:06:51.637	0.93647	0.93695			6
2025.04.23	01:06:52.451	0.93656	0.93703			6
2025.04.23	01:06:52.769	0.93655	0.93704			6
2025.04.23	01:06:53.180	0.93654	0.93701			6
2025.04.23	01:06:55.071	0.93663	0.93708			6
2025.04.23	01:06:55.382	0.93667	0.93717			6
2025.04.23	01:06:55.685	0.93660	0.93704			6
2025.04.23	01:06:56.301	0.93661	0.93703			6
2025.04.23	01:06:57.303	0.93667	0.93716			6
2025.04.23	01:06:57.621	0.93661	0.93707			6
2025.04.23	01:06:57.927	0.93660	0.93699			6
2025.04.23	01:06:58.273	0.93658	0.93694			6
2025.04.23	01:06:58.658	0.93660	0.93700			6
2025.04.23	01:06:59.649		0.93697			4
2025.04.23	01:07:00.163	0.93660				2
2025.04.23	01:07:00.558	0.93659	0.93701			6
2025.04.23	01:07:01.074	0.93664	0.93703			6
2025.04.23	01:07:01.381	0.93663	0.93708			6
2025.04.23	01:07:02.230	0.93667	0.93714			6
2025.04.23	01:07:02.535		0.93713			4
2025.04.23	01:07:02.860	0.93671				2
2025.04.23	01:07:03.234	0.93673	0.93718			6
2025.04.23	01:07:03.667	0.93678	0.93719			6
2025.04.23	01:07:04.023	0.93674	0.93710			6
2025.04.23	01:07:04.634	0.93673	0.93718			6
2025.04.23	01:07:04.944	0.93672				2
2025.04.23	01:07:05.260	0.93676	0.93708			6
2025.04.23	01:07:05.561	0.93670	0.93696			6
2025.04.23	01:07:05.869	0.93669				2
2025.04.23	01:07:07.241		0.93697			4
2025.04.23	01:07:08.356	0.93670	0.93700			6
2025.04.23	01:07:08.662		0.93701			4
2025.04.23	01:07:09.292	0.93664	0.93686			6
2025.04.23	01:07:09.761	0.93657				2
2025.04.23	01:07:10.300		0.93685			4
2025.04.23	01:07:10.940	0.93665	0.93693			6
2025.04.23	01:07:11.248	0.93667				2
2025.04.23	01:07:11.560	0.93669	0.93697			6
2025.04.23	01:07:11.865	0.93674	0.93699			6
2025.04.23	01:07:12.180	0.93669	0.93700			6
2025.04.23	01:07:12.533	0.93670	0.93706			6
2025.04.23	01:07:12.842	0.93673	0.93697			6
2025.04.23	01:07:13.163	0.93686	0.93704			6
2025.04.23	01:07:13.476		0.93707			4
2025.04.23	01:07:13.815	0.93690	0.93722			6
2025.04.23	01:07:14.860	0.93692	0.93725			6
2025.04.23	01:07:16.302		0.93724			4
2025.04.23	01:07:16.665		0.93731			4
2025.04.23	01:07:16.981		0.93730			4
2025.04.23	01:07:17.312		0.93728			4
2025.04.23	01:07:17.733	0.93688	0.93726			6
2025.04.23	01:07:18.044	0.93691	0.93720			6
2025.04.23	01:07:18.346	0.93687	0.93719			6
2025.04.23	01:07:18.676	0.93689	0.93723			6
2025.04.23	01:07:18.981	0.93690	0.93724			6
2025.04.23	01:07:19.325	0.93693	0.93714			6
2025.04.23	01:07:19.688	0.93684	0.93713			6
2025.04.23	01:07:19.999	0.93686	0.93715			6
2025.04.23	01:07:20.302		0.93713			4
2025.04.23	01:07:20.835	0.93688	0.93711			6
2025.04.23	01:07:21.147	0.93686	0.93715			6
2025.04.23	01:07:22.113	0.93688	0.93719			6
2025.04.23	01:07:22.421	0.93690	0.93711			6
2025.04.23	01:07:22.959	0.93688	0.93708			6
2025.04.23	01:07:23.268	0.93690	0.93714			6
2025.04.23	01:07:23.580	0.93686				2
2025.04.23	01:07:24.432		0.93716			4
2025.04.23	01:07:24.741	0.93687	0.93704			6
2025.04.23	01:07:25.060	0.93684				2
2025.04.23	01:07:25.446		0.93711			4
2025.04.23	01:07:25.760	0.93686				2
2025.04.23	01:07:26.257	0.93685	0.93712			6
2025.04.23	01:07:27.051	0.93691	0.93722			6
2025.04.23	01:07:27.399		0.93721			4
2025.04.23	01:07:27.764	0.93685	0.93714			6
2025.04.23	01:07:28.090	0.93686	0.93707			6
2025.04.23	01:07:28.456	0.93684	0.93711			6
2025.04.23	01:07:29.764	0.93689	0.93732			6
2025.04.23	01:07:30.336	0.93685	0.93730			6
2025.04.23	01:07:30.758	0.93686				2
2025.04.23	01:07:32.050		0.93733			4
2025.04.23	01:07:33.180	0.93687				2
2025.04.23	01:07:33.489	0.93690	0.93734			6
2025.04.23	01:07:33.800	0.93693				2
2025.04.23	01:07:34.218	0.93695	0.93735			6
2025.04.23	01:07:35.441		0.93734			4
2025.04.23	01:07:36.459		0.93735			4
2025.04.23	01:07:37.778	0.93694				2
2025.04.23	01:07:39.132	0.93698	0.93737			6
2025.04.23	01:07:39.459	0.93689	0.93731			6
2025.04.23	01:07:39.845	0.93687	0.93725			6
2025.04.23	01:07:40.149	0.93674	0.93709			6
2025.04.23	01:07:41.122	0.93670	0.93707			6
2025.04.23	01:07:42.111	0.93663	0.93704			6
2025.04.23	01:07:42.421	0.93672	0.93708			6
2025.04.23	01:07:42.732	0.93671	0.93706			6
2025.04.23	01:07:43.118	0.93668	0.93705			6
2025.04.23	01:07:43.525	0.93659				2
2025.04.23	01:07:44.196	0.93661	0.93706			6
2025.04.23	01:07:44.515		0.93705			4
2025.04.23	01:07:44.858	0.93665	0.93707			6
2025.04.23	01:07:47.394	0.93658	0.93702			6
2025.04.23	01:07:47.728	0.93657				2
2025.04.23	01:07:48.041	0.93665	0.93707			6
2025.04.23	01:07:49.463		0.93708			4
2025.04.23	01:07:49.803	0.93662	0.93703			6
2025.04.23	01:07:50.538	0.93663	0.93702			6
2025.04.23	01:07:50.918	0.93667	0.93703			6
2025.04.23	01:07:51.601	0.93664				2
2025.04.23	01:07:52.355	0.93663				2
2025.04.23	01:07:52.665	0.93664	0.93704			6
2025.04.23	01:07:53.132	0.93671	0.93708			6
2025.04.23	01:07:53.443	0.93677	0.93715			6
2025.04.23	01:07:53.824	0.93670	0.93713			6
2025.04.23	01:07:54.140	0.93672	0.93714			6
2025.04.23	01:07:55.961	0.93671	0.93713			6
2025.04.23	01:07:56.655		0.93712			4
2025.04.23	01:07:57.487	0.93666	0.93709			6
2025.04.23	01:07:57.800	0.93665	0.93708			6
2025.04.23	01:07:58.176	0.93666				2
2025.04.23	01:07:58.501	0.93664	0.93709			6
2025.04.23	01:07:58.957	0.93665				2
2025.04.23	01:08:00.031	0.93665				2
2025.04.23	01:08:00.889	0.93659	0.93707			6
2025.04.23	01:08:01.359	0.93660	0.93708			6
2025.04.23	01:08:02.038	0.93661	0.93709			6
2025.04.23	01:08:02.377		0.93708			4
2025.04.23	01:08:02.730	0.93660				2
2025.04.23	01:08:03.166		0.93709			4
2025.04.23	01:08:04.158	0.93668	0.93715			6
2025.04.23	01:08:04.600	0.93671				2
2025.04.23	01:08:08.556		0.93714			4
2025.04.23	01:08:12.651		0.93713			4
2025.04.23	01:08:14.011	0.93668	0.93714			6
2025.04.23	01:08:14.315	0.93669				2
2025.04.23	01:08:14.859	0.93670				2
2025.04.23	01:08:15.854	0.93671				2
2025.04.23	01:08:16.561		0.93715			4
2025.04.23	01:08:16.893	0.93670				2
2025.04.23	01:08:18.159	0.93671				2
2025.04.23	01:08:18.465	0.93673	0.93707			6
2025.04.23	01:08:18.776	0.93663	0.93702			6
2025.04.23	01:08:19.444	0.93662	0.93699			6
2025.04.23	01:08:20.313	0.93666	0.93702			6
2025.04.23	01:08:20.617	0.93658	0.93687			6
2025.04.23	01:08:20.931	0.93656	0.93686			6
2025.04.23	01:08:21.242		0.93685			4
2025.04.23	01:08:21.569	0.93655	0.93681			6
2025.04.23	01:08:22.358	0.93659				2
2025.04.23	01:08:22.767	0.93655				2
2025.04.23	01:08:23.132	0.93650	0.93678			6
2025.04.23	01:08:23.489	0.93649				2
2025.04.23	01:08:23.859	0.93652				2
2025.04.23	01:08:24.354	0.93656				2
2025.04.23	01:08:25.283	0.93653				2
2025.04.23	01:08:25.678	0.93654	0.93681			6
2025.04.23	01:08:25.982	0.93655				2
2025.04.23	01:08:27.306		0.93684			4
2025.04.23	01:08:29.175	0.93656	0.93685			6
2025.04.23	01:08:29.576	0.93658	0.93689			6
2025.04.23	01:08:30.624	0.93660	0.93688			6
2025.04.23	01:08:30.935	0.93659	0.93689			6
2025.04.23	01:08:31.705	0.93663	0.93690			6
2025.04.23	01:08:32.020	0.93657				2
2025.04.23	01:08:36.502	0.93660	0.93689			6
2025.04.23	01:08:37.359	0.93665	0.93691			6
2025.04.23	01:08:39.014	0.93663	0.93687			6
2025.04.23	01:08:39.460	0.93667				2
2025.04.23	01:08:39.810	0.93670	0.93707			6
2025.04.23	01:08:40.121	0.93672	0.93706			6
2025.04.23	01:08:40.525		0.93707			4
2025.04.23	01:08:40.840	0.93673				2
2025.04.23	01:08:41.489	0.93676	0.93711			6
2025.04.23	01:08:42.460		0.93712			4
2025.04.23	01:08:43.353	0.93681	0.93717			6
2025.04.23	01:08:43.679	0.93684	0.93721			6
2025.04.23	01:08:44.118	0.93681	0.93717			6
2025.04.23	01:08:44.569	0.93679	0.93716			6
2025.04.23	01:08:45.336	0.93650	0.93682			6
2025.04.23	01:08:45.643	0.93646	0.93680			6
2025.04.23	01:08:45.969	0.93649	0.93683			6
2025.04.23	01:08:46.351	0.93652	0.93685			6
2025.04.23	01:08:46.660	0.93655	0.93687			6
2025.04.23	01:08:46.972	0.93651	0.93685			6
2025.04.23	01:08:47.451	0.93653	0.93686			6
2025.04.23	01:08:47.862	0.93652				2
2025.04.23	01:08:48.276	0.93650	0.93684			6
2025.04.23	01:08:48.583		0.93683			4
2025.04.23	01:08:48.946	0.93651	0.93684			6
2025.04.23	01:08:49.360	0.93654				2
2025.04.23	01:08:49.985	0.93650				2
2025.04.23	01:08:50.645	0.93649				2
2025.04.23	01:08:52.235		0.93685			4
2025.04.23	01:08:52.541	0.93652				2
2025.04.23	01:08:53.008	0.93649	0.93687			6
2025.04.23	01:08:55.815		0.93686			4
2025.04.23	01:08:59.747	0.93650	0.93683			6
2025.04.23	01:09:00.359	0.93650				2
2025.04.23	01:09:00.762		0.93685			4
2025.04.23	01:09:01.803	0.93649	0.93684			6
2025.04.23	01:09:05.991		0.93681			4
2025.04.23	01:09:07.737	0.93650	0.93683			6
2025.04.23	01:09:09.685	0.93654	0.93685			6
2025.04.23	01:09:10.961	0.93653				2
2025.04.23	01:09:12.225	0.93654	0.93687			6
2025.04.23	01:09:13.001		0.93686			4
2025.04.23	01:09:14.619		0.93685			4
2025.04.23	01:09:15.088	0.93655	0.93686			6
2025.04.23	01:09:15.400	0.93649	0.93685			6
2025.04.23	01:09:15.739	0.93652	0.93686			6
2025.04.23	01:09:16.058	0.93650	0.93685			6
2025.04.23	01:09:18.087	0.93652				2
2025.04.23	01:09:18.400	0.93653				2
2025.04.23	01:09:18.762	0.93654	0.93687			6
2025.04.23	01:09:19.064	0.93651	0.93686			6
2025.04.23	01:09:19.375		0.93687			4
2025.04.23	01:09:20.889	0.93653	0.93686			6
2025.04.23	01:09:22.644	0.93651				2
2025.04.23	01:09:26.079	0.93652	0.93684			6
2025.04.23	01:09:28.346	0.93648	0.93681			6
2025.04.23	01:09:28.686		0.93679			4
2025.04.23	01:09:29.389	0.93646				2
2025.04.23	01:09:29.703	0.93647	0.93681			6
2025.04.23	01:09:30.021	0.93646	0.93680			6
2025.04.23	01:09:30.796	0.93645	0.93679			6
2025.04.23	01:09:31.715	0.93647	0.93680			6
2025.04.23	01:09:32.034	0.93648	0.93683			6
2025.04.23	01:09:32.374	0.93646	0.93680			6
2025.04.23	01:09:33.035	0.93645				2
2025.04.23	01:09:34.046	0.93644	0.93679			6
2025.04.23	01:09:35.735		0.93678			4
2025.04.23	01:09:36.114	0.93645	0.93677			6
2025.04.23	01:09:36.425	0.93644	0.93674			6
2025.04.23	01:09:36.763	0.93643				2
2025.04.23	01:09:37.410	0.93642	0.93673			6
2025.04.23	01:09:38.583		0.93672			4
2025.04.23	01:09:39.986		0.93673			4
2025.04.23	01:09:40.299	0.93643	0.93672			6
2025.04.23	01:09:40.601	0.93646	0.93676			6
2025.04.23	01:09:40.981	0.93666	0.93694			6
2025.04.23	01:09:41.309	0.93663	0.93691			6
2025.04.23	01:09:41.706	0.93671	0.93696			6
2025.04.23	01:09:42.034	0.93668	0.93698			6
2025.04.23	01:09:42.365	0.93667	0.93697			6
2025.04.23	01:09:42.719	0.93658	0.93689			6
2025.04.23	01:09:44.188	0.93655	0.93686			6
2025.04.23	01:09:44.492		0.93687			4
2025.04.23	01:09:48.369	0.93671	0.93708			6
2025.04.23	01:09:49.595	0.93664	0.93702			6
2025.04.23	01:09:50.413	0.93659	0.93696			6
2025.04.23	01:09:50.860	0.93657				2
2025.04.23	01:09:51.162	0.93658	0.93697			6
2025.04.23	01:09:51.676		0.93698			4
2025.04.23	01:09:52.010	0.93659	0.93699			6
2025.04.23	01:09:52.960		0.93698			4
2025.04.23	01:09:53.696	0.93664				2
2025.04.23	01:09:54.460		0.93697			4
2025.04.23	01:09:55.201	0.93656	0.93691			6
2025.04.23	01:09:55.509	0.93655	0.93690			6
2025.04.23	01:09:55.821	0.93666	0.93697			6
2025.04.23	01:09:56.176		0.93699			4
2025.04.23	01:09:56.521	0.93676	0.93706			6
2025.04.23	01:09:56.839	0.93666	0.93699			6
2025.04.23	01:09:57.400	0.93664	0.93695			6
2025.04.23	01:09:57.724	0.93662	0.93694			6
2025.04.23	01:09:58.040	0.93674	0.93713			6
2025.04.23	01:09:58.359	0.93677	0.93710			6
2025.04.23	01:09:59.034	0.93671				2
2025.04.23	01:09:59.418	0.93667	0.93707			6
2025.04.23	01:09:59.730	0.93676	0.93713			6
2025.04.23	01:10:00.042	0.93680	0.93716			6
2025.04.23	01:10:00.353	0.93669	0.93704			6
2025.04.23	01:10:00.660	0.93668	0.93705			6
2025.04.23	01:10:00.985	0.93672	0.93709			6
2025.04.23	01:10:01.313	0.93677	0.93713			6
2025.04.23	01:10:01.959	0.93678				2
2025.04.23	01:10:02.269	0.93677	0.93709			6
2025.04.23	01:10:02.581	0.93676				2
2025.04.23	01:10:03.507	0.93679	0.93711			6
2025.04.23	01:10:03.821	0.93676	0.93709			6
2025.04.23	01:10:04.148	0.93669	0.93701			6
2025.04.23	01:10:04.526	0.93670	0.93703			6
2025.04.23	01:10:04.866	0.93669	0.93701			6
2025.04.23	01:10:05.181	0.93670	0.93703			6
2025.04.23	01:10:05.576	0.93672				2
2025.04.23	01:10:06.310	0.93675				2
2025.04.23	01:10:06.945	0.93677	0.93704			6
2025.04.23	01:10:07.469	0.93679	0.93706			6
2025.04.23	01:10:07.923	0.93698	0.93719			6
2025.04.23	01:10:08.246	0.93700	0.93725			6
2025.04.23	01:10:08.554	0.93698				2
2025.04.23	01:10:08.888		0.93722			4
2025.04.23	01:10:09.214	0.93707	0.93729			6
2025.04.23	01:10:09.683	0.93706	0.93735			6
2025.04.23	01:10:10.005	0.93710	0.93737			6
2025.04.23	01:10:10.321	0.93718	0.93744			6
2025.04.23	01:10:10.961	0.93719	0.93745			6
2025.04.23	01:10:11.281	0.93727	0.93753			6
2025.04.23	01:10:11.587	0.93728	0.93757			6
2025.04.23	01:10:11.908	0.93730	0.93753			6
2025.04.23	01:10:12.220	0.93711	0.93739			6
2025.04.23	01:10:12.525	0.93701	0.93730			6
2025.04.23	01:10:12.881	0.93700	0.93729			6
2025.04.23	01:10:13.605	0.93701				2
2025.04.23	01:10:13.920	0.93702	0.93734			6
2025.04.23	01:10:14.354	0.93699	0.93730			6
2025.04.23	01:10:15.149	0.93698	0.93727			6
2025.04.23	01:10:15.463		0.93728			4
2025.04.23	01:10:15.782		0.93729			4
2025.04.23	01:10:16.095	0.93697				2
2025.04.23	01:10:16.407	0.93700	0.93731			6
2025.04.23	01:10:16.716	0.93701				2
2025.04.23	01:10:17.022		0.93732			4
2025.04.23	01:10:17.331	0.93700	0.93731			6
2025.04.23	01:10:17.923	0.93722	0.93749			6
2025.04.23	01:10:18.619	0.93719	0.93748			6
2025.04.23	01:10:19.092		0.93750			4
2025.04.23	01:10:19.418	0.93734	0.93769			6
2025.04.23	01:10:19.720	0.93731	0.93765			6
2025.04.23	01:10:20.023	0.93736	0.93769			6
2025.04.23	01:10:21.070	0.93731	0.93766			6
2025.04.23	01:10:21.862	0.93744	0.93774			6
2025.04.23	01:10:22.185	0.93729	0.93761			6
2025.04.23	01:10:22.500	0.93728				2
2025.04.23	01:10:23.042	0.93727	0.93760			6
2025.04.23	01:10:23.360	0.93728	0.93763			6
2025.04.23	01:10:23.665	0.93727	0.93759			6
2025.04.23	01:10:23.970	0.93724	0.93757			6
2025.04.23	01:10:24.459	0.93714	0.93749			6
2025.04.23	01:10:24.776		0.93748			4
2025.04.23	01:10:25.130	0.93717	0.93749			6
2025.04.23	01:10:25.454	0.93715	0.93747			6
2025.04.23	01:10:25.775	0.93725	0.93755			6
2025.04.23	01:10:26.081	0.93720	0.93752			6
2025.04.23	01:10:26.410	0.93722				2
2025.04.23	01:10:26.944	0.93721	0.93754			6
2025.04.23	01:10:27.800	0.93717	0.93750			6
2025.04.23	01:10:28.103		0.93748			4
2025.04.23	01:10:28.823	0.93703	0.93738			6
2025.04.23	01:10:29.225	0.93711	0.93742			6
2025.04.23	01:10:29.540	0.93710				2
2025.04.23	01:10:29.844	0.93711				2
2025.04.23	01:10:30.154	0.93716	0.93749			6
2025.04.23	01:10:30.479	0.93720	0.93750			6
2025.04.23	01:10:30.796	0.93718	0.93749			6
2025.04.23	01:10:32.082	0.93715	0.93747			6
2025.04.23	01:10:32.385	0.93712	0.93744			6
2025.04.23	01:10:32.701	0.93739	0.93769			6
2025.04.23	01:10:33.022	0.93736	0.93768			6
2025.04.23	01:10:33.341	0.93735	0.93764			6
2025.04.23	01:10:34.062	0.93737	0.93766			6
2025.04.23	01:10:34.411	0.93738	0.93769			6
2025.04.23	01:10:35.644	0.93739				2
2025.04.23	01:10:35.947	0.93742	0.93771			6
2025.04.23	01:10:36.327		0.93772			4
2025.04.23	01:10:36.673	0.93741	0.93770			6
2025.04.23	01:10:36.986	0.93739	0.93771			6
2025.04.23	01:10:37.303	0.93730	0.93761			6
2025.04.23	01:10:37.897	0.93734	0.93765			6
2025.04.23	01:10:38.331	0.93736	0.93766			6
2025.04.23	01:10:38.633	0.93735	0.93765			6
2025.04.23	01:10:38.940	0.93731	0.93761			6
2025.04.23	01:10:39.245	0.93728	0.93760			6
2025.04.23	01:10:40.195	0.93729	0.93761			6
2025.04.23	01:10:40.508		0.93762			4
2025.04.23	01:10:41.167	0.93738	0.93769			6
2025.04.23	01:10:41.482	0.93735	0.93765			6
2025.04.23	01:10:41.973	0.93732	0.93763			6
2025.04.23	01:10:42.281	0.93738	0.93769			6
2025.04.23	01:10:42.583	0.93742	0.93772			6
2025.04.23	01:10:42.968	0.93741				2
2025.04.23	01:10:43.433	0.93736	0.93769			6
2025.04.23	01:10:43.742	0.93737				2
2025.04.23	01:10:44.695	0.93736	0.93770			6
2025.04.23	01:10:45.017	0.93749	0.93780			6
2025.04.23	01:10:45.321	0.93753	0.93783			6
2025.04.23	01:10:45.629	0.93748	0.93779			6
2025.04.23	01:10:46.012	0.93749	0.93780			6
2025.04.23	01:10:46.317		0.93781			4
2025.04.23	01:10:46.739	0.93750				2
2025.04.23	01:10:47.046	0.93735	0.93768			6
2025.04.23	01:10:47.361	0.93732	0.93763			6
2025.04.23	01:10:47.672	0.93737	0.93769			6
2025.04.23	01:10:47.981	0.93736				2
2025.04.23	01:10:48.282	0.93739	0.93771			6
2025.04.23	01:10:48.601	0.93748	0.93779			6
2025.04.23	01:10:48.944	0.93739	0.93771			6
2025.04.23	01:10:49.289	0.93734	0.93765			6
2025.04.23	01:10:50.441	0.93737	0.93771			6
2025.04.23	01:10:50.742	0.93738				2
2025.04.23	01:10:51.318	0.93737				2
2025.04.23	01:10:51.620	0.93735	0.93769			6
2025.04.23	01:10:52.951		0.93770			4
2025.04.23	01:10:53.539	0.93730	0.93763			6
2025.04.23	01:10:53.846	0.93733	0.93766			6
2025.04.23	01:10:54.179	0.93727	0.93761			6
2025.04.23	01:10:54.757	0.93719	0.93757			6
2025.04.23	01:10:55.064	0.93726	0.93760			6
2025.04.23	01:10:55.380	0.93724	0.93759			6
2025.04.23	01:10:56.142	0.93722	0.93757			6
2025.04.23	01:10:56.443	0.93721				2
2025.04.23	01:10:56.780	0.93720	0.93755			6
2025.04.23	01:10:57.081	0.93714	0.93749			6
2025.04.23	01:10:57.400	0.93711	0.93746			6
2025.04.23	01:10:57.704		0.93745			4
2025.04.23	01:10:58.700	0.93715	0.93747			6
2025.04.23	01:10:59.003	0.93717	0.93752			6
2025.04.23	01:10:59.321	0.93716	0.93750			6
2025.04.23	01:10:59.800	0.93719				2
2025.04.23	01:11:00.106	0.93722	0.93753			6
2025.04.23	01:11:00.450	0.93723	0.93759			6
2025.04.23	01:11:00.761	0.93725				2
2025.04.23	01:11:01.064	0.93721	0.93758			6
2025.04.23	01:11:01.385	0.93720	0.93757			6
2025.04.23	01:11:02.174	0.93725	0.93759			6
2025.04.23	01:11:02.481	0.93726	0.93760			6
2025.04.23	01:11:02.860	0.93729	0.93765			6
2025.04.23	01:11:03.206	0.93731	0.93768			6
2025.04.23	01:11:03.520	0.93717	0.93754			6
2025.04.23	01:11:04.565	0.93722	0.93756			6
2025.04.23	01:11:05.250	0.93717	0.93753			6
2025.04.23	01:11:05.708	0.93707	0.93738			6
2025.04.23	01:11:06.013	0.93703	0.93737			6
2025.04.23	01:11:06.332	0.93697	0.93738			6
2025.04.23	01:11:06.641	0.93701	0.93729			6
2025.04.23	01:11:06.942	0.93705	0.93738			6
2025.04.23	01:11:07.336	0.93694	0.93737			6
2025.04.23	01:11:07.642		0.93736			4
2025.04.23	01:11:07.959	0.93697	0.93737			6
2025.04.23	01:11:09.175	0.93698				2
2025.04.23	01:11:09.641		0.93736			4
2025.04.23	01:11:09.944	0.93701	0.93733			6
2025.04.23	01:11:10.259	0.93698	0.93737			6
2025.04.23	01:11:10.561	0.93702	0.93735			6
2025.04.23	01:11:10.881	0.93707	0.93744			6
2025.04.23	01:11:11.318	0.93709	0.93745			6
2025.04.23	01:11:11.624		0.93744			4
2025.04.23	01:11:12.046		0.93745			4
2025.04.23	01:11:12.662	0.93706	0.93742			6
2025.04.23	01:11:12.963		0.93744			4
2025.04.23	01:11:13.535	0.93723	0.93754			6
2025.04.23	01:11:13.842	0.93704	0.93742			6
2025.04.23	01:11:14.159		0.93743			4
2025.04.23	01:11:14.505	0.93701	0.93739			6
2025.04.23	01:11:14.821	0.93706				2
2025.04.23	01:11:15.122		0.93738			4
2025.04.23	01:11:15.459		0.93739			4
2025.04.23	01:11:16.059		0.93740			4
2025.04.23	01:11:16.363		0.93739			4
2025.04.23	01:11:16.674	0.93691	0.93731			6
2025.04.23	01:11:16.980	0.93692	0.93732			6
2025.04.23	01:11:17.310	0.93700	0.93736			6
2025.04.23	01:11:17.619	0.93697	0.93734			6
2025.04.23	01:11:17.923		0.93735			4
2025.04.23	01:11:18.249		0.93733			4
2025.04.23	01:11:19.391	0.93695	0.93722			6
2025.04.23	01:11:19.703	0.93700	0.93732			6
2025.04.23	01:11:20.008	0.93699				2
2025.04.23	01:11:20.350	0.93696	0.93730			6
2025.04.23	01:11:20.793	0.93700	0.93733			6
2025.04.23	01:11:21.947	0.93702	0.93737			6
2025.04.23	01:11:22.260	0.93704				2
2025.04.23	01:11:22.589	0.93706	0.93738			6
2025.04.23	01:11:22.899	0.93709	0.93742			6
2025.04.23	01:11:23.210	0.93710				2
2025.04.23	01:11:23.520	0.93704	0.93737			6
2025.04.23	01:11:23.859	0.93706	0.93738			6
2025.04.23	01:11:24.241	0.93709	0.93741			6
2025.04.23	01:11:24.569		0.93740			4
2025.04.23	01:11:24.879		0.93739			4
2025.04.23	01:11:25.207	0.93708	0.93740			6
2025.04.23	01:11:25.510	0.93705	0.93738			6
2025.04.23	01:11:25.821	0.93708	0.93737			6
2025.04.23	01:11:26.563	0.93710	0.93738			6
2025.04.23	01:11:27.362	0.93708	0.93736			6
2025.04.23	01:11:28.362	0.93707	0.93739			6
2025.04.23	01:11:28.793	0.93706	0.93738			6
2025.04.23	01:11:30.019	0.93705				2
2025.04.23	01:11:30.326	0.93701	0.93736			6
2025.04.23	01:11:31.158	0.93705				2
2025.04.23	01:11:31.785	0.93714	0.93745			6
2025.04.23	01:11:32.102	0.93717	0.93747			6
2025.04.23	01:11:32.423	0.93716	0.93746			6
2025.04.23	01:11:33.179	0.93715	0.93745			6
2025.04.23	01:11:33.483	0.93712	0.93744			6
2025.04.23	01:11:33.786	0.93713				2
2025.04.23	01:11:35.822	0.93712	0.93743			6
2025.04.23	01:11:36.460		0.93742			4
2025.04.23	01:11:36.909	0.93715	0.93745			6
2025.04.23	01:11:37.433	0.93711	0.93743			6
2025.04.23	01:11:38.072	0.93715	0.93745			6
2025.04.23	01:11:38.374	0.93711	0.93739			6
2025.04.23	01:11:38.860	0.93709	0.93738			6
2025.04.23	01:11:39.183	0.93711	0.93742			6
2025.04.23	01:11:39.494	0.93712				2
2025.04.23	01:11:39.883	0.93709	0.93739			6
2025.04.23	01:11:40.200	0.93716	0.93742			6
2025.04.23	01:11:41.138		0.93741			4
2025.04.23	01:11:41.516	0.93718	0.93742			6
2025.04.23	01:11:41.859	0.93717	0.93745			6
2025.04.23	01:11:42.161	0.93713	0.93739			6
2025.04.23	01:11:42.527		0.93740			4
2025.04.23	01:11:43.822		0.93738			4
2025.04.23	01:11:44.858		0.93739			4
2025.04.23	01:11:45.509	0.93708	0.93738			6
2025.04.23	01:11:46.128	0.93713				2
2025.04.23	01:11:46.501	0.93718	0.93747			6
2025.04.23	01:11:47.271	0.93722	0.93753			6
2025.04.23	01:11:48.336		0.93754			4
2025.04.23	01:11:49.109	0.93724	0.93753			6
2025.04.23	01:11:49.502	0.93721	0.93751			6
2025.04.23	01:11:50.274	0.93717	0.93748			6
2025.04.23	01:11:50.579	0.93718				2
2025.04.23	01:11:51.759	0.93721	0.93750			6
2025.04.23	01:11:52.857	0.93719	0.93748			6
2025.04.23	01:11:54.245	0.93722	0.93749			6
2025.04.23	01:11:55.375	0.93723	0.93753			6
2025.04.23	01:11:56.359	0.93733	0.93763			6
2025.04.23	01:11:56.661	0.93732	0.93760			6
2025.04.23	01:11:57.695	0.93727	0.93755			6
2025.04.23	01:11:58.061		0.93756			4
2025.04.23	01:11:58.366	0.93728				2
2025.04.23	01:11:58.872	0.93727	0.93755			6
2025.04.23	01:11:59.485	0.93726				2
2025.04.23	01:12:00.016	0.93725	0.93753			6
2025.04.23	01:12:00.467	0.93727				2
2025.04.23	01:12:01.059	0.93729	0.93757			6
2025.04.23	01:12:01.363	0.93726				2
2025.04.23	01:12:01.681	0.93724	0.93756			6
2025.04.23	01:12:02.112	0.93718	0.93752			6
2025.04.23	01:12:02.454	0.93720	0.93754			6
2025.04.23	01:12:04.661	0.93717	0.93751			6
2025.04.23	01:12:04.962	0.93716	0.93748			6
2025.04.23	01:12:05.462		0.93749			4
2025.04.23	01:12:05.833	0.93709	0.93745			6
2025.04.23	01:12:06.143		0.93746			4
2025.04.23	01:12:06.459	0.93717	0.93748			6
2025.04.23	01:12:06.762	0.93710	0.93743			6
2025.04.23	01:12:07.806	0.93711	0.93742			6
2025.04.23	01:12:08.114	0.93707	0.93739			6
2025.04.23	01:12:08.425	0.93706				2
2025.04.23	01:12:08.808	0.93707				2
2025.04.23	01:12:09.142	0.93706	0.93734			6
2025.04.23	01:12:09.450	0.93710	0.93741			6
2025.04.23	01:12:10.500	0.93709	0.93740			6
2025.04.23	01:12:11.257	0.93708	0.93741			6
2025.04.23	01:12:12.362	0.93710				2
2025.04.23	01:12:12.710	0.93705	0.93738			6
2025.04.23	01:12:13.322	0.93707	0.93740			6
2025.04.23	01:12:13.660	0.93709	0.93741			6
2025.04.23	01:12:14.123	0.93705	0.93740			6
2025.04.23	01:12:14.559		0.93739			4
2025.04.23	01:12:15.051		0.93740			4
2025.04.23	01:12:15.368	0.93702	0.93738			6
2025.04.23	01:12:16.001	0.93700				2
2025.04.23	01:12:16.351	0.93709	0.93743			6
2025.04.23	01:12:17.414	0.93714				2
2025.04.23	01:12:18.760	0.93709				2
2025.04.23	01:12:20.202		0.93741			4
2025.04.23	01:12:21.492	0.93706				2
2025.04.23	01:12:21.813	0.93709				2
2025.04.23	01:12:22.133	0.93704	0.93738			6
2025.04.23	01:12:23.965	0.93708				2
2025.04.23	01:12:24.612	0.93707				2
2025.04.23	01:12:26.713	0.93701	0.93732			6
2025.04.23	01:12:27.020	0.93696	0.93728			6
2025.04.23	01:12:27.666		0.93729			4
2025.04.23	01:12:28.916	0.93699				2
2025.04.23	01:12:29.424	0.93716	0.93740			6
2025.04.23	01:12:29.730	0.93707	0.93737			6
2025.04.23	01:12:30.039	0.93718	0.93741			6
2025.04.23	01:12:31.159	0.93722	0.93744			6
2025.04.23	01:12:31.624	0.93723	0.93745			6
2025.04.23	01:12:31.937		0.93746			4
2025.04.23	01:12:32.258	0.93725	0.93747			6
2025.04.23	01:12:32.559	0.93724				2
2025.04.23	01:12:32.863	0.93723				2
2025.04.23	01:12:33.219	0.93722	0.93744			6
2025.04.23	01:12:33.525	0.93727	0.93750			6
2025.04.23	01:12:34.683	0.93721	0.93743			6
2025.04.23	01:12:35.458	0.93720				2
2025.04.23	01:12:35.848	0.93714	0.93738			6
2025.04.23	01:12:37.078	0.93721	0.93745			6
2025.04.23	01:12:37.381	0.93720				2
2025.04.23	01:12:37.855	0.93725	0.93749			6
2025.04.23	01:12:38.161	0.93726				2
2025.04.23	01:12:39.561	0.93723	0.93747			6
2025.04.23	01:12:39.881	0.93727	0.93750			6
2025.04.23	01:12:40.839	0.93729	0.93751			6
2025.04.23	01:12:42.802	0.93720	0.93745			6
2025.04.23	01:12:43.635	0.93721	0.93743			6
2025.04.23	01:12:43.941	0.93716	0.93741			6
2025.04.23	01:12:44.787	0.93715				2
2025.04.23	01:12:45.188	0.93723	0.93747			6
2025.04.23	01:12:45.628	0.93725	0.93749			6
2025.04.23	01:12:46.483	0.93722	0.93747			6
2025.04.23	01:12:46.911	0.93725	0.93748			6
2025.04.23	01:12:47.304	0.93711	0.93740			6
2025.04.23	01:12:48.843	0.93708	0.93737			6
2025.04.23	01:12:49.149	0.93713	0.93740			6
2025.04.23	01:12:51.534	0.93709	0.93738			6
2025.04.23	01:12:54.090	0.93713	0.93739			6
2025.04.23	01:12:54.398	0.93712				2
2025.04.23	01:12:54.703	0.93713				2
2025.04.23	01:12:55.011	0.93717	0.93741			6
2025.04.23	01:12:55.321	0.93718	0.93742			6
2025.04.23	01:12:55.641		0.93741			4
2025.04.23	01:12:55.960	0.93719	0.93743			6
2025.04.23	01:12:56.261	0.93715	0.93742			6
2025.04.23	01:12:56.590	0.93716				2
2025.04.23	01:12:57.027	0.93713	0.93738			6
2025.04.23	01:12:57.450		0.93739			4
2025.04.23	01:12:58.059		0.93740			4
2025.04.23	01:12:58.471	0.93716	0.93741			6
2025.04.23	01:12:58.803	0.93713	0.93740			6
2025.04.23	01:12:59.105	0.93714				2
2025.04.23	01:13:00.096	0.93712				2
2025.04.23	01:13:00.594	0.93713				2
2025.04.23	01:13:00.899	0.93709	0.93738			6
2025.04.23	01:13:01.803	0.93708	0.93737			6
2025.04.23	01:13:02.797	0.93709				2
2025.04.23	01:13:03.750	0.93707	0.93736			6
2025.04.23	01:13:04.065	0.93695	0.93729			6
2025.04.23	01:13:04.396	0.93697	0.93730			6
2025.04.23	01:13:04.697	0.93699	0.93732			6
2025.04.23	01:13:06.398		0.93731			4
2025.04.23	01:13:06.705	0.93694	0.93726			6
2025.04.23	01:13:07.321		0.93725			4
2025.04.23	01:13:07.639	0.93697	0.93728			6
2025.04.23	01:13:08.012		0.93729			4
2025.04.23	01:13:09.370		0.93728			4
2025.04.23	01:13:10.483	0.93699	0.93723			6
2025.04.23	01:13:10.803		0.93728			4
2025.04.23	01:13:11.849	0.93700	0.93730			6
2025.04.23	01:13:12.326	0.93701				2
2025.04.23	01:13:13.026	0.93699	0.93728			6
2025.04.23	01:13:13.342		0.93729			4
2025.04.23	01:13:14.043	0.93700	0.93730			6
2025.04.23	01:13:14.389	0.93702	0.93731			6
2025.04.23	01:13:15.313		0.93734			4
2025.04.23	01:13:16.211		0.93733			4
2025.04.23	01:13:16.706	0.93696	0.93729			6
2025.04.23	01:13:17.032		0.93728			4
2025.04.23	01:13:17.726	0.93697	0.93729			6
2025.04.23	01:13:18.039	0.93694	0.93727			6
2025.04.23	01:13:18.526	0.93695	0.93728			6
2025.04.23	01:13:18.881	0.93710	0.93737			6
2025.04.23	01:13:19.361	0.93709	0.93738			6
2025.04.23	01:13:20.019	0.93711	0.93740			6
2025.04.23	01:13:20.561	0.93712	0.93739			6
2025.04.23	01:13:20.875	0.93710				2
2025.04.23	01:13:21.198	0.93713	0.93740			6
2025.04.23	01:13:26.126	0.93712	0.93739			6
2025.04.23	01:13:27.458		0.93740			4
2025.04.23	01:13:28.651	0.93709	0.93739			6
2025.04.23	01:13:28.964	0.93708	0.93738			6
2025.04.23	01:13:29.353	0.93709	0.93739			6
2025.04.23	01:13:29.664	0.93712	0.93740			6
2025.04.23	01:13:30.499	0.93709	0.93739			6
2025.04.23	01:13:31.249	0.93716	0.93741			6
2025.04.23	01:13:31.657	0.93712				2
2025.04.23	01:13:32.293	0.93708				2
2025.04.23	01:13:32.790	0.93712				2
2025.04.23	01:13:33.542	0.93704	0.93737			6
2025.04.23	01:13:33.859	0.93703	0.93736			6
2025.04.23	01:13:34.691	0.93706	0.93738			6
2025.04.23	01:13:36.097	0.93708				2
2025.04.23	01:13:38.402	0.93704	0.93737			6
2025.04.23	01:13:39.538	0.93709	0.93739			6
2025.04.23	01:13:39.897		0.93737			4
2025.04.23	01:13:40.345	0.93707				2
2025.04.23	01:13:40.669	0.93709	0.93739			6
2025.04.23	01:13:41.002		0.93740			4
2025.04.23	01:13:41.321	0.93706	0.93737			6
2025.04.23	01:13:41.640	0.93710	0.93740			6
2025.04.23	01:13:41.976		0.93739			4
2025.04.23	01:13:42.301		0.93740			4
2025.04.23	01:13:42.850	0.93713	0.93742			6
2025.04.23	01:13:43.577	0.93714	0.93743			6
2025.04.23	01:13:43.882	0.93717				2
2025.04.23	01:13:44.264	0.93709	0.93740			6
2025.04.23	01:13:49.238	0.93711				2
2025.04.23	01:13:49.548	0.93712				2
2025.04.23	01:13:49.861	0.93709	0.93738			6
2025.04.23	01:13:50.183	0.93711	0.93740			6
2025.04.23	01:13:51.261	0.93710	0.93741			6
2025.04.23	01:13:52.034	0.93708	0.93740			6
2025.04.23	01:13:53.145	0.93709				2
2025.04.23	01:13:53.502	0.93711				2
2025.04.23	01:13:54.849		0.93739			4
2025.04.23	01:13:55.345	0.93710				2
2025.04.23	01:13:57.698	0.93709	0.93738			6
2025.04.23	01:13:59.261		0.93739			4
2025.04.23	01:14:00.419	0.93710				2
2025.04.23	01:14:00.903	0.93712	0.93741			6
2025.04.23	01:14:01.221	0.93708	0.93738			6
2025.04.23	01:14:01.555	0.93707	0.93737			6
2025.04.23	01:14:01.951	0.93704	0.93735			6
2025.04.23	01:14:03.000		0.93736			4
2025.04.23	01:14:03.318	0.93700	0.93733			6
2025.04.23	01:14:04.537	0.93701				2
2025.04.23	01:14:05.253		0.93732			4
2025.04.23	01:14:05.625		0.93733			4
2025.04.23	01:14:06.514	0.93698	0.93730			6
2025.04.23	01:14:06.820		0.93729			4
2025.04.23	01:14:07.152	0.93696	0.93727			6
2025.04.23	01:14:08.142	0.93692	0.93725			6
2025.04.23	01:14:08.458		0.93727			4
2025.04.23	01:14:08.760	0.93690	0.93720			6
2025.04.23	01:14:09.191	0.93684	0.93711			6
2025.04.23	01:14:09.503	0.93686	0.93715			6
2025.04.23	01:14:10.167	0.93682	0.93711			6
2025.04.23	01:14:10.481	0.93683	0.93712			6
2025.04.23	01:14:10.881	0.93684	0.93714			6
2025.04.23	01:14:11.201	0.93685	0.93715			6
2025.04.23	01:14:11.519	0.93687	0.93714			6
2025.04.23	01:14:11.825	0.93683				2
2025.04.23	01:14:12.142	0.93686				2
2025.04.23	01:14:12.460	0.93684				2
2025.04.23	01:14:12.787		0.93713			4
2025.04.23	01:14:15.783	0.93685				2
2025.04.23	01:14:16.472	0.93696	0.93723			6
2025.04.23	01:14:16.788		0.93722			4
2025.04.23	01:14:18.160		0.93723			4
2025.04.23	01:14:19.232	0.93690	0.93717			6
2025.04.23	01:14:19.542	0.93687	0.93713			6
2025.04.23	01:14:20.195	0.93683				2
2025.04.23	01:14:20.706	0.93684				2
2025.04.23	01:14:21.650	0.93685				2
2025.04.23	01:14:22.659		0.93714			4
2025.04.23	01:14:22.970	0.93682	0.93713			6
2025.04.23	01:14:23.323	0.93679	0.93706			6
2025.04.23	01:14:23.814	0.93680	0.93707			6
2025.04.23	01:14:24.288	0.93678	0.93706			6
2025.04.23	01:14:25.507	0.93679				2
2025.04.23	01:14:26.348	0.93675	0.93704			6
2025.04.23	01:14:26.651	0.93678	0.93706			6
2025.04.23	01:14:27.753	0.93675				2
2025.04.23	01:14:28.116	0.93678				2
2025.04.23	01:14:28.641	0.93679	0.93707			6
2025.04.23	01:14:29.009	0.93680	0.93710			6
2025.04.23	01:14:29.378	0.93679	0.93708			6
2025.04.23	01:14:30.161	0.93676	0.93704			6
2025.04.23	01:14:31.273	0.93681	0.93712			6
2025.04.23	01:14:31.638	0.93680				2
2025.04.23	01:14:31.941		0.93708			4
2025.04.23	01:14:33.193	0.93679	0.93707			6
2025.04.23	01:14:34.381	0.93677	0.93704			6
2025.04.23	01:14:36.318		0.93705			4
2025.04.23	01:14:36.738	0.93676				2
2025.04.23	01:14:37.056	0.93673	0.93700			6
2025.04.23	01:14:37.363	0.93675	0.93702			6
2025.04.23	01:14:37.677	0.93674				2
2025.04.23	01:14:38.008	0.93675	0.93703			6
2025.04.23	01:14:38.312		0.93704			4
2025.04.23	01:14:38.655		0.93702			4
2025.04.23	01:14:39.021	0.93671	0.93699			6
2025.04.23	01:14:39.380	0.93673	0.93702			6
2025.04.23	01:14:39.732	0.93668	0.93697			6
2025.04.23	01:14:40.287	0.93674	0.93702			6
2025.04.23	01:14:41.258	0.93672	0.93699			6
2025.04.23	01:14:41.698	0.93668	0.93696			6
2025.04.23	01:14:42.096		0.93695			4
2025.04.23	01:14:46.058	0.93669	0.93697			6
2025.04.23	01:14:46.360	0.93666	0.93694			6
2025.04.23	01:14:47.376	0.93667				2
2025.04.23	01:14:48.532		0.93695			4
2025.04.23	01:14:49.679	0.93676	0.93704			6
2025.04.23	01:14:49.981	0.93678	0.93706			6
2025.04.23	01:14:52.405	0.93679				2
2025.04.23	01:14:53.497	0.93680	0.93708			6
2025.04.23	01:14:54.669		0.93710			4
2025.04.23	01:14:55.444	0.93678	0.93711			6
2025.04.23	01:14:56.910	0.93677	0.93710			6
2025.04.23	01:14:57.237		0.93706			4
2025.04.23	01:14:58.275	0.93674	0.93702			6
2025.04.23	01:14:58.682		0.93706			4
2025.04.23	01:14:58.989	0.93673				2
2025.04.23	01:14:59.314	0.93674	0.93703			6
2025.04.23	01:15:00.378	0.93676	0.93706			6
2025.04.23	01:15:00.680	0.93678	0.93705			6
2025.04.23	01:15:01.011	0.93684	0.93708			6
2025.04.23	01:15:01.315	0.93682				2
2025.04.23	01:15:01.620		0.93707			4
2025.04.23	01:15:02.626	0.93684	0.93710			6
2025.04.23	01:15:02.934		0.93708			4
2025.04.23	01:15:03.859		0.93709			4
2025.04.23	01:15:04.902	0.93696	0.93717			6
2025.04.23	01:15:06.290	0.93707	0.93729			6
2025.04.23	01:15:06.601	0.93706	0.93727			6
2025.04.23	01:15:07.295		0.93729			4
2025.04.23	01:15:07.626	0.93702	0.93724			6
2025.04.23	01:15:07.932	0.93700	0.93723			6
2025.04.23	01:15:08.289		0.93724			4
2025.04.23	01:15:09.312	0.93701				2
2025.04.23	01:15:09.939	0.93707	0.93729			6
2025.04.23	01:15:10.318	0.93713	0.93734			6
2025.04.23	01:15:10.625		0.93733			4
2025.04.23	01:15:11.519	0.93722	0.93743			6
2025.04.23	01:15:12.441	0.93718	0.93740			6
2025.04.23	01:15:12.746	0.93715	0.93739			6
2025.04.23	01:15:13.168		0.93736			4
2025.04.23	01:15:14.019	0.93719	0.93743			6
2025.04.23	01:15:14.648		0.93742			4
2025.04.23	01:15:17.172		0.93741			4
2025.04.23	01:15:17.523		0.93742			4
2025.04.23	01:15:17.858		0.93741			4
2025.04.23	01:15:18.519		0.93742			4
2025.04.23	01:15:19.144	0.93718	0.93741			6
2025.04.23	01:15:20.231	0.93714	0.93735			6
2025.04.23	01:15:20.575	0.93717	0.93738			6
2025.04.23	01:15:20.938	0.93716				2
2025.04.23	01:15:21.240	0.93715	0.93736			6
2025.04.23	01:15:21.924		0.93738			4
2025.04.23	01:15:22.808		0.93734			4
2025.04.23	01:15:23.121	0.93713	0.93737			6
2025.04.23	01:15:24.164	0.93717	0.93739			6
2025.04.23	01:15:25.558	0.93716	0.93738			6
2025.04.23	01:15:25.943	0.93713	0.93736			6
2025.04.23	01:15:26.260		0.93737			4
2025.04.23	01:15:27.707		0.93738			4
2025.04.23	01:15:28.022	0.93712	0.93737			6
2025.04.23	01:15:28.759	0.93716	0.93738			6
2025.04.23	01:15:31.839	0.93721	0.93742			6
2025.04.23	01:15:34.174	0.93716	0.93741			6
2025.04.23	01:15:34.482	0.93717				2
2025.04.23	01:15:35.332	0.93719				2
2025.04.23	01:15:37.744	0.93724	0.93746			6
2025.04.23	01:15:38.061	0.93720	0.93741			6
2025.04.23	01:15:38.377	0.93726	0.93749			6
2025.04.23	01:15:39.350	0.93724	0.93745			6
2025.04.23	01:15:40.058	0.93723	0.93744			6
2025.04.23	01:15:40.506	0.93724	0.93745			6
2025.04.23	01:15:41.524	0.93726	0.93746			6
2025.04.23	01:15:41.880	0.93734	0.93755			6
2025.04.23	01:15:42.182	0.93731	0.93752			6
2025.04.23	01:15:42.558	0.93725	0.93749			6
2025.04.23	01:15:42.860	0.93724	0.93747			6
2025.04.23	01:15:44.013	0.93731	0.93754			6
2025.04.23	01:15:44.321	0.93729	0.93750			6
2025.04.23	01:15:44.723	0.93726				2
2025.04.23	01:15:45.043	0.93724	0.93745			6
2025.04.23	01:15:45.344		0.93746			4
2025.04.23	01:15:45.660	0.93728	0.93749			6
2025.04.23	01:15:46.020		0.93750			4
2025.04.23	01:15:46.321		0.93749			4
2025.04.23	01:15:46.626	0.93729				2
2025.04.23	01:15:47.387	0.93728	0.93750			6
2025.04.23	01:15:47.820	0.93731	0.93753			6
2025.04.23	01:15:48.491	0.93727	0.93745			6
2025.04.23	01:15:48.800	0.93726	0.93746			6
2025.04.23	01:15:49.958	0.93725	0.93745			6
2025.04.23	01:15:50.720	0.93722	0.93742			6
2025.04.23	01:15:51.884	0.93728	0.93747			6
2025.04.23	01:15:52.999		0.93746			4
2025.04.23	01:15:53.437		0.93747			4
2025.04.23	01:15:54.304	0.93725	0.93745			6
2025.04.23	01:15:55.443	0.93721	0.93742			6
2025.04.23	01:15:56.390		0.93741			4
2025.04.23	01:15:56.747	0.93720	0.93742			6
2025.04.23	01:15:57.059		0.93741			4
2025.04.23	01:15:57.402	0.93714	0.93734			6
2025.04.23	01:15:57.755	0.93713				2
2025.04.23	01:15:58.192	0.93707	0.93730			6
2025.04.23	01:15:58.502	0.93711	0.93733			6
2025.04.23	01:15:58.840	0.93709	0.93730			6
2025.04.23	01:15:59.368	0.93705	0.93729			6
2025.04.23	01:16:00.135	0.93705				2
2025.04.23	01:16:01.558	0.93706	0.93728			6
2025.04.23	01:16:01.860	0.93710	0.93732			6
2025.04.23	01:16:02.415	0.93706	0.93730			6
2025.04.23	01:16:02.924	0.93707				2
2025.04.23	01:16:03.242	0.93703	0.93727			6
2025.04.23	01:16:03.544	0.93696	0.93719			6
2025.04.23	01:16:03.963		0.93720			4
2025.04.23	01:16:04.332	0.93688	0.93708			6
2025.04.23	01:16:04.641	0.93684	0.93704			6
2025.04.23	01:16:04.955		0.93705			4
2025.04.23	01:16:05.517	0.93682				2
2025.04.23	01:16:05.823	0.93680	0.93703			6
2025.04.23	01:16:06.941	0.93679	0.93702			6
2025.04.23	01:16:07.246	0.93690	0.93712			6
2025.04.23	01:16:07.574	0.93689	0.93709			6
2025.04.23	01:16:08.109	0.93688				2
2025.04.23	01:16:09.370	0.93681	0.93703			6
2025.04.23	01:16:10.288	0.93689	0.93710			6
2025.04.23	01:16:10.600	0.93698	0.93712			6
2025.04.23	01:16:10.921	0.93697	0.93716			6
2025.04.23	01:16:11.224	0.93696				2
2025.04.23	01:16:11.614	0.93691	0.93711			6
2025.04.23	01:16:11.920	0.93692				2
2025.04.23	01:16:12.238	0.93699	0.93719			6
2025.04.23	01:16:12.539	0.93695	0.93717			6
2025.04.23	01:16:12.840		0.93715			4
2025.04.23	01:16:13.261		0.93714			4
2025.04.23	01:16:13.630	0.93689	0.93709			6
2025.04.23	01:16:13.941	0.93687	0.93707			6
2025.04.23	01:16:14.256	0.93691	0.93709			6
2025.04.23	01:16:14.560		0.93710			4
2025.04.23	01:16:15.155	0.93690	0.93709			6
2025.04.23	01:16:15.467	0.93692				2
2025.04.23	01:16:16.175	0.93690	0.93710			6
2025.04.23	01:16:17.346	0.93680	0.93700			6
2025.04.23	01:16:17.665	0.93682	0.93702			6
2025.04.23	01:16:18.067	0.93690	0.93708			6
2025.04.23	01:16:18.381	0.93689	0.93711			6
2025.04.23	01:16:18.703		0.93709			4
2025.04.23	01:16:19.359	0.93688	0.93708			6
2025.04.23	01:16:19.886	0.93691				2
2025.04.23	01:16:20.738	0.93695	0.93713			6
2025.04.23	01:16:21.045		0.93712			4
2025.04.23	01:16:21.384	0.93693				2
2025.04.23	01:16:21.686	0.93697	0.93717			6
2025.04.23	01:16:22.016	0.93696	0.93715			6
2025.04.23	01:16:24.246	0.93697	0.93717			6
2025.04.23	01:16:24.559		0.93718			4
2025.04.23	01:16:24.940	0.93698	0.93719			6
2025.04.23	01:16:25.619	0.93696	0.93717			6
2025.04.23	01:16:26.259	0.93697	0.93720			6
2025.04.23	01:16:26.571	0.93693	0.93714			6
2025.04.23	01:16:26.882		0.93713			4
2025.04.23	01:16:27.211	0.93694	0.93715			6
2025.04.23	01:16:27.596	0.93693	0.93713			6
2025.04.23	01:16:27.932	0.93691	0.93711			6
2025.04.23	01:16:28.659	0.93679	0.93699			6
2025.04.23	01:16:29.047	0.93678	0.93702			6
2025.04.23	01:16:30.053		0.93699			4
2025.04.23	01:16:30.759	0.93677	0.93698			6
2025.04.23	01:16:31.900		0.93697			4
2025.04.23	01:16:32.453	0.93688	0.93708			6
2025.04.23	01:16:32.777	0.93685	0.93703			6
2025.04.23	01:16:33.079	0.93690	0.93708			6
2025.04.23	01:16:33.708	0.93693	0.93711			6
2025.04.23	01:16:34.021		0.93713			4
2025.04.23	01:16:34.679	0.93692	0.93711			6
2025.04.23	01:16:35.465	0.93697	0.93715			6
2025.04.23	01:16:35.775		0.93714			4
2025.04.23	01:16:36.078	0.93696	0.93713			6
2025.04.23	01:16:36.558		0.93714			4
2025.04.23	01:16:37.455	0.93700	0.93721			6
2025.04.23	01:16:37.760		0.93720			4
2025.04.23	01:16:38.392	0.93705	0.93725			6
2025.04.23	01:16:38.771	0.93707	0.93727			6
2025.04.23	01:16:39.275	0.93705	0.93726			6
