<DATE>	<TIME>	<BID>	<ASK>	<LAST>	<VOLUME>	<FLAGS>
2025.12.30	00:03:30.651	0.92871	0.92944			6
2025.12.30	00:05:00.606	0.92869	0.92991			6
2025.12.30	00:06:10.533	0.92869	0.92991			6
2025.12.30	00:07:00.954	0.92869				2
2025.12.30	00:07:15.804		0.92991			4
2025.12.30	00:08:09.427	0.92869				2
2025.12.30	00:08:15.919		0.92991			4
2025.12.30	00:09:00.404	0.92869				2
2025.12.30	00:09:20.954		0.92991			4
2025.12.30	00:10:11.775	0.92876	0.92984			6
2025.12.30	00:11:05.501	0.92869	0.92991			6
2025.12.30	00:11:07.739	0.92876	0.92984			6
2025.12.30	00:11:08.735	0.92869	0.92991			6
2025.12.30	00:11:13.988	0.92876	0.92984			6
2025.12.30	00:11:14.973	0.92869	0.92991			6
2025.12.30	00:11:20.927	0.92876	0.92984			6
2025.12.30	00:11:21.935	0.92869	0.92991			6
2025.12.30	00:11:27.176	0.92876	0.92984			6
2025.12.30	00:11:28.171	0.92869	0.92991			6
2025.12.30	00:11:33.425	0.92876	0.92984			6
2025.12.30	00:11:34.441	0.92869	0.92991			6
2025.12.30	00:12:20.535	0.92869				2
2025.12.30	00:12:43.427		0.92991			4
2025.12.30	00:13:00.534	0.92869				2
2025.12.30	00:14:10.535	0.92869	0.92991			6
2025.12.30	00:15:00.307	0.92889	0.92971			6
2025.12.30	00:16:00.682	0.92869	0.92991			6
2025.12.30	00:16:02.685	0.92885	0.92975			6
2025.12.30	00:16:20.695	0.92896	0.92980			6
2025.12.30	00:16:21.199	0.92889	0.92971			6
2025.12.30	00:16:24.542	0.92896	0.92979			6
2025.12.30	00:17:00.946	0.92896				2
2025.12.30	00:17:50.539		0.92979			4
2025.12.30	00:17:56.224	0.92869	0.92991			6
2025.12.30	00:17:56.625	0.92887	0.92983			6
2025.12.30	00:18:10.941	0.92894	0.92978			6
2025.12.30	00:18:11.644	0.92896	0.92979			6
2025.12.30	00:18:30.640	0.92890	0.92973			6
2025.12.30	00:19:00.534	0.92890				2
2025.12.30	00:19:43.740		0.92973			4
2025.12.30	00:20:10.946	0.92890				2
2025.12.30	00:20:20.958	0.92888	0.92972			6
2025.12.30	00:21:00.120	0.92888				2
2025.12.30	00:21:11.090	0.92883	0.92977			6
2025.12.30	00:21:31.683	0.92884	0.92974			6
2025.12.30	00:22:10.947	0.92884				2
2025.12.30	00:22:40.534		0.92974			4
2025.12.30	00:23:00.946	0.92884				2
2025.12.30	00:23:50.545		0.92974			4
2025.12.30	00:24:10.945	0.92884				2
2025.12.30	00:24:59.412		0.92974			4
2025.12.30	00:25:02.204	0.92884				2
2025.12.30	00:26:03.426	0.92884	0.92974			6
2025.12.30	00:27:00.903	0.92884				2
2025.12.30	00:27:02.104		0.92973			4
2025.12.30	00:27:05.402		0.92966			4
2025.12.30	00:27:12.070		0.92965			4
2025.12.30	00:27:29.102		0.92966			4
2025.12.30	00:27:36.604		0.92965			4
2025.12.30	00:27:42.301		0.92966			4
2025.12.30	00:28:03.426	0.92884				2
2025.12.30	00:28:49.802		0.92966			4
2025.12.30	00:28:55.919		0.92967			4
2025.12.30	00:29:01.468	0.92884	0.92968			6
2025.12.30	00:29:01.777	0.92888				2
2025.12.30	00:29:10.625	0.92889				2
2025.12.30	00:29:27.602		0.92967			4
2025.12.30	00:29:32.064		0.92966			4
2025.12.30	00:29:42.069		0.92968			4
2025.12.30	00:30:00.304	0.92889				2
2025.12.30	00:30:00.924		0.92972			4
2025.12.30	00:30:02.468		0.92971			4
2025.12.30	00:30:03.302		0.92972			4
2025.12.30	00:30:06.905		0.92971			4
2025.12.30	00:30:08.332	0.92887	0.92968			6
2025.12.30	00:30:13.267		0.92970			4
2025.12.30	00:30:15.690		0.92968			4
2025.12.30	00:30:16.060		0.92969			4
2025.12.30	00:30:17.148		0.92970			4
2025.12.30	00:30:19.090	0.92871	0.92955			6
2025.12.30	00:30:19.588	0.92873				2
2025.12.30	00:30:19.968	0.92872	0.92954			6
2025.12.30	00:30:20.386	0.92878	0.92961			6
2025.12.30	00:30:20.888	0.92868	0.92949			6
2025.12.30	00:30:21.386	0.92876	0.92958			6
2025.12.30	00:30:21.887	0.92868	0.92949			6
2025.12.30	00:30:22.334	0.92876	0.92957			6
2025.12.30	00:30:22.831	0.92869	0.92949			6
2025.12.30	00:30:23.334	0.92877	0.92959			6
2025.12.30	00:30:23.743	0.92870	0.92952			6
2025.12.30	00:30:24.193	0.92883	0.92964			6
2025.12.30	00:30:24.743	0.92868	0.92949			6
2025.12.30	00:30:25.045	0.92877	0.92959			6
2025.12.30	00:30:25.547	0.92868	0.92949			6
2025.12.30	00:30:25.861	0.92876	0.92958			6
2025.12.30	00:30:26.262	0.92878	0.92960			6
2025.12.30	00:30:26.563	0.92879	0.92961			6
2025.12.30	00:30:27.044	0.92868	0.92949			6
2025.12.30	00:30:27.549	0.92877	0.92959			6
2025.12.30	00:30:28.044	0.92868	0.92949			6
2025.12.30	00:30:28.354	0.92874	0.92956			6
2025.12.30	00:30:28.741	0.92877	0.92960			6
2025.12.30	00:30:29.200	0.92869	0.92949			6
2025.12.30	00:30:29.856	0.92876	0.92958			6
2025.12.30	00:30:30.197	0.92869	0.92949			6
2025.12.30	00:30:30.860	0.92876	0.92958			6
2025.12.30	00:30:31.356	0.92868	0.92949			6
2025.12.30	00:30:31.762	0.92876	0.92958			6
2025.12.30	00:30:32.356	0.92868	0.92949			6
2025.12.30	00:30:32.690	0.92876	0.92958			6
2025.12.30	00:30:33.358	0.92868	0.92949			6
2025.12.30	00:30:33.863	0.92876	0.92958			6
2025.12.30	00:30:34.358	0.92868	0.92949			6
2025.12.30	00:30:34.865	0.92876	0.92958			6
2025.12.30	00:30:35.358	0.92868	0.92949			6
2025.12.30	00:30:35.863	0.92876	0.92958			6
2025.12.30	00:30:36.304	0.92868	0.92949			6
2025.12.30	00:30:36.764	0.92875	0.92957			6
2025.12.30	00:30:37.167	0.92868	0.92949			6
2025.12.30	00:30:37.858	0.92874	0.92957			6
2025.12.30	00:30:38.357	0.92888	0.92965			6
2025.12.30	00:30:38.659	0.92876	0.92958			6
2025.12.30	00:30:39.162	0.92869	0.92949			6
2025.12.30	00:30:39.675	0.92875	0.92958			6
2025.12.30	00:30:40.163	0.92869	0.92949			6
2025.12.30	00:30:40.669	0.92874	0.92957			6
2025.12.30	00:30:41.165	0.92868	0.92949			6
2025.12.30	00:30:41.699	0.92872	0.92956			6
2025.12.30	00:30:42.163	0.92878	0.92960			6
2025.12.30	00:30:42.937	0.92869	0.92949			6
2025.12.30	00:30:43.340	0.92875	0.92957			6
2025.12.30	00:30:43.804	0.92888	0.92960			6
2025.12.30	00:30:44.118	0.92869	0.92949			6
2025.12.30	00:30:44.542	0.92874	0.92957			6
2025.12.30	00:30:44.993	0.92883	0.92964			6
2025.12.30	00:30:45.299	0.92876	0.92959			6
2025.12.30	00:30:45.607	0.92875	0.92957			6
2025.12.30	00:30:46.111	0.92869	0.92949			6
2025.12.30	00:30:46.628	0.92872	0.92955			6
2025.12.30	00:30:47.110	0.92883	0.92960			6
2025.12.30	00:30:47.417	0.92881	0.92963			6
2025.12.30	00:30:47.811	0.92875	0.92957			6
2025.12.30	00:30:48.518	0.92874	0.92955			6
2025.12.30	00:30:48.830	0.92881	0.92962			6
2025.12.30	00:30:49.182	0.92875	0.92957			6
2025.12.30	00:30:49.801	0.92868	0.92949			6
2025.12.30	00:30:50.389	0.92874	0.92956			6
2025.12.30	00:30:50.875	0.92868	0.92950			6
2025.12.30	00:30:51.377	0.92873	0.92956			6
2025.12.30	00:30:51.875	0.92868	0.92950			6
2025.12.30	00:30:52.206	0.92874	0.92955			6
2025.12.30	00:30:52.851	0.92868	0.92949			6
2025.12.30	00:30:53.175	0.92872	0.92954			6
2025.12.30	00:30:53.892	0.92876	0.92958			6
2025.12.30	00:30:54.199	0.92868	0.92949			6
2025.12.30	00:30:54.807	0.92873	0.92955			6
2025.12.30	00:30:55.117	0.92868	0.92949			6
2025.12.30	00:30:55.810	0.92875	0.92957			6
2025.12.30	00:30:56.303	0.92868	0.92949			6
2025.12.30	00:30:56.809	0.92873	0.92955			6
2025.12.30	00:30:57.266	0.92868	0.92949			6
2025.12.30	00:30:57.739	0.92874	0.92956			6
2025.12.30	00:30:58.226	0.92877	0.92959			6
2025.12.30	00:30:58.974	0.92868	0.92949			6
2025.12.30	00:30:59.454	0.92875	0.92957			6
2025.12.30	00:30:59.760	0.92869	0.92949			6
2025.12.30	00:31:00.061	0.92869				2
2025.12.30	00:31:00.447	0.92875	0.92958			6
2025.12.30	00:31:00.765	0.92869	0.92951			6
2025.12.30	00:31:01.413	0.92876	0.92958			6
2025.12.30	00:31:01.718	0.92869	0.92951			6
2025.12.30	00:31:02.023	0.92868	0.92949			6
2025.12.30	00:31:02.338	0.92875	0.92957			6
2025.12.30	00:31:02.957	0.92868	0.92950			6
2025.12.30	00:31:03.264	0.92875	0.92957			6
2025.12.30	00:31:03.890	0.92868	0.92949			6
2025.12.30	00:31:04.221	0.92874	0.92957			6
2025.12.30	00:31:04.828	0.92868	0.92950			6
2025.12.30	00:31:05.139	0.92874	0.92957			6
2025.12.30	00:31:05.818	0.92868	0.92949			6
2025.12.30	00:31:06.144	0.92877	0.92959			6
2025.12.30	00:31:06.750	0.92868	0.92949			6
2025.12.30	00:31:07.096	0.92871	0.92954			6
2025.12.30	00:31:07.398	0.92878	0.92958			6
2025.12.30	00:31:08.018	0.92869	0.92951			6
2025.12.30	00:31:09.604	0.92874	0.92956			6
2025.12.30	00:31:19.698		0.92958			4
2025.12.30	00:31:47.352		0.92955			4
2025.12.30	00:32:00.902	0.92874				2
2025.12.30	00:32:22.774	0.92872	0.92954			6
2025.12.30	00:33:00.735	0.92872				2
2025.12.30	00:33:24.075		0.92954			4
2025.12.30	00:33:30.224	0.92869	0.92952			6
2025.12.30	00:33:32.213		0.92950			4
2025.12.30	00:33:37.670	0.92870	0.92952			6
2025.12.30	00:34:00.953	0.92870				2
2025.12.30	00:34:07.441	0.92869	0.92953			6
2025.12.30	00:34:16.757	0.92872	0.92954			6
2025.12.30	00:34:59.775	0.92870	0.92953			6
2025.12.30	00:35:06.653	0.92870				2
2025.12.30	00:36:00.904	0.92870	0.92953			6
2025.12.30	00:36:13.791		0.92951			4
2025.12.30	00:36:30.170	0.92869	0.92953			6
2025.12.30	00:36:30.703	0.92873	0.92956			6
2025.12.30	00:36:45.805	0.92876	0.92949			6
2025.12.30	00:36:46.222	0.92872	0.92950			6
2025.12.30	00:36:46.591		0.92949			4
2025.12.30	00:37:01.034	0.92872				2
2025.12.30	00:37:11.370	0.92873				2
2025.12.30	00:37:12.061	0.92872	0.92953			6
2025.12.30	00:37:21.070	0.92873	0.92949			6
2025.12.30	00:37:32.112	0.92872	0.92951			6
2025.12.30	00:37:44.803		0.92953			4
2025.12.30	00:37:50.471	0.92854	0.92966			6
2025.12.30	00:37:50.787	0.92855	0.92967			6
2025.12.30	00:37:52.022	0.92854	0.92966			6
2025.12.30	00:37:53.924	0.92873	0.92950			6
2025.12.30	00:37:57.425	0.92874	0.92949			6
2025.12.30	00:38:00.709	0.92874				2
2025.12.30	00:38:03.178	0.92873	0.92950			6
2025.12.30	00:38:12.058	0.92874	0.92949			6
2025.12.30	00:38:15.024	0.92873	0.92953			6
2025.12.30	00:38:18.547	0.92874	0.92949			6
2025.12.30	00:38:31.212	0.92873	0.92950			6
2025.12.30	00:38:35.539	0.92874	0.92954			6
2025.12.30	00:38:35.951	0.92875	0.92953			6
2025.12.30	00:38:42.060		0.92952			4
2025.12.30	00:38:44.375	0.92876	0.92950			6
2025.12.30	00:39:00.450	0.92876	0.92953			6
2025.12.30	00:39:00.902	0.92878	0.92952			6
2025.12.30	00:39:02.774	0.92880	0.92953			6
2025.12.30	00:39:04.502	0.92879	0.92952			6
2025.12.30	00:39:12.054		0.92959			4
2025.12.30	00:39:12.683		0.92961			4
2025.12.30	00:39:13.025	0.92881	0.92958			6
2025.12.30	00:39:13.558	0.92883	0.92955			6
2025.12.30	00:39:14.191		0.92956			4
2025.12.30	00:39:28.028		0.92960			4
2025.12.30	00:39:30.772	0.92885	0.92959			6
2025.12.30	00:39:32.064		0.92958			4
2025.12.30	00:39:42.070	0.92884	0.92959			6
2025.12.30	00:39:43.030		0.92958			4
2025.12.30	00:39:52.064	0.92885				2
2025.12.30	00:39:58.030		0.92959			4
2025.12.30	00:40:00.946	0.92885				2
2025.12.30	00:40:08.328		0.92958			4
2025.12.30	00:40:10.451	0.92875	0.92953			6
2025.12.30	00:40:12.057	0.92871	0.92956			6
2025.12.30	00:40:12.357	0.92881	0.92953			6
2025.12.30	00:40:12.815		0.92963			4
2025.12.30	00:40:15.804	0.92871	0.92959			6
2025.12.30	00:40:16.471	0.92875	0.92960			6
2025.12.30	00:40:17.774	0.92881	0.92961			6
2025.12.30	00:40:18.082	0.92870	0.92955			6
2025.12.30	00:40:18.473	0.92871	0.92956			6
2025.12.30	00:40:18.973		0.92958			4
2025.12.30	00:40:22.057	0.92870	0.92954			6
2025.12.30	00:40:23.470	0.92879	0.92953			6
2025.12.30	00:40:31.022	0.92878	0.92955			6
2025.12.30	00:40:32.064		0.92958			4
2025.12.30	00:40:39.884		0.92956			4
2025.12.30	00:40:42.071		0.92955			4
2025.12.30	00:40:47.145	0.92855	0.92967			6
2025.12.30	00:40:47.471	0.92863	0.92987			6
2025.12.30	00:40:49.025		0.92986			4
2025.12.30	00:40:50.580	0.92878	0.92955			6
2025.12.30	00:40:51.272	0.92881	0.92954			6
2025.12.30	00:40:52.282	0.92880	0.92957			6
2025.12.30	00:40:53.770	0.92883	0.92956			6
2025.12.30	00:41:00.535	0.92883				2
2025.12.30	00:41:02.480	0.92880	0.92957			6
2025.12.30	00:41:03.012	0.92881	0.92955			6
2025.12.30	00:41:12.056	0.92880	0.92961			6
2025.12.30	00:41:17.353	0.92877	0.92964			6
2025.12.30	00:41:22.060	0.92878	0.92958			6
2025.12.30	00:41:31.295	0.92877	0.92960			6
2025.12.30	00:41:31.753		0.92961			4
2025.12.30	00:41:32.479	0.92880	0.92962			6
2025.12.30	00:41:32.887	0.92884	0.92964			6
2025.12.30	00:41:39.602		0.92965			4
2025.12.30	00:41:41.563	0.92885	0.92964			6
2025.12.30	00:41:41.877		0.92971			4
2025.12.30	00:41:43.070	0.92884	0.92973			6
2025.12.30	00:41:43.565	0.92881	0.92966			6
2025.12.30	00:41:44.628	0.92879	0.92961			6
2025.12.30	00:41:47.813		0.92959			4
2025.12.30	00:41:48.121	0.92880	0.92966			6
2025.12.30	00:41:48.524	0.92881				2
2025.12.30	00:41:52.753	0.92879	0.92959			6
2025.12.30	00:41:54.650	0.92882	0.92966			6
2025.12.30	00:42:00.104	0.92880				2
2025.12.30	00:42:00.444	0.92882				2
2025.12.30	00:42:01.833	0.92879	0.92962			6
2025.12.30	00:42:02.141		0.92961			4
2025.12.30	00:42:03.895		0.92958			4
2025.12.30	00:42:06.125		0.92959			4
2025.12.30	00:42:14.685		0.92960			4
2025.12.30	00:42:15.082		0.92961			4
2025.12.30	00:42:16.902		0.92960			4
2025.12.30	00:42:18.025	0.92882	0.92966			6
2025.12.30	00:42:23.919	0.92878	0.92960			6
2025.12.30	00:42:25.504		0.92961			4
2025.12.30	00:42:29.729	0.92881	0.92966			6
2025.12.30	00:42:33.291		0.92968			4
2025.12.30	00:42:33.641	0.92880	0.92965			6
2025.12.30	00:42:34.725	0.92881				2
2025.12.30	00:42:36.725	0.92882				2
2025.12.30	00:42:41.824	0.92876	0.92960			6
2025.12.30	00:42:43.063		0.92959			4
2025.12.30	00:42:44.757		0.92960			4
2025.12.30	00:42:46.518	0.92882	0.92965			6
2025.12.30	00:42:52.977	0.92883				2
2025.12.30	00:42:54.273	0.92876	0.92960			6
2025.12.30	00:42:55.130	0.92875	0.92957			6
2025.12.30	00:43:02.062	0.92875	0.92958			6
2025.12.30	00:43:05.781	0.92878	0.92963			6
2025.12.30	00:43:08.408	0.92879				2
2025.12.30	00:43:11.598	0.92881				2
2025.12.30	00:43:15.819	0.92874	0.92959			6
2025.12.30	00:43:21.603		0.92958			4
2025.12.30	00:43:26.687	0.92875				2
2025.12.30	00:43:30.982	0.92874				2
2025.12.30	00:43:36.545	0.92881	0.92961			6
2025.12.30	00:43:41.680	0.92874	0.92958			6
2025.12.30	00:43:47.038	0.92873	0.92957			6
2025.12.30	00:43:52.060	0.92872				2
2025.12.30	00:44:00.803	0.92872				2
2025.12.30	00:44:02.150		0.92956			4
2025.12.30	00:44:13.518		0.92959			4
2025.12.30	00:44:16.503		0.92958			4
2025.12.30	00:44:20.403		0.92959			4
2025.12.30	00:44:26.623		0.92958			4
2025.12.30	00:44:30.381		0.92959			4
2025.12.30	00:44:40.201		0.92958			4
2025.12.30	00:44:41.925		0.92959			4
2025.12.30	00:44:45.601		0.92958			4
2025.12.30	00:45:00.945	0.92872				2
2025.12.30	00:45:03.210	0.92840	0.92967			6
2025.12.30	00:45:06.664	0.92872	0.92958			6
2025.12.30	00:45:12.074	0.92890	0.92940			6
2025.12.30	00:45:15.070	0.92892				2
2025.12.30	00:45:52.132		0.92941			4
2025.12.30	00:45:56.855		0.92940			4
2025.12.30	00:45:57.465	0.92897	0.92944			6
2025.12.30	00:46:04.111	0.92888	0.92969			6
2025.12.30	00:46:05.036	0.92858	0.92948			6
2025.12.30	00:46:05.360	0.92860	0.92947			6
2025.12.30	00:46:06.922	0.92861	0.92946			6
2025.12.30	00:46:07.548	0.92898	0.92940			6
2025.12.30	00:46:07.857	0.92900	0.92942			6
2025.12.30	00:46:08.170	0.92887	0.92936			6
2025.12.30	00:46:08.690		0.92935			4
2025.12.30	00:46:10.803		0.92933			4
2025.12.30	00:46:15.171		0.92936			4
2025.12.30	00:46:15.674		0.92934			4
2025.12.30	00:46:19.199	0.92891	0.92938			6
2025.12.30	00:46:20.342	0.92884	0.92933			6
2025.12.30	00:46:20.889		0.92932			4
2025.12.30	00:46:21.279		0.92930			4
2025.12.30	00:46:21.784		0.92931			4
2025.12.30	00:46:22.284		0.92935			4
2025.12.30	00:46:22.678		0.92931			4
2025.12.30	00:46:26.724	0.92886	0.92934			6
2025.12.30	00:46:28.472		0.92933			4
2025.12.30	00:46:33.426		0.92932			4
2025.12.30	00:46:35.129		0.92933			4
2025.12.30	00:46:46.704		0.92932			4
2025.12.30	00:46:47.518		0.92933			4
2025.12.30	00:46:54.119		0.92932			4
2025.12.30	00:47:03.205	0.92866	0.92942			6
2025.12.30	00:47:06.666	0.92886	0.92933			6
2025.12.30	00:47:20.543		0.92935			4
2025.12.30	00:47:21.477		0.92934			4
2025.12.30	00:47:23.342		0.92933			4
2025.12.30	00:47:23.842		0.92935			4
2025.12.30	00:47:31.854		0.92934			4
2025.12.30	00:47:51.305		0.92935			4
2025.12.30	00:47:52.063		0.92934			4
2025.12.30	00:47:56.401		0.92935			4
2025.12.30	00:48:00.534	0.92886				2
2025.12.30	00:48:02.064		0.92934			4
2025.12.30	00:48:03.650		0.92935			4
2025.12.30	00:48:07.049	0.92890	0.92939			6
2025.12.30	00:48:16.495	0.92891				2
2025.12.30	00:48:26.602		0.92935			4
2025.12.30	00:48:30.220		0.92964			4
2025.12.30	00:48:32.574		0.92935			4
2025.12.30	00:48:35.459		0.92936			4
2025.12.30	00:48:40.004		0.92935			4
2025.12.30	00:48:44.942		0.92933			4
2025.12.30	00:48:48.377		0.92938			4
2025.12.30	00:48:49.116	0.92887	0.92933			6
2025.12.30	00:48:49.477	0.92886	0.92932			6
2025.12.30	00:48:50.874	0.92887	0.92933			6
2025.12.30	00:48:52.001	0.92883				2
2025.12.30	00:48:54.429	0.92884				2
2025.12.30	00:48:55.219	0.92882				2
2025.12.30	00:48:55.704	0.92884				2
2025.12.30	00:48:59.942	0.92885				2
2025.12.30	00:49:00.534	0.92886				2
2025.12.30	00:49:05.468	0.92883	0.92932			6
2025.12.30	00:49:05.802	0.92879				2
2025.12.30	00:49:10.535	0.92877				2
2025.12.30	00:49:10.850	0.92883				2
2025.12.30	00:49:14.370	0.92886	0.92933			6
2025.12.30	00:49:15.455	0.92882				2
2025.12.30	00:49:17.725	0.92885				2
2025.12.30	00:49:18.050	0.92884				2
2025.12.30	00:49:25.483	0.92885				2
2025.12.30	00:49:25.992	0.92883				2
2025.12.30	00:49:28.047	0.92882				2
2025.12.30	00:49:32.839	0.92884				2
2025.12.30	00:49:36.472	0.92882				2
2025.12.30	00:49:38.274	0.92883				2
2025.12.30	00:49:45.462	0.92885				2
2025.12.30	00:49:52.132	0.92886				2
2025.12.30	00:49:52.767	0.92887				2
2025.12.30	00:49:55.475	0.92885				2
2025.12.30	00:50:00.532	0.92885				2
2025.12.30	00:50:02.654	0.92883	0.92935			6
2025.12.30	00:50:03.593	0.92888	0.92937			6
2025.12.30	00:50:03.948	0.92891	0.92938			6
2025.12.30	00:50:05.505		0.92937			4
2025.12.30	00:50:07.254	0.92890	0.92938			6
2025.12.30	00:50:07.755		0.92936			4
2025.12.30	00:50:09.904		0.92937			4
2025.12.30	00:50:12.378		0.92938			4
2025.12.30	00:50:22.885	0.92883	0.92936			6
2025.12.30	00:50:24.897		0.92935			4
2025.12.30	00:50:27.894		0.92934			4
2025.12.30	00:50:28.601	0.92884	0.92936			6
2025.12.30	00:50:30.382	0.92890				2
2025.12.30	00:50:32.066		0.92937			4
2025.12.30	00:50:34.825		0.92935			4
2025.12.30	00:50:35.826		0.92937			4
2025.12.30	00:50:40.503		0.92938			4
2025.12.30	00:50:44.404		0.92937			4
2025.12.30	00:50:52.070		0.92936			4
2025.12.30	00:50:57.839		0.92938			4
2025.12.30	00:51:00.674	0.92890	0.92937			6
2025.12.30	00:51:06.254		0.92938			4
2025.12.30	00:51:18.799		0.92937			4
2025.12.30	00:51:27.073		0.92938			4
2025.12.30	00:51:30.946		0.92936			4
2025.12.30	00:51:44.308		0.92937			4
2025.12.30	00:51:46.973		0.92938			4
2025.12.30	00:51:51.302		0.92937			4
2025.12.30	00:52:01.791	0.92890				2
2025.12.30	00:52:06.607		0.92938			4
2025.12.30	00:52:07.446		0.92939			4
2025.12.30	00:52:16.016		0.92938			4
2025.12.30	00:52:16.325		0.92939			4
2025.12.30	00:52:17.103		0.92938			4
2025.12.30	00:52:17.783		0.92939			4
2025.12.30	00:52:18.488	0.92888				2
2025.12.30	00:52:19.503		0.92938			4
2025.12.30	00:52:21.901		0.92939			4
2025.12.30	00:52:27.777		0.92940			4
2025.12.30	00:52:32.409		0.92939			4
2025.12.30	00:52:33.695		0.92940			4
2025.12.30	00:52:36.497		0.92939			4
2025.12.30	00:52:41.703		0.92938			4
2025.12.30	00:52:47.287		0.92936			4
2025.12.30	00:52:47.594		0.92937			4
2025.12.30	00:52:48.768		0.92938			4
2025.12.30	00:52:54.605		0.92939			4
2025.12.30	00:52:57.307		0.92938			4
2025.12.30	00:52:57.638		0.92939			4
2025.12.30	00:53:00.412	0.92888	0.92937			6
2025.12.30	00:53:00.716		0.92939			4
2025.12.30	00:53:02.989		0.92937			4
2025.12.30	00:53:07.331		0.92936			4
2025.12.30	00:53:08.539	0.92886	0.92934			6
2025.12.30	00:53:09.041	0.92887				2
2025.12.30	00:53:11.102		0.92933			4
2025.12.30	00:53:12.868	0.92889	0.92934			6
2025.12.30	00:53:13.366	0.92886	0.92933			6
2025.12.30	00:53:22.065		0.92934			4
2025.12.30	00:53:46.210		0.92932			4
2025.12.30	00:53:47.456		0.92931			4
2025.12.30	00:53:56.209		0.92933			4
2025.12.30	00:53:59.702		0.92934			4
2025.12.30	00:54:02.697	0.92886				2
2025.12.30	00:54:11.851		0.92933			4
2025.12.30	00:54:28.591		0.92932			4
2025.12.30	00:54:40.503		0.92933			4
2025.12.30	00:54:48.111		0.92940			4
2025.12.30	00:55:00.623	0.92886	0.92943			6
2025.12.30	00:55:01.804	0.92889				2
2025.12.30	00:55:09.003		0.92947			4
2025.12.30	00:55:09.320	0.92892	0.92950			6
2025.12.30	00:55:09.654	0.92889	0.92943			6
2025.12.30	00:55:10.213	0.92891	0.92949			6
2025.12.30	00:55:15.004		0.92939			4
2025.12.30	00:55:16.539		0.92938			4
2025.12.30	00:55:19.897		0.92942			4
2025.12.30	00:55:25.453	0.92898	0.92943			6
2025.12.30	00:55:26.424	0.92894	0.92946			6
2025.12.30	00:55:27.461	0.92895				2
2025.12.30	00:55:27.962	0.92891				2
2025.12.30	00:55:28.460	0.92894				2
2025.12.30	00:55:28.766	0.92890				2
2025.12.30	00:55:29.461	0.92892				2
2025.12.30	00:55:29.967	0.92893				2
2025.12.30	00:55:31.499		0.92945			4
2025.12.30	00:55:33.639	0.92900	0.92946			6
2025.12.30	00:55:34.421	0.92893				2
2025.12.30	00:55:34.731	0.92890	0.92948			6
2025.12.30	00:55:35.053	0.92898				2
2025.12.30	00:55:36.391	0.92897	0.92946			6
2025.12.30	00:55:36.940		0.92948			4
2025.12.30	00:55:37.743		0.92947			4
2025.12.30	00:55:38.891	0.92898	0.92949			6
2025.12.30	00:55:39.385	0.92893	0.92950			6
2025.12.30	00:55:39.696		0.92946			4
2025.12.30	00:55:40.390	0.92896	0.92947			6
2025.12.30	00:55:40.891	0.92892				2
2025.12.30	00:55:41.391	0.92897	0.92943			6
2025.12.30	00:55:41.717		0.92944			4
2025.12.30	00:55:42.025		0.92943			4
2025.12.30	00:55:42.351	0.92886				2
2025.12.30	00:55:42.677	0.92893				2
2025.12.30	00:55:43.801		0.92942			4
2025.12.30	00:55:44.485		0.92944			4
2025.12.30	00:55:44.829		0.92943			4
2025.12.30	00:55:47.702	0.92889				2
2025.12.30	00:55:48.005	0.92885	0.92942			6
2025.12.30	00:55:48.320	0.92891	0.92943			6
2025.12.30	00:55:49.896	0.92892	0.92947			6
2025.12.30	00:55:50.409		0.92946			4
2025.12.30	00:55:50.909	0.92891				2
2025.12.30	00:55:51.390	0.92888	0.92944			6
2025.12.30	00:55:51.909	0.92893	0.92947			6
2025.12.30	00:55:52.394	0.92888	0.92945			6
2025.12.30	00:55:53.408	0.92894	0.92948			6
2025.12.30	00:55:53.910	0.92886	0.92943			6
2025.12.30	00:55:54.235	0.92891	0.92947			6
2025.12.30	00:55:58.774	0.92895	0.92948			6
2025.12.30	00:55:59.272	0.92891				2
2025.12.30	00:55:59.773	0.92890	0.92949			6
2025.12.30	00:56:00.279	0.92890	0.92948			6
2025.12.30	00:56:20.470		0.92947			4
2025.12.30	00:56:21.384		0.92948			4
2025.12.30	00:56:22.067	0.92893	0.92946			6
2025.12.30	00:56:22.575	0.92892	0.92948			6
2025.12.30	00:56:37.870		0.92945			4
2025.12.30	00:56:53.436		0.92946			4
2025.12.30	00:56:57.205		0.92947			4
2025.12.30	00:57:00.303	0.92895				2
2025.12.30	00:57:18.565		0.92948			4
2025.12.30	00:57:24.002		0.92947			4
2025.12.30	00:57:30.399	0.92897	0.92944			6
2025.12.30	00:57:30.903	0.92891	0.92943			6
2025.12.30	00:57:31.404	0.92892				2
2025.12.30	00:57:36.302		0.92944			4
2025.12.30	00:57:37.502	0.92900	0.92954			6
2025.12.30	00:57:37.881		0.92949			4
2025.12.30	00:57:38.233	0.92899	0.92945			6
2025.12.30	00:57:38.539	0.92896	0.92946			6
2025.12.30	00:57:44.563		0.92947			4
2025.12.30	00:57:47.975		0.92946			4
2025.12.30	00:57:48.343	0.92899	0.92950			6
2025.12.30	00:57:48.658	0.92898	0.92949			6
2025.12.30	00:57:48.986	0.92891	0.92948			6
2025.12.30	00:57:49.373	0.92900	0.92950			6
2025.12.30	00:57:49.678	0.92893	0.92949			6
2025.12.30	00:57:49.991	0.92898	0.92948			6
2025.12.30	00:57:50.334	0.92892				2
2025.12.30	00:57:50.713	0.92899				2
2025.12.30	00:57:51.053	0.92893				2
2025.12.30	00:57:51.356		0.92949			4
2025.12.30	00:57:51.866	0.92888	0.92945			6
2025.12.30	00:57:52.208	0.92895	0.92949			6
2025.12.30	00:57:52.533	0.92896				2
2025.12.30	00:57:52.842	0.92890	0.92947			6
2025.12.30	00:57:53.168		0.92941			4
2025.12.30	00:57:53.478	0.92893	0.92945			6
2025.12.30	00:57:53.819	0.92894	0.92944			6
2025.12.30	00:57:54.268	0.92889	0.92943			6
2025.12.30	00:57:54.768	0.92892				2
2025.12.30	00:57:55.271	0.92887	0.92942			6
2025.12.30	00:57:55.770	0.92892	0.92943			6
2025.12.30	00:57:56.129		0.92944			4
2025.12.30	00:57:56.769	0.92887	0.92942			6
2025.12.30	00:57:57.268	0.92890				2
2025.12.30	00:57:57.770	0.92894	0.92944			6
2025.12.30	00:57:58.269	0.92889	0.92943			6
2025.12.30	00:57:58.771	0.92891	0.92942			6
2025.12.30	00:57:59.278		0.92944			4
2025.12.30	00:58:00.407	0.92891				2
2025.12.30	00:58:01.801	0.92890	0.92943			6
2025.12.30	00:58:02.780	0.92893	0.92945			6
2025.12.30	00:58:05.102		0.92944			4
2025.12.30	00:58:06.973	0.92892	0.92946			6
2025.12.30	00:58:07.275	0.92889	0.92943			6
2025.12.30	00:58:07.991		0.92942			4
2025.12.30	00:58:08.299	0.92891	0.92943			6
2025.12.30	00:58:08.603	0.92896	0.92947			6
2025.12.30	00:58:08.906	0.92889	0.92946			6
2025.12.30	00:58:09.474	0.92893	0.92947			6
2025.12.30	00:58:09.980		0.92948			4
2025.12.30	00:58:14.403		0.92949			4
2025.12.30	00:58:16.377		0.92946			4
2025.12.30	00:58:17.420		0.92945			4
2025.12.30	00:58:22.753	0.92888	0.92943			6
2025.12.30	00:58:23.248	0.92893	0.92944			6
2025.12.30	00:58:23.677	0.92894	0.92945			6
2025.12.30	00:58:25.410	0.92893	0.92947			6
2025.12.30	00:58:25.754		0.92945			4
2025.12.30	00:58:26.575		0.92947			4
2025.12.30	00:58:26.880	0.92886	0.92943			6
2025.12.30	00:58:27.199	0.92892	0.92944			6
2025.12.30	00:58:27.544		0.92946			4
2025.12.30	00:58:27.846	0.92891	0.92945			6
2025.12.30	00:58:28.174	0.92893	0.92947			6
2025.12.30	00:58:28.974		0.92946			4
2025.12.30	00:58:29.776		0.92945			4
2025.12.30	00:58:30.175		0.92946			4
2025.12.30	00:58:30.575		0.92947			4
2025.12.30	00:58:30.925	0.92887	0.92944			6
2025.12.30	00:58:31.286	0.92893	0.92946			6
2025.12.30	00:58:32.330	0.92889				2
2025.12.30	00:58:33.391	0.92898	0.92952			6
2025.12.30	00:58:33.700	0.92889	0.92946			6
2025.12.30	00:58:34.391	0.92898	0.92952			6
2025.12.30	00:58:34.891	0.92889	0.92946			6
2025.12.30	00:58:35.391	0.92898	0.92952			6
2025.12.30	00:58:35.890	0.92889	0.92946			6
2025.12.30	00:58:36.391	0.92898	0.92952			6
2025.12.30	00:58:36.890	0.92889	0.92946			6
2025.12.30	00:58:37.392	0.92898	0.92952			6
2025.12.30	00:58:37.891	0.92889	0.92946			6
2025.12.30	00:58:38.254	0.92896	0.92952			6
2025.12.30	00:58:38.584		0.92953			4
2025.12.30	00:58:38.892	0.92897	0.92952			6
2025.12.30	00:58:39.379		0.92954			4
2025.12.30	00:58:43.277	0.92898	0.92947			6
2025.12.30	00:58:43.790	0.92902	0.92946			6
2025.12.30	00:58:44.101	0.92900	0.92947			6
2025.12.30	00:58:49.367	0.92903	0.92944			6
2025.12.30	00:58:53.313	0.92904	0.92941			6
2025.12.30	00:58:55.574	0.92903	0.92945			6
2025.12.30	00:58:55.878		0.92946			4
2025.12.30	00:58:56.182		0.92951			4
2025.12.30	00:58:56.500		0.92945			4
2025.12.30	00:58:56.803		0.92951			4
2025.12.30	00:58:57.146		0.92952			4
2025.12.30	00:58:57.874		0.92935			4
2025.12.30	00:58:58.273	0.92902	0.92933			6
2025.12.30	00:58:58.579		0.92939			4
2025.12.30	00:58:58.881		0.92937			4
2025.12.30	00:58:59.272		0.92936			4
2025.12.30	00:59:00.414	0.92902				2
2025.12.30	00:59:01.698	0.92903	0.92935			6
2025.12.30	00:59:04.075	0.92901	0.92934			6
2025.12.30	00:59:04.473		0.92935			4
2025.12.30	00:59:04.876	0.92902	0.92934			6
2025.12.30	00:59:06.076		0.92935			4
2025.12.30	00:59:06.474	0.92890	0.92930			6
2025.12.30	00:59:06.792	0.92902	0.92927			6
2025.12.30	00:59:07.098		0.92931			4
2025.12.30	00:59:07.776		0.92932			4
2025.12.30	00:59:08.080		0.92933			4
2025.12.30	00:59:08.475		0.92931			4
2025.12.30	00:59:08.788		0.92933			4
2025.12.30	00:59:09.097		0.92934			4
2025.12.30	00:59:09.404		0.92935			4
2025.12.30	00:59:09.746		0.92934			4
2025.12.30	00:59:10.074		0.92940			4
2025.12.30	00:59:10.474		0.92938			4
2025.12.30	00:59:10.876		0.92934			4
2025.12.30	00:59:11.276		0.92941			4
2025.12.30	00:59:11.580		0.92932			4
2025.12.30	00:59:12.056	0.92901				2
2025.12.30	00:59:12.362	0.92903	0.92940			6
2025.12.30	00:59:12.678		0.92930			4
2025.12.30	00:59:12.986		0.92936			4
2025.12.30	00:59:13.674		0.92935			4
2025.12.30	00:59:14.075	0.92902	0.92933			6
2025.12.30	00:59:14.475	0.92901	0.92932			6
2025.12.30	00:59:15.098	0.92902	0.92931			6
2025.12.30	00:59:15.447		0.92932			4
2025.12.30	00:59:16.074		0.92941			4
2025.12.30	00:59:16.474	0.92900	0.92938			6
2025.12.30	00:59:16.778	0.92902	0.92934			6
2025.12.30	00:59:17.081	0.92896	0.92930			6
2025.12.30	00:59:17.450		0.92933			4
2025.12.30	00:59:18.402		0.92934			4
2025.12.30	00:59:20.664		0.92936			4
2025.12.30	00:59:21.672		0.92935			4
2025.12.30	00:59:24.420		0.92934			4
2025.12.30	00:59:26.510	0.92890	0.92931			6
2025.12.30	00:59:26.844	0.92888				2
2025.12.30	00:59:27.268	0.92887				2
2025.12.30	00:59:30.671	0.92886				2
2025.12.30	00:59:31.577	0.92891	0.92940			6
2025.12.30	00:59:34.472		0.92928			4
2025.12.30	00:59:34.778	0.92889	0.92925			6
2025.12.30	00:59:35.098	0.92891	0.92927			6
2025.12.30	00:59:35.726		0.92926			4
2025.12.30	00:59:36.174	0.92892				2
2025.12.30	00:59:36.924	0.92902	0.92931			6
2025.12.30	00:59:37.774	0.92901	0.92929			6
2025.12.30	00:59:38.173		0.92931			4
2025.12.30	00:59:38.574		0.92930			4
2025.12.30	00:59:38.975	0.92904	0.92932			6
2025.12.30	00:59:39.291		0.92936			4
2025.12.30	00:59:39.774	0.92902	0.92929			6
2025.12.30	00:59:40.077	0.92903	0.92930			6
2025.12.30	00:59:40.688	0.92895	0.92933			6
2025.12.30	00:59:41.019		0.92937			4
2025.12.30	00:59:41.394		0.92926			4
2025.12.30	00:59:42.075		0.92929			4
2025.12.30	00:59:42.377		0.92930			4
2025.12.30	00:59:42.686		0.92935			4
2025.12.30	00:59:43.071		0.92937			4
2025.12.30	00:59:43.378	0.92890	0.92923			6
2025.12.30	00:59:43.690	0.92889				2
2025.12.30	00:59:43.992		0.92937			4
2025.12.30	00:59:44.298	0.92891				2
2025.12.30	00:59:44.654		0.92938			4
2025.12.30	00:59:44.957		0.92923			4
2025.12.30	00:59:45.273	0.92892	0.92929			6
2025.12.30	00:59:45.578	0.92891	0.92923			6
2025.12.30	00:59:45.887	0.92894	0.92925			6
2025.12.30	00:59:46.271		0.92926			4
2025.12.30	00:59:46.672		0.92925			4
2025.12.30	00:59:46.974		0.92926			4
2025.12.30	00:59:47.277		0.92927			4
2025.12.30	00:59:47.579		0.92925			4
2025.12.30	00:59:47.897		0.92926			4
2025.12.30	00:59:48.277	0.92888	0.92921			6
2025.12.30	00:59:48.578	0.92886	0.92919			6
2025.12.30	00:59:49.077	0.92893	0.92929			6
2025.12.30	00:59:49.465		0.92934			4
2025.12.30	00:59:49.775		0.92933			4
2025.12.30	00:59:50.129	0.92896	0.92930			6
2025.12.30	00:59:50.572	0.92894	0.92932			6
2025.12.30	00:59:51.475		0.92933			4
2025.12.30	00:59:51.798		0.92932			4
2025.12.30	00:59:52.272		0.92931			4
2025.12.30	00:59:52.674		0.92932			4
2025.12.30	00:59:53.475	0.92889	0.92928			6
2025.12.30	00:59:55.073	0.92890				2
2025.12.30	00:59:56.674	0.92889				2
2025.12.30	00:59:57.874		0.92930			4
2025.12.30	00:59:58.675		0.92928			4
2025.12.30	00:59:58.978		0.92930			4
2025.12.30	00:59:59.282		0.92929			4
2025.12.30	00:59:59.674	0.92886	0.92926			6
2025.12.30	01:00:00.075	0.92887				2
2025.12.30	01:00:00.377	0.92877	0.92887			6
2025.12.30	01:00:00.682	0.92861	0.92880			6
2025.12.30	01:00:01.004		0.92885			4
2025.12.30	01:00:01.318		0.92886			4
2025.12.30	01:00:01.651	0.92848	0.92887			6
2025.12.30	01:00:02.333		0.92888			4
2025.12.30	01:00:02.792	0.92849	0.92889			6
2025.12.30	01:00:03.734	0.92801	0.92903			6
2025.12.30	01:00:04.054	0.92808	0.92901			6
2025.12.30	01:00:06.880	0.92811	0.92898			6
2025.12.30	01:00:07.185	0.92853	0.92894			6
2025.12.30	01:00:07.532	0.92857	0.92903			6
2025.12.30	01:00:07.840	0.92855	0.92898			6
2025.12.30	01:00:08.181	0.92863	0.92899			6
2025.12.30	01:00:08.498	0.92868	0.92903			6
2025.12.30	01:00:08.819	0.92864	0.92902			6
2025.12.30	01:00:09.131	0.92872	0.92910			6
2025.12.30	01:00:09.438		0.92905			4
2025.12.30	01:00:09.767	0.92874	0.92909			6
2025.12.30	01:00:10.163	0.92872				2
2025.12.30	01:00:10.466	0.92861	0.92903			6
2025.12.30	01:00:10.776	0.92871	0.92909			6
2025.12.30	01:00:11.128	0.92872	0.92908			6
2025.12.30	01:00:11.443		0.92909			4
2025.12.30	01:00:12.142	0.92868	0.92908			6
2025.12.30	01:00:12.458	0.92872	0.92909			6
2025.12.30	01:00:12.802	0.92865	0.92904			6
2025.12.30	01:00:13.128	0.92872	0.92909			6
2025.12.30	01:00:13.452	0.92865	0.92904			6
2025.12.30	01:00:13.777	0.92873	0.92911			6
2025.12.30	01:00:14.129		0.92909			4
2025.12.30	01:00:14.492		0.92911			4
2025.12.30	01:00:15.593	0.92867	0.92904			6
2025.12.30	01:00:15.929	0.92870	0.92911			6
2025.12.30	01:00:16.240	0.92869	0.92901			6
2025.12.30	01:00:16.717	0.92854				2
2025.12.30	01:00:17.042	0.92852				2
2025.12.30	01:00:17.501	0.92853	0.92902			6
2025.12.30	01:00:17.875	0.92857	0.92903			6
2025.12.30	01:00:18.218		0.92904			4
2025.12.30	01:00:18.612	0.92859				2
2025.12.30	01:00:19.125	0.92857	0.92901			6
2025.12.30	01:00:19.462		0.92899			4
2025.12.30	01:00:20.403		0.92901			4
2025.12.30	01:00:23.616		0.92899			4
2025.12.30	01:00:24.195	0.92859				2
2025.12.30	01:00:25.051	0.92857	0.92896			6
2025.12.30	01:00:26.083		0.92895			4
2025.12.30	01:00:26.972		0.92897			4
2025.12.30	01:00:27.345		0.92896			4
2025.12.30	01:00:28.992	0.92859				2
2025.12.30	01:00:30.164	0.92854				2
2025.12.30	01:00:30.474	0.92857	0.92895			6
2025.12.30	01:00:30.776	0.92853				2
2025.12.30	01:00:31.467		0.92894			4
2025.12.30	01:00:31.793	0.92855	0.92896			6
2025.12.30	01:00:32.377	0.92853	0.92894			6
2025.12.30	01:00:33.538		0.92892			4
2025.12.30	01:00:33.940		0.92894			4
2025.12.30	01:00:35.359	0.92860	0.92898			6
2025.12.30	01:00:35.676	0.92862	0.92900			6
2025.12.30	01:00:36.214		0.92899			4
2025.12.30	01:00:37.253	0.92863				2
2025.12.30	01:00:38.403	0.92864				2
2025.12.30	01:00:39.354	0.92869	0.92900			6
2025.12.30	01:00:40.243	0.92868	0.92901			6
2025.12.30	01:00:40.750	0.92870	0.92905			6
2025.12.30	01:00:41.070	0.92872	0.92903			6
2025.12.30	01:00:45.309	0.92870	0.92900			6
2025.12.30	01:00:46.123	0.92868				2
2025.12.30	01:00:46.530	0.92867	0.92901			6
2025.12.30	01:00:48.005	0.92868				2
2025.12.30	01:00:50.547	0.92867				2
2025.12.30	01:00:51.577	0.92870	0.92905			6
2025.12.30	01:00:53.375	0.92869	0.92903			6
2025.12.30	01:00:53.678	0.92865	0.92904			6
2025.12.30	01:00:54.054	0.92862	0.92902			6
2025.12.30	01:00:54.360	0.92863				2
2025.12.30	01:00:54.672	0.92860	0.92901			6
2025.12.30	01:00:54.978	0.92863				2
2025.12.30	01:00:55.372	0.92867				2
2025.12.30	01:01:00.105	0.92868	0.92903			6
2025.12.30	01:01:00.477	0.92869	0.92904			6
2025.12.30	01:01:00.784	0.92863	0.92912			6
2025.12.30	01:01:01.118	0.92870	0.92911			6
2025.12.30	01:01:04.720	0.92869	0.92906			6
2025.12.30	01:01:05.381	0.92870				2
2025.12.30	01:01:08.275	0.92865	0.92908			6
2025.12.30	01:01:08.579	0.92869	0.92907			6
2025.12.30	01:01:11.376	0.92868				2
2025.12.30	01:01:15.387	0.92869				2
2025.12.30	01:01:15.901	0.92868				2
2025.12.30	01:01:16.805	0.92866	0.92906			6
2025.12.30	01:01:22.802	0.92867	0.92905			6
2025.12.30	01:01:23.106	0.92872	0.92903			6
2025.12.30	01:01:25.933	0.92874	0.92904			6
2025.12.30	01:01:30.629		0.92905			4
2025.12.30	01:01:31.476	0.92873	0.92903			6
2025.12.30	01:01:31.780	0.92874	0.92907			6
2025.12.30	01:01:32.320		0.92905			4
2025.12.30	01:01:34.853	0.92872	0.92908			6
2025.12.30	01:01:35.382	0.92873	0.92906			6
2025.12.30	01:01:36.075		0.92902			4
2025.12.30	01:01:40.380	0.92875	0.92904			6
2025.12.30	01:01:40.803	0.92876	0.92906			6
2025.12.30	01:01:41.502	0.92872	0.92903			6
2025.12.30	01:01:43.538	0.92873				2
2025.12.30	01:01:48.242	0.92870	0.92905			6
2025.12.30	01:01:48.568	0.92869	0.92906			6
2025.12.30	01:01:50.382	0.92871	0.92904			6
2025.12.30	01:01:50.687	0.92870	0.92905			6
2025.12.30	01:01:51.916	0.92871				2
2025.12.30	01:01:53.618		0.92904			4
2025.12.30	01:01:56.669	0.92870	0.92905			6
2025.12.30	01:01:57.674	0.92869				2
2025.12.30	01:01:57.978		0.92906			4
2025.12.30	01:02:00.657	0.92869				2
2025.12.30	01:02:00.961	0.92871	0.92903			6
2025.12.30	01:02:01.473	0.92870	0.92904			6
2025.12.30	01:02:01.875	0.92871				2
2025.12.30	01:02:02.376	0.92869				2
2025.12.30	01:02:05.390	0.92870				2
2025.12.30	01:02:13.802	0.92869				2
2025.12.30	01:02:16.507	0.92865	0.92900			6
2025.12.30	01:02:16.863	0.92864				2
2025.12.30	01:02:17.274		0.92899			4
2025.12.30	01:02:17.597		0.92901			4
2025.12.30	01:02:18.466		0.92900			4
2025.12.30	01:02:19.249	0.92866	0.92901			6
2025.12.30	01:02:19.558	0.92864	0.92900			6
2025.12.30	01:02:19.866	0.92865	0.92899			6
2025.12.30	01:02:20.175	0.92863				2
2025.12.30	01:02:20.478		0.92900			4
2025.12.30	01:02:22.075		0.92899			4
2025.12.30	01:02:27.479	0.92866	0.92900			6
2025.12.30	01:02:27.812	0.92868				2
2025.12.30	01:02:28.492	0.92864	0.92899			6
2025.12.30	01:02:37.079	0.92863	0.92898			6
2025.12.30	01:02:39.373	0.92864				2
2025.12.30	01:02:41.578	0.92863				2
2025.12.30	01:02:43.589		0.92899			4
2025.12.30	01:02:46.955	0.92862				2
2025.12.30	01:02:49.874		0.92897			4
2025.12.30	01:02:51.475		0.92898			4
2025.12.30	01:02:51.880	0.92864	0.92897			6
2025.12.30	01:02:52.276	0.92865				2
2025.12.30	01:02:52.674	0.92864				2
2025.12.30	01:02:53.397		0.92898			4
2025.12.30	01:02:53.698	0.92865	0.92899			6
2025.12.30	01:02:54.010	0.92864	0.92898			6
2025.12.30	01:02:54.328		0.92897			4
2025.12.30	01:02:55.873	0.92865				2
2025.12.30	01:02:56.273	0.92861				2
2025.12.30	01:02:57.662		0.92899			4
2025.12.30	01:02:58.298	0.92865				2
2025.12.30	01:02:58.631	0.92861	0.92897			6
2025.12.30	01:03:00.176	0.92867	0.92901			6
2025.12.30	01:03:00.479	0.92873	0.92904			6
2025.12.30	01:03:00.809	0.92875	0.92906			6
2025.12.30	01:03:01.575	0.92873	0.92904			6
2025.12.30	01:03:01.919		0.92905			4
2025.12.30	01:03:02.301	0.92872	0.92904			6
2025.12.30	01:03:06.003		0.92901			4
2025.12.30	01:03:06.701	0.92873	0.92903			6
2025.12.30	01:03:10.455		0.92902			4
2025.12.30	01:03:11.041		0.92903			4
2025.12.30	01:03:12.053	0.92872	0.92904			6
2025.12.30	01:03:12.358	0.92873	0.92903			6
2025.12.30	01:03:13.503	0.92874	0.92902			6
2025.12.30	01:03:13.929	0.92873				2
2025.12.30	01:03:14.803	0.92874				2
2025.12.30	01:03:17.349	0.92871				2
2025.12.30	01:03:18.870	0.92872				2
2025.12.30	01:03:19.803	0.92874				2
2025.12.30	01:03:22.387	0.92872	0.92901			6
2025.12.30	01:03:22.769		0.92902			4
2025.12.30	01:03:23.804	0.92874				2
2025.12.30	01:03:27.348	0.92872				2
2025.12.30	01:03:27.791	0.92871				2
2025.12.30	01:03:29.495	0.92870				2
2025.12.30	01:03:32.064	0.92872	0.92906			6
2025.12.30	01:03:32.377		0.92908			4
2025.12.30	01:03:32.724	0.92871				2
2025.12.30	01:03:33.224	0.92872				2
2025.12.30	01:03:33.539	0.92869	0.92907			6
2025.12.30	01:03:34.724	0.92871				2
2025.12.30	01:03:41.654	0.92873	0.92909			6
2025.12.30	01:03:41.958	0.92874	0.92903			6
2025.12.30	01:03:42.728	0.92879	0.92908			6
2025.12.30	01:03:43.042		0.92906			4
2025.12.30	01:03:43.352	0.92878	0.92905			6
2025.12.30	01:03:43.712	0.92877	0.92906			6
2025.12.30	01:03:45.662		0.92911			4
2025.12.30	01:03:47.077	0.92876	0.92908			6
2025.12.30	01:03:51.093	0.92875	0.92910			6
2025.12.30	01:03:52.062	0.92876	0.92916			6
2025.12.30	01:03:52.490	0.92877				2
2025.12.30	01:03:53.292	0.92876				2
2025.12.30	01:03:53.777	0.92877				2
2025.12.30	01:03:54.343	0.92876				2
2025.12.30	01:03:54.927	0.92877				2
2025.12.30	01:03:55.492	0.92876				2
2025.12.30	01:03:56.542	0.92877				2
2025.12.30	01:03:57.028	0.92876				2
2025.12.30	01:03:58.328	0.92877				2
2025.12.30	01:03:59.304	0.92879				2
2025.12.30	01:03:59.743	0.92880	0.92914			6
2025.12.30	01:04:00.253	0.92880	0.92913			6
2025.12.30	01:04:00.559		0.92911			4
2025.12.30	01:04:00.865		0.92913			4
2025.12.30	01:04:01.808	0.92877	0.92911			6
2025.12.30	01:04:05.194		0.92910			4
2025.12.30	01:04:05.529		0.92911			4
2025.12.30	01:04:06.143		0.92910			4
2025.12.30	01:04:06.477		0.92911			4
2025.12.30	01:04:07.801		0.92910			4
2025.12.30	01:04:08.127		0.92911			4
2025.12.30	01:04:08.502		0.92910			4
2025.12.30	01:04:08.829		0.92911			4
2025.12.30	01:04:14.162	0.92876				2
2025.12.30	01:04:15.387	0.92869	0.92936			6
2025.12.30	01:04:15.991		0.92935			4
2025.12.30	01:04:16.317	0.92847	0.92906			6
2025.12.30	01:04:17.252	0.92850	0.92903			6
2025.12.30	01:04:17.875	0.92861				2
2025.12.30	01:04:18.181	0.92862				2
2025.12.30	01:04:18.799	0.92861	0.92892			6
2025.12.30	01:04:32.429	0.92859				2
2025.12.30	01:04:42.390		0.92893			4
2025.12.30	01:04:44.003		0.92892			4
2025.12.30	01:04:44.850		0.92893			4
2025.12.30	01:04:45.196		0.92892			4
2025.12.30	01:04:46.016		0.92894			4
2025.12.30	01:04:47.464		0.92892			4
2025.12.30	01:04:49.614	0.92861	0.92900			6
2025.12.30	01:04:52.410	0.92860				2
2025.12.30	01:04:53.331	0.92859	0.92893			6
2025.12.30	01:04:59.229	0.92857				2
2025.12.30	01:04:59.628	0.92859				2
2025.12.30	01:05:00.360	0.92857	0.92892			6
2025.12.30	01:05:02.078	0.92861				2
2025.12.30	01:05:02.803	0.92864				2
2025.12.30	01:05:07.446	0.92861				2
2025.12.30	01:05:09.734	0.92862				2
2025.12.30	01:05:10.210	0.92863				2
2025.12.30	01:05:13.464	0.92871	0.92896			6
2025.12.30	01:05:15.303		0.92895			4
2025.12.30	01:05:16.202	0.92862	0.92893			6
2025.12.30	01:05:16.542	0.92871	0.92894			6
2025.12.30	01:05:18.402	0.92862	0.92893			6
2025.12.30	01:05:18.742	0.92870				2
2025.12.30	01:05:19.272	0.92871	0.92894			6
2025.12.30	01:05:19.607	0.92858	0.92893			6
2025.12.30	01:05:19.942	0.92871	0.92894			6
2025.12.30	01:05:21.398	0.92872	0.92893			6
2025.12.30	01:05:22.402	0.92871	0.92894			6
2025.12.30	01:05:23.347		0.92895			4
2025.12.30	01:05:24.302	0.92858	0.92893			6
2025.12.30	01:05:24.627	0.92871	0.92894			6
2025.12.30	01:05:27.666		0.92893			4
2025.12.30	01:05:29.157	0.92861				2
2025.12.30	01:05:29.492	0.92869				2
2025.12.30	01:05:29.924	0.92871				2
2025.12.30	01:05:30.356	0.92861				2
2025.12.30	01:05:30.692	0.92869				2
2025.12.30	01:05:31.223	0.92871				2
2025.12.30	01:05:31.557	0.92861				2
2025.12.30	01:05:31.893	0.92869				2
2025.12.30	01:05:32.424	0.92871				2
2025.12.30	01:05:32.757	0.92861				2
2025.12.30	01:05:35.702	0.92860				2
2025.12.30	01:05:37.720	0.92863				2
2025.12.30	01:05:39.733	0.92862				2
2025.12.30	01:05:40.281	0.92864				2
2025.12.30	01:05:41.367	0.92857				2
2025.12.30	01:05:41.887		0.92894			4
2025.12.30	01:05:45.273		0.92892			4
2025.12.30	01:05:48.373	0.92859				2
2025.12.30	01:05:49.140	0.92870				2
2025.12.30	01:05:51.651	0.92872	0.92893			6
2025.12.30	01:05:52.710	0.92874	0.92897			6
2025.12.30	01:05:53.020		0.92898			4
2025.12.30	01:05:53.935		0.92896			4
2025.12.30	01:05:55.804	0.92873	0.92895			6
2025.12.30	01:06:00.002	0.92873	0.92894			6
2025.12.30	01:06:02.957	0.92870	0.92895			6
2025.12.30	01:06:04.439	0.92872	0.92894			6
2025.12.30	01:06:07.723	0.92873	0.92895			6
2025.12.30	01:06:10.057	0.92872				2
2025.12.30	01:06:11.945		0.92894			4
2025.12.30	01:06:16.915		0.92893			4
2025.12.30	01:06:19.502		0.92894			4
2025.12.30	01:06:29.076	0.92871	0.92895			6
2025.12.30	01:06:32.404		0.92894			4
2025.12.30	01:06:35.130	0.92870	0.92893			6
2025.12.30	01:06:36.399	0.92869	0.92891			6
2025.12.30	01:06:37.439	0.92870	0.92892			6
2025.12.30	01:06:38.429		0.92893			4
2025.12.30	01:06:55.802	0.92871				2
2025.12.30	01:07:00.534	0.92871				2
2025.12.30	01:07:03.130	0.92872				2
2025.12.30	01:07:10.534	0.92874	0.92894			6
2025.12.30	01:07:11.904	0.92870	0.92897			6
2025.12.30	01:07:12.817	0.92866	0.92895			6
2025.12.30	01:07:13.725	0.92874				2
2025.12.30	01:07:15.868	0.92866	0.92896			6
2025.12.30	01:07:16.252	0.92869				2
2025.12.30	01:07:17.433		0.92897			4
2025.12.30	01:07:19.778	0.92877				2
2025.12.30	01:07:23.122	0.92878	0.92898			6
2025.12.30	01:07:23.521	0.92877				2
2025.12.30	01:07:24.146	0.92878				2
2025.12.30	01:07:27.603	0.92879	0.92899			6
2025.12.30	01:07:29.926		0.92898			4
2025.12.30	01:07:30.959	0.92878	0.92899			6
2025.12.30	01:07:33.174	0.92877				2
2025.12.30	01:07:35.103	0.92878				2
2025.12.30	01:07:35.439	0.92880	0.92902			6
2025.12.30	01:07:43.787	0.92881				2
2025.12.30	01:07:44.657	0.92877	0.92899			6
2025.12.30	01:07:44.992	0.92881	0.92902			6
2025.12.30	01:07:45.856	0.92877	0.92899			6
2025.12.30	01:07:46.187	0.92881	0.92902			6
2025.12.30	01:07:46.903	0.92880	0.92901			6
2025.12.30	01:07:47.208	0.92881	0.92902			6
2025.12.30	01:07:47.658	0.92878	0.92900			6
2025.12.30	01:07:47.992	0.92881	0.92902			6
2025.12.30	01:07:48.857	0.92878	0.92900			6
2025.12.30	01:07:49.173	0.92872	0.92903			6
2025.12.30	01:07:49.483	0.92870	0.92902			6
2025.12.30	01:07:50.024	0.92871	0.92899			6
2025.12.30	01:07:50.703	0.92875				2
2025.12.30	01:07:56.375	0.92871	0.92897			6
2025.12.30	01:07:57.373	0.92872				2
2025.12.30	01:08:00.303	0.92871	0.92896			6
2025.12.30	01:08:00.628	0.92870				2
2025.12.30	01:08:02.523		0.92895			4
2025.12.30	01:08:05.203		0.92894			4
2025.12.30	01:08:06.811	0.92868				2
2025.12.30	01:08:07.333	0.92869	0.92893			6
2025.12.30	01:08:09.302	0.92870				2
2025.12.30	01:08:11.586	0.92864				2
2025.12.30	01:08:12.047	0.92867	0.92894			6
2025.12.30	01:08:12.369	0.92865	0.92893			6
2025.12.30	01:08:12.895	0.92864				2
2025.12.30	01:08:16.493		0.92894			4
2025.12.30	01:08:22.289	0.92865				2
2025.12.30	01:08:23.374	0.92866	0.92893			6
2025.12.30	01:08:25.356	0.92865	0.92894			6
2025.12.30	01:08:27.429	0.92866	0.92893			6
2025.12.30	01:08:29.000	0.92864				2
2025.12.30	01:08:31.001		0.92892			4
2025.12.30	01:08:32.373		0.92893			4
2025.12.30	01:08:36.516		0.92896			4
2025.12.30	01:08:37.374		0.92893			4
2025.12.30	01:08:38.453	0.92867	0.92895			6
2025.12.30	01:08:44.603	0.92869	0.92896			6
2025.12.30	01:08:46.255		0.92898			4
2025.12.30	01:08:46.603		0.92896			4
2025.12.30	01:08:50.373		0.92895			4
2025.12.30	01:08:51.845	0.92868	0.92898			6
2025.12.30	01:08:52.283		0.92897			4
2025.12.30	01:08:55.802		0.92896			4
2025.12.30	01:09:03.343	0.92871	0.92893			6
2025.12.30	01:09:04.097	0.92872				2
2025.12.30	01:09:07.947	0.92870	0.92895			6
2025.12.30	01:09:09.066	0.92864	0.92894			6
2025.12.30	01:09:09.369		0.92893			4
2025.12.30	01:09:10.179	0.92869				2
2025.12.30	01:09:15.365	0.92870				2
2025.12.30	01:09:16.784	0.92871	0.92894			6
2025.12.30	01:09:18.603	0.92872	0.92893			6
2025.12.30	01:09:22.502		0.92894			4
2025.12.30	01:09:25.801	0.92871				2
2025.12.30	01:09:27.903	0.92872				2
2025.12.30	01:09:29.167	0.92867				2
2025.12.30	01:09:29.795	0.92868				2
2025.12.30	01:09:30.307	0.92869				2
2025.12.30	01:09:30.619		0.92893			4
2025.12.30	01:09:35.560	0.92868				2
2025.12.30	01:09:36.690	0.92870				2
2025.12.30	01:09:46.719	0.92869				2
2025.12.30	01:09:49.050		0.92892			4
2025.12.30	01:09:50.409	0.92868				2
2025.12.30	01:09:53.444	0.92869				2
2025.12.30	01:09:54.458	0.92870	0.92894			6
2025.12.30	01:09:55.375	0.92871				2
2025.12.30	01:10:00.404	0.92873	0.92897			6
2025.12.30	01:10:10.560	0.92874				2
2025.12.30	01:10:11.613		0.92896			4
2025.12.30	01:10:14.930	0.92873	0.92897			6
2025.12.30	01:10:15.466	0.92874				2
2025.12.30	01:10:19.829	0.92875	0.92898			6
2025.12.30	01:10:20.534	0.92874				2
2025.12.30	01:10:20.884		0.92897			4
2025.12.30	01:10:22.037		0.92896			4
2025.12.30	01:10:23.464		0.92897			4
2025.12.30	01:10:25.385	0.92873				2
2025.12.30	01:10:39.484		0.92896			4
2025.12.30	01:10:45.353	0.92871	0.92892			6
2025.12.30	01:10:45.659	0.92872				2
2025.12.30	01:10:46.072	0.92873	0.92891			6
2025.12.30	01:10:51.046	0.92872	0.92890			6
2025.12.30	01:10:53.069	0.92871	0.92893			6
2025.12.30	01:10:53.371		0.92892			4
2025.12.30	01:10:53.872	0.92872	0.92891			6
2025.12.30	01:10:54.175		0.92892			4
2025.12.30	01:10:55.275		0.92893			4
2025.12.30	01:10:58.152	0.92871				2
2025.12.30	01:10:58.653	0.92869	0.92892			6
2025.12.30	01:10:59.278	0.92871	0.92894			6
2025.12.30	01:10:59.797		0.92895			4
2025.12.30	01:11:00.271	0.92871				2
2025.12.30	01:11:10.543	0.92872				2
2025.12.30	01:11:13.807	0.92870	0.92893			6
2025.12.30	01:11:14.120		0.92891			4
2025.12.30	01:11:15.381	0.92871	0.92894			6
2025.12.30	01:11:17.393	0.92872				2
2025.12.30	01:11:19.502	0.92871				2
2025.12.30	01:11:19.810	0.92870	0.92893			6
2025.12.30	01:11:23.510	0.92871	0.92895			6
2025.12.30	01:11:27.603		0.92896			4
2025.12.30	01:11:29.275	0.92872	0.92895			6
2025.12.30	01:11:33.725	0.92870	0.92894			6
2025.12.30	01:11:35.473	0.92871	0.92895			6
2025.12.30	01:11:47.702		0.92894			4
2025.12.30	01:11:53.051		0.92895			4
2025.12.30	01:11:55.290		0.92894			4
2025.12.30	01:11:57.738		0.92893			4
2025.12.30	01:12:00.058	0.92866	0.92891			6
2025.12.30	01:12:00.371	0.92867				2
2025.12.30	01:12:02.217	0.92868	0.92892			6
2025.12.30	01:12:03.273		0.92893			4
2025.12.30	01:12:07.925	0.92874				2
2025.12.30	01:12:22.867	0.92871	0.92892			6
2025.12.30	01:12:25.873	0.92870				2
2025.12.30	01:12:34.197	0.92871				2
2025.12.30	01:12:42.289	0.92874	0.92894			6
2025.12.30	01:12:44.277	0.92873	0.92893			6
2025.12.30	01:12:49.474		0.92894			4
2025.12.30	01:12:51.410		0.92893			4
2025.12.30	01:12:52.475	0.92874	0.92894			6
2025.12.30	01:12:56.102		0.92893			4
2025.12.30	01:13:00.405	0.92874	0.92894			6
2025.12.30	01:13:01.293		0.92893			4
2025.12.30	01:13:02.660	0.92875	0.92894			6
2025.12.30	01:13:04.367		0.92895			4
2025.12.30	01:13:05.388	0.92873				2
2025.12.30	01:13:09.303		0.92894			4
2025.12.30	01:13:14.017		0.92895			4
2025.12.30	01:13:15.382	0.92874				2
2025.12.30	01:13:28.202	0.92875				2
2025.12.30	01:13:34.331	0.92876	0.92894			6
2025.12.30	01:13:36.904	0.92875	0.92895			6
2025.12.30	01:14:00.534	0.92875				2
2025.12.30	01:14:03.420	0.92876	0.92894			6
2025.12.30	01:14:04.405		0.92896			4
2025.12.30	01:14:05.596		0.92895			4
2025.12.30	01:14:40.502		0.92894			4
2025.12.30	01:14:41.389		0.92895			4
2025.12.30	01:14:43.374	0.92875	0.92896			6
2025.12.30	01:14:48.001	0.92876	0.92895			6
2025.12.30	01:14:52.584		0.92893			4
2025.12.30	01:14:56.404		0.92894			4
2025.12.30	01:15:00.016	0.92876				2
2025.12.30	01:15:01.051	0.92875				2
2025.12.30	01:15:01.663		0.92892			4
2025.12.30	01:15:02.369		0.92898			4
2025.12.30	01:15:02.751		0.92892			4
2025.12.30	01:15:03.405	0.92874	0.92893			6
2025.12.30	01:15:04.441	0.92873	0.92897			6
2025.12.30	01:15:04.757	0.92869	0.92891			6
2025.12.30	01:15:05.063	0.92873	0.92896			6
2025.12.30	01:15:06.403	0.92874	0.92897			6
2025.12.30	01:15:07.148	0.92873				2
2025.12.30	01:15:07.484	0.92874				2
2025.12.30	01:15:08.032	0.92872				2
2025.12.30	01:15:09.303	0.92873				2
2025.12.30	01:15:11.569	0.92871	0.92893			6
2025.12.30	01:15:11.890		0.92891			4
2025.12.30	01:15:12.604		0.92893			4
2025.12.30	01:15:12.942		0.92891			4
2025.12.30	01:15:16.426	0.92873				2
2025.12.30	01:15:16.752	0.92871				2
2025.12.30	01:15:17.397		0.92892			4
2025.12.30	01:15:17.787	0.92876	0.92895			6
2025.12.30	01:15:18.170		0.92896			4
2025.12.30	01:15:18.567	0.92871	0.92891			6
2025.12.30	01:15:18.952	0.92876	0.92896			6
2025.12.30	01:15:19.259	0.92873	0.92889			6
2025.12.30	01:15:20.321	0.92872	0.92890			6
2025.12.30	01:15:23.343	0.92873				2
2025.12.30	01:15:23.693	0.92872				2
2025.12.30	01:15:28.166	0.92873	0.92889			6
2025.12.30	01:15:28.874	0.92872	0.92890			6
2025.12.30	01:15:30.231	0.92874	0.92889			6
2025.12.30	01:15:30.534	0.92872	0.92890			6
2025.12.30	01:15:31.430	0.92873				2
2025.12.30	01:15:32.409	0.92872				2
2025.12.30	01:15:34.453		0.92888			4
2025.12.30	01:15:34.898	0.92874	0.92890			6
2025.12.30	01:15:35.289		0.92888			4
2025.12.30	01:15:35.673	0.92869				2
2025.12.30	01:15:36.062	0.92874				2
2025.12.30	01:15:36.452	0.92869				2
2025.12.30	01:15:37.097	0.92872				2
2025.12.30	01:15:37.489	0.92869				2
2025.12.30	01:15:37.867	0.92872				2
2025.12.30	01:15:38.267	0.92869				2
2025.12.30	01:15:38.652	0.92872	0.92889			6
2025.12.30	01:15:38.958		0.92888			4
2025.12.30	01:15:39.271	0.92869				2
2025.12.30	01:15:40.787	0.92874				2
2025.12.30	01:15:41.118	0.92869				2
2025.12.30	01:15:41.474	0.92874				2
2025.12.30	01:15:41.892	0.92869				2
2025.12.30	01:15:42.282	0.92874				2
2025.12.30	01:15:42.660	0.92869				2
2025.12.30	01:15:43.058	0.92874				2
2025.12.30	01:15:43.448	0.92868				2
2025.12.30	01:15:44.227		0.92887			4
2025.12.30	01:15:44.616		0.92888			4
2025.12.30	01:15:45.391	0.92869	0.92887			6
2025.12.30	01:15:45.782	0.92868	0.92888			6
2025.12.30	01:15:46.578		0.92887			4
2025.12.30	01:15:46.882		0.92888			4
2025.12.30	01:15:47.208	0.92873	0.92887			6
2025.12.30	01:15:47.599	0.92868	0.92888			6
2025.12.30	01:15:47.916		0.92887			4
2025.12.30	01:15:48.242		0.92888			4
2025.12.30	01:15:48.633	0.92872				2
2025.12.30	01:15:48.973	0.92873				2
2025.12.30	01:15:49.769	0.92868				2
2025.12.30	01:15:50.187	0.92872				2
2025.12.30	01:15:50.708	0.92873				2
2025.12.30	01:15:51.019	0.92871	0.92886			6
2025.12.30	01:15:51.332	0.92873	0.92888			6
2025.12.30	01:15:51.725	0.92868	0.92889			6
2025.12.30	01:15:52.059	0.92872	0.92888			6
2025.12.30	01:15:52.392	0.92868				2
2025.12.30	01:15:52.782	0.92872				2
2025.12.30	01:15:53.171	0.92874				2
2025.12.30	01:15:53.557	0.92868				2
2025.12.30	01:15:53.949	0.92872				2
2025.12.30	01:15:54.338	0.92868				2
2025.12.30	01:15:54.983	0.92871	0.92889			6
2025.12.30	01:15:55.365	0.92868	0.92890			6
2025.12.30	01:15:55.680		0.92888			4
2025.12.30	01:15:56.022	0.92872				2
2025.12.30	01:15:56.412	0.92868	0.92889			6
2025.12.30	01:15:56.721		0.92888			4
2025.12.30	01:15:57.057	0.92869	0.92890			6
2025.12.30	01:15:57.449		0.92888			4
2025.12.30	01:15:57.836	0.92868				2
2025.12.30	01:15:58.164		0.92889			4
2025.12.30	01:15:58.481	0.92869	0.92888			6
2025.12.30	01:15:59.524		0.92889			4
2025.12.30	01:15:59.842		0.92888			4
2025.12.30	01:16:00.167	0.92869				2
2025.12.30	01:16:00.557	0.92875	0.92891			6
2025.12.30	01:16:00.866	0.92870	0.92890			6
2025.12.30	01:16:01.179	0.92869	0.92889			6
2025.12.30	01:16:01.559		0.92890			4
2025.12.30	01:16:01.872	0.92870	0.92888			6
2025.12.30	01:16:02.243	0.92869				2
2025.12.30	01:16:02.633		0.92889			4
2025.12.30	01:16:02.942	0.92868	0.92888			6
2025.12.30	01:16:04.331	0.92870				2
2025.12.30	01:16:04.708	0.92868				2
2025.12.30	01:16:05.098	0.92870				2
2025.12.30	01:16:05.483	0.92868	0.92889			6
2025.12.30	01:16:05.875		0.92888			4
2025.12.30	01:16:06.648	0.92876	0.92890			6
2025.12.30	01:16:07.038	0.92868	0.92888			6
2025.12.30	01:16:07.407	0.92869				2
2025.12.30	01:16:07.733	0.92867	0.92887			6
2025.12.30	01:16:08.073	0.92868	0.92888			6
2025.12.30	01:16:08.722	0.92869				2
2025.12.30	01:16:09.504	0.92868				2
2025.12.30	01:16:09.887	0.92869				2
2025.12.30	01:16:10.282		0.92889			4
2025.12.30	01:16:10.672	0.92876	0.92891			6
2025.12.30	01:16:11.057	0.92868	0.92889			6
2025.12.30	01:16:11.442	0.92869	0.92888			6
2025.12.30	01:16:12.268	0.92868				2
2025.12.30	01:16:12.997	0.92875				2
2025.12.30	01:16:13.300	0.92869	0.92889			6
2025.12.30	01:16:14.428	0.92871				2
2025.12.30	01:16:14.812	0.92875				2
2025.12.30	01:16:15.136		0.92891			4
2025.12.30	01:16:15.463	0.92874				2
2025.12.30	01:16:15.852	0.92878	0.92897			6
2025.12.30	01:16:16.241	0.92874	0.92891			6
2025.12.30	01:16:16.627	0.92878	0.92896			6
2025.12.30	01:16:17.017	0.92874	0.92891			6
2025.12.30	01:16:17.407	0.92878	0.92896			6
2025.12.30	01:16:17.797	0.92874	0.92891			6
2025.12.30	01:16:18.285	0.92878	0.92896			6
2025.12.30	01:16:18.702	0.92874	0.92891			6
2025.12.30	01:16:19.092	0.92878	0.92896			6
2025.12.30	01:16:19.483	0.92874	0.92891			6
2025.12.30	01:16:19.867	0.92878	0.92896			6
2025.12.30	01:16:20.257	0.92875	0.92890			6
2025.12.30	01:16:20.604	0.92871				2
2025.12.30	01:16:20.907	0.92877	0.92891			6
2025.12.30	01:16:21.297	0.92868				2
2025.12.30	01:16:21.653	0.92878				2
2025.12.30	01:16:22.072	0.92869	0.92890			6
2025.12.30	01:16:22.854	0.92878	0.92891			6
2025.12.30	01:16:23.237	0.92869	0.92890			6
2025.12.30	01:16:23.616	0.92879	0.92892			6
2025.12.30	01:16:24.018	0.92869	0.92891			6
2025.12.30	01:16:24.792	0.92879	0.92892			6
2025.12.30	01:16:25.182	0.92869				2
2025.12.30	01:16:25.572	0.92879				2
2025.12.30	01:16:25.962	0.92870	0.92891			6
2025.12.30	01:16:26.347	0.92879	0.92892			6
2025.12.30	01:16:26.659		0.92893			4
2025.12.30	01:16:26.997	0.92871	0.92891			6
2025.12.30	01:16:27.390	0.92879				2
2025.12.30	01:16:27.777	0.92870				2
2025.12.30	01:16:28.391	0.92879	0.92892			6
2025.12.30	01:16:29.072	0.92871	0.92891			6
2025.12.30	01:16:29.463	0.92878	0.92893			6
2025.12.30	01:16:29.850	0.92870	0.92891			6
2025.12.30	01:16:30.237	0.92879	0.92893			6
2025.12.30	01:16:30.886	0.92870	0.92891			6
2025.12.30	01:16:31.277	0.92878	0.92892			6
2025.12.30	01:16:31.662	0.92870	0.92890			6
2025.12.30	01:16:32.053	0.92878	0.92892			6
2025.12.30	01:16:32.442	0.92869	0.92891			6
2025.12.30	01:16:32.763		0.92890			4
2025.12.30	01:16:33.091	0.92878	0.92891			6
2025.12.30	01:16:33.477	0.92869	0.92890			6
2025.12.30	01:16:33.780		0.92891			4
2025.12.30	01:16:34.126	0.92878				2
2025.12.30	01:16:34.517	0.92869				2
2025.12.30	01:16:35.294	0.92878				2
2025.12.30	01:16:35.683	0.92869				2
2025.12.30	01:16:36.074	0.92878				2
2025.12.30	01:16:36.464	0.92869				2
2025.12.30	01:16:36.847	0.92879				2
2025.12.30	01:16:37.157	0.92878				2
2025.12.30	01:16:37.497	0.92869				2
2025.12.30	01:16:37.887	0.92879	0.92892			6
2025.12.30	01:16:38.271	0.92869	0.92891			6
2025.12.30	01:16:38.665	0.92879				2
2025.12.30	01:16:38.977	0.92875				2
2025.12.30	01:16:39.283	0.92869				2
2025.12.30	01:16:40.056	0.92875				2
2025.12.30	01:16:40.477	0.92872	0.92892			6
2025.12.30	01:16:40.868	0.92878				2
2025.12.30	01:16:41.257	0.92872				2
2025.12.30	01:16:41.648	0.92878				2
2025.12.30	01:16:42.032	0.92872				2
2025.12.30	01:16:42.422	0.92878				2
2025.12.30	01:16:42.812	0.92872				2
2025.12.30	01:16:43.204	0.92878				2
2025.12.30	01:16:43.587	0.92872				2
2025.12.30	01:16:43.977	0.92878				2
2025.12.30	01:16:44.368	0.92872				2
2025.12.30	01:16:45.142	0.92878				2
2025.12.30	01:16:45.533	0.92872				2
2025.12.30	01:16:45.921	0.92878				2
2025.12.30	01:16:46.311	0.92872	0.92893			6
2025.12.30	01:16:46.700	0.92877	0.92892			6
2025.12.30	01:16:47.086	0.92873	0.92891			6
2025.12.30	01:16:47.478	0.92877				2
2025.12.30	01:16:47.868	0.92871	0.92890			6
2025.12.30	01:16:48.254	0.92878	0.92891			6
2025.12.30	01:16:49.034	0.92871				2
2025.12.30	01:16:49.406	0.92878	0.92890			6
2025.12.30	01:16:50.197	0.92871				2
2025.12.30	01:16:50.588	0.92874				2
2025.12.30	01:16:50.977	0.92871				2
2025.12.30	01:16:51.367	0.92879	0.92892			6
2025.12.30	01:16:51.700	0.92878	0.92890			6
2025.12.30	01:16:52.014	0.92871				2
2025.12.30	01:16:52.402	0.92878				2
2025.12.30	01:16:53.046	0.92870				2
2025.12.30	01:16:53.437	0.92878	0.92891			6
2025.12.30	01:16:53.827	0.92870	0.92890			6
2025.12.30	01:16:54.218	0.92878				2
2025.12.30	01:16:54.606	0.92870				2
2025.12.30	01:16:54.992	0.92878	0.92891			6
2025.12.30	01:16:55.382	0.92870	0.92890			6
2025.12.30	01:16:55.698	0.92871				2
2025.12.30	01:16:56.035	0.92878				2
2025.12.30	01:16:56.416	0.92871				2
2025.12.30	01:16:56.808	0.92878				2
2025.12.30	01:16:57.196	0.92871				2
2025.12.30	01:16:57.588	0.92878	0.92891			6
2025.12.30	01:16:57.907		0.92890			4
2025.12.30	01:16:58.231	0.92871				2
2025.12.30	01:16:59.011	0.92878				2
2025.12.30	01:16:59.403	0.92871				2
2025.12.30	01:16:59.793	0.92878				2
2025.12.30	01:17:00.177	0.92870				2
2025.12.30	01:17:00.567	0.92878				2
2025.12.30	01:17:01.220	0.92870				2
2025.12.30	01:17:01.608	0.92878				2
2025.12.30	01:17:01.992	0.92870				2
2025.12.30	01:17:02.383	0.92878				2
2025.12.30	01:17:02.773	0.92870				2
2025.12.30	01:17:03.162	0.92878				2
2025.12.30	01:17:03.548	0.92870				2
2025.12.30	01:17:03.937	0.92878				2
2025.12.30	01:17:04.718	0.92870				2
2025.12.30	01:17:05.103	0.92878				2
2025.12.30	01:17:05.491	0.92870				2
2025.12.30	01:17:05.882	0.92878				2
2025.12.30	01:17:06.271	0.92870				2
2025.12.30	01:17:06.657	0.92878				2
2025.12.30	01:17:07.050	0.92870				2
2025.12.30	01:17:07.437	0.92879				2
2025.12.30	01:17:07.829	0.92870				2
2025.12.30	01:17:08.218	0.92879				2
2025.12.30	01:17:08.602	0.92870				2
2025.12.30	01:17:08.992	0.92878				2
2025.12.30	01:17:09.384	0.92871				2
2025.12.30	01:17:09.773	0.92879				2
2025.12.30	01:17:10.157	0.92871				2
2025.12.30	01:17:10.520	0.92874				2
2025.12.30	01:17:10.937	0.92870				2
2025.12.30	01:17:11.318	0.92874				2
2025.12.30	01:17:11.713	0.92871				2
2025.12.30	01:17:12.103	0.92873				2
2025.12.30	01:17:12.491	0.92871				2
2025.12.30	01:17:12.883	0.92874				2
2025.12.30	01:17:13.267	0.92871	0.92891			6
2025.12.30	01:17:13.571		0.92892			4
2025.12.30	01:17:14.307	0.92869	0.92891			6
2025.12.30	01:17:14.618	0.92870	0.92892			6
2025.12.30	01:17:14.957	0.92871				2
2025.12.30	01:17:15.258	0.92873	0.92890			6
2025.12.30	01:17:15.602	0.92870	0.92891			6
2025.12.30	01:17:15.992	0.92873				2
2025.12.30	01:17:16.298		0.92890			4
2025.12.30	01:17:16.625	0.92870	0.92891			6
2025.12.30	01:17:17.288	0.92873	0.92890			6
2025.12.30	01:17:17.590		0.92891			4
2025.12.30	01:17:17.937	0.92868				2
2025.12.30	01:17:18.326	0.92872	0.92892			6
2025.12.30	01:17:18.712	0.92869	0.92891			6
2025.12.30	01:17:19.102	0.92874				2
2025.12.30	01:17:19.406	0.92872	0.92892			6
2025.12.30	01:17:19.752	0.92869	0.92891			6
2025.12.30	01:17:20.103	0.92873				2
2025.12.30	01:17:20.411	0.92872	0.92892			6
2025.12.30	01:17:20.789	0.92868	0.92891			6
2025.12.30	01:17:21.177	0.92874				2
2025.12.30	01:17:21.479	0.92873				2
2025.12.30	01:17:21.825	0.92868				2
2025.12.30	01:17:22.196	0.92873	0.92890			6
2025.12.30	01:17:22.501		0.92891			4
2025.12.30	01:17:22.862	0.92868	0.92889			6
2025.12.30	01:17:23.250	0.92874				2
2025.12.30	01:17:23.603	0.92870				2
2025.12.30	01:17:23.922	0.92874				2
2025.12.30	01:17:24.288	0.92868				2
2025.12.30	01:17:24.676	0.92874				2
2025.12.30	01:17:25.452	0.92870				2
2025.12.30	01:17:25.875	0.92869				2
2025.12.30	01:17:26.233	0.92874				2
2025.12.30	01:17:26.620	0.92869				2
2025.12.30	01:17:27.008	0.92874				2
2025.12.30	01:17:27.397	0.92869				2
2025.12.30	01:17:27.784	0.92874	0.92890			6
2025.12.30	01:17:28.174	0.92870				2
2025.12.30	01:17:28.562	0.92874	0.92889			6
2025.12.30	01:17:28.953	0.92869				2
2025.12.30	01:17:29.342	0.92874				2
2025.12.30	01:17:29.727	0.92869	0.92890			6
2025.12.30	01:17:30.116	0.92874				2
2025.12.30	01:17:30.507	0.92869	0.92889			6
2025.12.30	01:17:30.894	0.92874				2
2025.12.30	01:17:31.287	0.92869				2
2025.12.30	01:17:31.674	0.92874				2
2025.12.30	01:17:32.063	0.92869				2
2025.12.30	01:17:32.453	0.92875				2
2025.12.30	01:17:32.842	0.92870				2
2025.12.30	01:17:33.232	0.92875				2
2025.12.30	01:17:33.618	0.92869				2
2025.12.30	01:17:34.008	0.92874				2
2025.12.30	01:17:34.397	0.92868				2
2025.12.30	01:17:34.782	0.92875				2
2025.12.30	01:17:35.174	0.92869				2
2025.12.30	01:17:35.563	0.92875				2
2025.12.30	01:17:35.952	0.92868				2
2025.12.30	01:17:36.342	0.92874				2
2025.12.30	01:17:36.728	0.92868				2
2025.12.30	01:17:37.112	0.92874				2
2025.12.30	01:17:37.506	0.92868				2
2025.12.30	01:17:37.897	0.92874				2
2025.12.30	01:17:38.282	0.92868				2
2025.12.30	01:17:38.672	0.92874				2
2025.12.30	01:17:39.062	0.92868				2
2025.12.30	01:17:39.454	0.92874				2
2025.12.30	01:17:39.838	0.92868				2
2025.12.30	01:17:40.226	0.92869	0.92892			6
2025.12.30	01:17:40.530		0.92890			4
2025.12.30	01:17:41.007	0.92872				2
2025.12.30	01:17:41.397	0.92869	0.92891			6
2025.12.30	01:17:41.699		0.92890			4
2025.12.30	01:17:42.699		0.92889			4
2025.12.30	01:17:43.084	0.92873				2
2025.12.30	01:17:43.467	0.92868	0.92891			6
2025.12.30	01:17:43.857	0.92870				2
2025.12.30	01:17:44.247	0.92868				2
2025.12.30	01:17:46.453		0.92890			4
2025.12.30	01:17:46.781		0.92891			4
2025.12.30	01:17:48.133	0.92870	0.92889			6
2025.12.30	01:17:48.440	0.92868	0.92892			6
2025.12.30	01:17:48.783		0.92891			4
2025.12.30	01:17:49.173	0.92867	0.92890			6
2025.12.30	01:17:49.478		0.92892			4
2025.12.30	01:17:49.817	0.92871	0.92891			6
2025.12.30	01:17:50.206	0.92867				2
2025.12.30	01:17:50.599	0.92873	0.92892			6
2025.12.30	01:17:50.987	0.92867	0.92893			6
2025.12.30	01:17:51.372	0.92871				2
2025.12.30	01:17:51.762	0.92868				2
2025.12.30	01:17:52.153	0.92872				2
2025.12.30	01:17:52.458	0.92871				2
2025.12.30	01:17:52.797	0.92868				2
2025.12.30	01:17:53.191	0.92873	0.92891			6
2025.12.30	01:17:53.577	0.92868	0.92893			6
2025.12.30	01:17:53.967	0.92873				2
2025.12.30	01:17:54.357	0.92868				2
2025.12.30	01:17:54.742	0.92871	0.92892			6
2025.12.30	01:17:55.132	0.92868	0.92893			6
2025.12.30	01:17:55.486	0.92872				2
2025.12.30	01:17:55.912	0.92868				2
2025.12.30	01:17:56.297	0.92874	0.92892			6
2025.12.30	01:17:56.597	0.92872	0.92893			6
2025.12.30	01:17:56.947	0.92869				2
2025.12.30	01:17:57.337	0.92868	0.92892			6
2025.12.30	01:17:57.642	0.92874				2
2025.12.30	01:17:57.980	0.92880	0.92893			6
2025.12.30	01:18:00.145	0.92880				2
2025.12.30	01:18:01.801	0.92881				2
2025.12.30	01:18:03.248	0.92879	0.92891			6
2025.12.30	01:18:05.402	0.92880				2
2025.12.30	01:18:10.531		0.92890			4
2025.12.30	01:18:12.422	0.92877	0.92888			6
2025.12.30	01:18:29.910		0.92889			4
2025.12.30	01:18:33.004		0.92888			4
2025.12.30	01:18:37.017	0.92876	0.92889			6
2025.12.30	01:18:37.750	0.92877				2
2025.12.30	01:18:39.603		0.92888			4
2025.12.30	01:18:41.413		0.92889			4
2025.12.30	01:18:41.817		0.92890			4
2025.12.30	01:18:42.392	0.92878				2
2025.12.30	01:18:42.759	0.92879	0.92889			6
2025.12.30	01:18:43.481	0.92878				2
2025.12.30	01:18:50.536	0.92877				2
2025.12.30	01:18:51.063	0.92878				2
2025.12.30	01:18:53.175		0.92888			4
2025.12.30	01:18:58.179		0.92890			4
2025.12.30	01:18:59.001		0.92889			4
2025.12.30	01:18:59.508		0.92890			4
2025.12.30	01:19:00.382	0.92878				2
2025.12.30	01:19:04.472		0.92889			4
2025.12.30	01:19:04.982		0.92890			4
2025.12.30	01:19:07.203		0.92889			4
2025.12.30	01:19:08.043		0.92888			4
2025.12.30	01:19:15.342	0.92877	0.92889			6
2025.12.30	01:19:15.805	0.92876	0.92888			6
2025.12.30	01:19:18.385		0.92889			4
2025.12.30	01:19:21.383		0.92888			4
2025.12.30	01:19:25.640	0.92877				2
2025.12.30	01:19:27.303	0.92876	0.92889			6
2025.12.30	01:19:27.706	0.92878	0.92887			6
2025.12.30	01:19:30.903		0.92888			4
2025.12.30	01:19:33.603		0.92887			4
2025.12.30	01:19:34.040		0.92888			4
2025.12.30	01:19:37.785		0.92887			4
2025.12.30	01:19:40.521	0.92877	0.92889			6
2025.12.30	01:19:42.662	0.92878	0.92888			6
2025.12.30	01:19:47.749	0.92877	0.92889			6
2025.12.30	01:19:51.303		0.92890			4
2025.12.30	01:19:58.307		0.92889			4
2025.12.30	01:20:00.381	0.92877	0.92890			6
2025.12.30	01:20:01.277		0.92889			4
2025.12.30	01:20:02.916	0.92878	0.92888			6
2025.12.30	01:20:06.902		0.92889			4
2025.12.30	01:20:07.336		0.92887			4
2025.12.30	01:20:08.047	0.92877	0.92889			6
2025.12.30	01:20:26.240		0.92888			4
2025.12.30	01:20:35.329	0.92876	0.92889			6
2025.12.30	01:20:35.720		0.92888			4
2025.12.30	01:20:36.704	0.92878	0.92887			6
2025.12.30	01:20:37.747	0.92877				2
2025.12.30	01:20:40.504		0.92888			4
2025.12.30	01:20:41.061	0.92876				2
2025.12.30	01:20:41.869	0.92877	0.92887			6
2025.12.30	01:20:43.238	0.92876	0.92888			6
2025.12.30	01:20:43.825	0.92877	0.92887			6
2025.12.30	01:20:47.539		0.92888			4
2025.12.30	01:20:48.763	0.92878	0.92887			6
2025.12.30	01:20:49.585	0.92877	0.92888			6
2025.12.30	01:20:50.874		0.92887			4
2025.12.30	01:20:52.669	0.92878	0.92888			6
2025.12.30	01:20:52.981	0.92876	0.92890			6
2025.12.30	01:20:55.502		0.92889			4
2025.12.30	01:21:00.385	0.92880	0.92892			6
2025.12.30	01:21:01.951		0.92891			4
2025.12.30	01:21:02.283	0.92879	0.92892			6
2025.12.30	01:21:02.733	0.92880	0.92891			6
2025.12.30	01:21:03.139		0.92890			4
2025.12.30	01:21:03.444	0.92879	0.92892			6
2025.12.30	01:21:04.351	0.92880	0.92890			6
2025.12.30	01:21:04.658	0.92879	0.92891			6
2025.12.30	01:21:05.385	0.92880				2
2025.12.30	01:21:06.304		0.92890			4
2025.12.30	01:21:06.691		0.92891			4
2025.12.30	01:21:08.631	0.92882	0.92892			6
2025.12.30	01:21:10.699		0.92893			4
2025.12.30	01:21:11.574		0.92891			4
2025.12.30	01:21:12.223		0.92892			4
2025.12.30	01:21:13.290		0.92891			4
2025.12.30	01:21:13.631		0.92893			4
2025.12.30	01:21:14.908		0.92892			4
2025.12.30	01:21:15.224		0.92891			4
2025.12.30	01:21:15.539		0.92892			4
2025.12.30	01:21:16.271		0.92893			4
2025.12.30	01:21:18.891		0.92891			4
2025.12.30	01:21:19.249		0.92892			4
2025.12.30	01:21:22.743		0.92891			4
2025.12.30	01:21:27.483		0.92892			4
2025.12.30	01:21:29.477		0.92891			4
2025.12.30	01:21:31.591	0.92878				2
2025.12.30	01:21:33.688		0.92890			4
2025.12.30	01:21:35.954		0.92891			4
2025.12.30	01:21:37.104		0.92892			4
2025.12.30	01:21:37.775	0.92879	0.92891			6
2025.12.30	01:21:38.155		0.92892			4
2025.12.30	01:21:39.004		0.92891			4
2025.12.30	01:21:40.488		0.92892			4
2025.12.30	01:21:41.624	0.92878	0.92891			6
2025.12.30	01:21:42.300	0.92879				2
2025.12.30	01:21:43.806	0.92880				2
2025.12.30	01:21:46.502	0.92879	0.92892			6
2025.12.30	01:21:51.310	0.92880				2
2025.12.30	01:21:52.066	0.92879				2
2025.12.30	01:22:00.378	0.92880				2
2025.12.30	01:22:02.239	0.92879				2
2025.12.30	01:22:05.299	0.92880	0.92891			6
2025.12.30	01:22:09.001	0.92879				2
2025.12.30	01:22:15.614		0.92892			4
2025.12.30	01:22:18.804	0.92880				2
2025.12.30	01:22:21.902		0.92891			4
2025.12.30	01:22:23.923	0.92879	0.92892			6
2025.12.30	01:22:28.889		0.92891			4
2025.12.30	01:22:29.900	0.92878	0.92892			6
2025.12.30	01:22:34.079	0.92879	0.92891			6
2025.12.30	01:22:35.461	0.92878	0.92892			6
2025.12.30	01:22:36.510		0.92891			4
2025.12.30	01:22:37.677		0.92892			4
2025.12.30	01:22:39.621	0.92879	0.92891			6
2025.12.30	01:22:40.465	0.92878				2
2025.12.30	01:22:42.925	0.92879				2
2025.12.30	01:22:43.765	0.92878	0.92892			6
2025.12.30	01:22:44.799		0.92891			4
2025.12.30	01:22:45.116	0.92879	0.92892			6
2025.12.30	01:22:52.506		0.92891			4
2025.12.30	01:22:53.185	0.92880	0.92892			6
2025.12.30	01:22:54.198		0.92893			4
2025.12.30	01:22:56.271		0.92892			4
2025.12.30	01:23:00.002	0.92880				2
2025.12.30	01:23:02.701	0.92881	0.92891			6
2025.12.30	01:23:03.004	0.92879	0.92892			6
2025.12.30	01:23:03.446		0.92891			4
2025.12.30	01:23:03.868	0.92885	0.92896			6
2025.12.30	01:23:04.181		0.92898			4
2025.12.30	01:23:04.542	0.92884				2
2025.12.30	01:23:05.132	0.92885	0.92897			6
2025.12.30	01:23:08.671	0.92884	0.92898			6
2025.12.30	01:23:09.023	0.92885	0.92897			6
2025.12.30	01:23:09.353		0.92898			4
2025.12.30	01:23:10.042	0.92884	0.92897			6
2025.12.30	01:23:10.872	0.92886	0.92895			6
2025.12.30	01:23:11.189	0.92884	0.92896			6
2025.12.30	01:23:14.544		0.92895			4
2025.12.30	01:23:16.803		0.92896			4
2025.12.30	01:23:17.437	0.92885	0.92895			6
2025.12.30	01:23:17.757	0.92884				2
2025.12.30	01:23:18.775	0.92882	0.92896			6
2025.12.30	01:23:21.673	0.92883	0.92895			6
2025.12.30	01:23:22.732	0.92882	0.92896			6
2025.12.30	01:23:28.224	0.92883				2
2025.12.30	01:23:31.244	0.92884				2
2025.12.30	01:23:32.590	0.92883	0.92895			6
2025.12.30	01:23:33.841		0.92896			4
2025.12.30	01:23:34.783		0.92895			4
2025.12.30	01:23:37.501		0.92896			4
2025.12.30	01:23:40.884		0.92895			4
2025.12.30	01:23:42.388	0.92884				2
2025.12.30	01:23:47.619	0.92885				2
2025.12.30	01:23:51.003	0.92884				2
2025.12.30	01:23:55.625	0.92885				2
2025.12.30	01:23:59.015	0.92886	0.92896			6
2025.12.30	01:23:59.321		0.92895			4
2025.12.30	01:23:59.684	0.92885				2
2025.12.30	01:24:00.732	0.92885	0.92896			6
2025.12.30	01:24:01.756	0.92884	0.92897			6
2025.12.30	01:24:08.357	0.92885				2
2025.12.30	01:24:10.367	0.92892	0.92901			6
2025.12.30	01:24:18.313		0.92902			4
2025.12.30	01:24:18.694		0.92901			4
2025.12.30	01:25:00.381	0.92893	0.92902			6
2025.12.30	01:25:01.424	0.92892	0.92901			6
2025.12.30	01:25:03.002	0.92893	0.92902			6
2025.12.30	01:25:12.874	0.92892	0.92901			6
2025.12.30	01:25:15.117	0.92893	0.92902			6
2025.12.30	01:25:18.647	0.92892	0.92901			6
2025.12.30	01:25:19.105		0.92902			4
2025.12.30	01:25:20.140	0.92893				2
2025.12.30	01:25:20.465	0.92894	0.92903			6
2025.12.30	01:25:21.303	0.92892	0.92902			6
2025.12.30	01:25:21.705	0.92893				2
2025.12.30	01:25:22.338		0.92903			4
2025.12.30	01:25:23.372		0.92902			4
2025.12.30	01:25:26.905		0.92903			4
2025.12.30	01:25:28.625		0.92902			4
2025.12.30	01:25:30.707		0.92903			4
2025.12.30	01:25:32.101		0.92902			4
2025.12.30	01:25:33.714		0.92903			4
2025.12.30	01:25:34.501	0.92894				2
2025.12.30	01:25:34.806		0.92904			4
2025.12.30	01:25:42.913		0.92903			4
2025.12.30	01:25:43.916		0.92904			4
2025.12.30	01:25:45.113		0.92903			4
2025.12.30	01:25:45.978		0.92904			4
2025.12.30	01:25:50.911		0.92903			4
2025.12.30	01:25:54.269		0.92904			4
2025.12.30	01:25:56.197	0.92893	0.92903			6
2025.12.30	01:25:56.544	0.92894				2
2025.12.30	01:25:57.219	0.92893				2
2025.12.30	01:26:00.307	0.92894				2
2025.12.30	01:26:01.314	0.92893	0.92904			6
2025.12.30	01:26:02.295	0.92894	0.92903			6
2025.12.30	01:26:03.153	0.92893	0.92902			6
2025.12.30	01:26:03.496		0.92903			4
2025.12.30	01:26:04.182		0.92902			4
2025.12.30	01:26:04.703	0.92892	0.92903			6
2025.12.30	01:26:05.023	0.92893	0.92902			6
2025.12.30	01:26:06.412		0.92903			4
2025.12.30	01:26:07.513		0.92902			4
2025.12.30	01:26:10.639	0.92894	0.92903			6
2025.12.30	01:26:12.013	0.92893				2
2025.12.30	01:26:12.694	0.92894				2
2025.12.30	01:26:14.671	0.92893	0.92902			6
2025.12.30	01:26:17.432	0.92892				2
2025.12.30	01:26:17.872	0.92893	0.92901			6
2025.12.30	01:26:28.234		0.92902			4
2025.12.30	01:26:30.225	0.92892				2
2025.12.30	01:26:31.342	0.92893	0.92901			6
2025.12.30	01:26:34.454	0.92892				2
2025.12.30	01:26:36.524		0.92902			4
2025.12.30	01:26:38.593	0.92893	0.92901			6
2025.12.30	01:26:40.668		0.92902			4
2025.12.30	01:26:45.404	0.92892				2
2025.12.30	01:26:45.779		0.92903			4
2025.12.30	01:26:52.612	0.92893				2
2025.12.30	01:26:54.590		0.92902			4
2025.12.30	01:27:00.808	0.92893				2
2025.12.30	01:27:03.916	0.92897	0.92907			6
2025.12.30	01:27:04.552	0.92898	0.92908			6
2025.12.30	01:27:04.949		0.92907			4
2025.12.30	01:27:06.528		0.92906			4
2025.12.30	01:27:07.552	0.92897				2
2025.12.30	01:27:08.544		0.92907			4
2025.12.30	01:27:09.588	0.92899				2
2025.12.30	01:27:11.679		0.92908			4
2025.12.30	01:27:12.688		0.92907			4
2025.12.30	01:27:14.708	0.92898	0.92906			6
2025.12.30	01:27:20.946		0.92905			4
2025.12.30	01:27:22.059		0.92906			4
2025.12.30	01:27:22.394		0.92907			4
2025.12.30	01:27:24.668		0.92908			4
2025.12.30	01:27:25.688	0.92899				2
2025.12.30	01:27:26.461	0.92898	0.92909			6
2025.12.30	01:27:26.805	0.92899	0.92908			6
2025.12.30	01:27:30.543		0.92907			4
2025.12.30	01:27:31.569	0.92898	0.92908			6
2025.12.30	01:27:32.808		0.92907			4
2025.12.30	01:27:35.924		0.92908			4
2025.12.30	01:27:36.930		0.92907			4
2025.12.30	01:27:39.030	0.92899	0.92908			6
2025.12.30	01:27:48.806	0.92900				2
2025.12.30	01:28:00.003	0.92900				2
2025.12.30	01:28:03.117	0.92899				2
2025.12.30	01:28:03.572	0.92900				2
2025.12.30	01:28:07.391	0.92899				2
2025.12.30	01:28:10.506		0.92909			4
2025.12.30	01:28:13.269		0.92908			4
2025.12.30	01:28:31.363		0.92909			4
2025.12.30	01:28:33.065		0.92908			4
2025.12.30	01:28:44.701	0.92902	0.92911			6
2025.12.30	01:28:45.017	0.92901	0.92910			6
2025.12.30	01:28:45.363	0.92902	0.92911			6
2025.12.30	01:28:45.740		0.92912			4
2025.12.30	01:28:46.084		0.92911			4
2025.12.30	01:28:50.789		0.92910			4
2025.12.30	01:28:57.534	0.92901				2
2025.12.30	01:28:59.599		0.92909			4
2025.12.30	01:29:00.874	0.92901				2
2025.12.30	01:29:06.075		0.92910			4
2025.12.30	01:29:08.859		0.92908			4
2025.12.30	01:29:26.151		0.92912			4
2025.12.30	01:29:30.314		0.92910			4
2025.12.30	01:29:30.978		0.92909			4
2025.12.30	01:29:31.510		0.92908			4
2025.12.30	01:29:35.984	0.92900				2
2025.12.30	01:29:41.329	0.92901	0.92909			6
2025.12.30	01:29:43.376	0.92902				2
2025.12.30	01:29:46.341	0.92901	0.92910			6
2025.12.30	01:29:47.463		0.92908			4
2025.12.30	01:29:50.471	0.92905	0.92912			6
2025.12.30	01:29:51.660	0.92903	0.92913			6
2025.12.30	01:29:51.964		0.92912			4
2025.12.30	01:29:57.072	0.92902	0.92911			6
2025.12.30	01:30:00.256	0.92903	0.92912			6
2025.12.30	01:30:02.551		0.92911			4
2025.12.30	01:30:03.225	0.92906				2
2025.12.30	01:30:04.477	0.92903	0.92908			6
2025.12.30	01:30:04.784	0.92904	0.92909			6
2025.12.30	01:30:06.669	0.92901	0.92910			6
2025.12.30	01:30:15.369		0.92911			4
2025.12.30	01:30:17.506	0.92902				2
2025.12.30	01:30:22.502	0.92901				2
2025.12.30	01:30:23.873	0.92903	0.92912			6
2025.12.30	01:30:24.208		0.92911			4
2025.12.30	01:30:24.844		0.92912			4
2025.12.30	01:30:28.452	0.92904				2
2025.12.30	01:30:29.620		0.92914			4
2025.12.30	01:30:30.386	0.92905	0.92913			6
2025.12.30	01:30:31.564		0.92914			4
2025.12.30	01:30:35.925	0.92904				2
2025.12.30	01:30:38.701	0.92905				2
2025.12.30	01:30:41.081	0.92904				2
2025.12.30	01:30:42.750	0.92905				2
2025.12.30	01:30:50.954		0.92913			4
2025.12.30	01:30:52.991		0.92914			4
2025.12.30	01:30:55.034		0.92913			4
2025.12.30	01:30:56.541	0.92904	0.92914			6
2025.12.30	01:30:58.051	0.92905				2
2025.12.30	01:31:05.114	0.92905				2
2025.12.30	01:31:08.479		0.92913			4
2025.12.30	01:31:11.136		0.92914			4
2025.12.30	01:31:13.722	0.92904				2
2025.12.30	01:31:16.607	0.92905	0.92913			6
2025.12.30	01:31:18.071	0.92904				2
2025.12.30	01:31:18.407		0.92915			4
2025.12.30	01:31:18.824	0.92903	0.92914			6
2025.12.30	01:31:19.203	0.92904	0.92915			6
2025.12.30	01:31:22.054		0.92914			4
2025.12.30	01:31:22.556		0.92915			4
2025.12.30	01:31:23.577		0.92914			4
2025.12.30	01:31:24.726	0.92905	0.92915			6
2025.12.30	01:31:26.482	0.92904				2
2025.12.30	01:31:36.002	0.92905				2
2025.12.30	01:31:38.154	0.92904				2
2025.12.30	01:31:39.459	0.92903	0.92914			6
2025.12.30	01:31:42.201	0.92904				2
2025.12.30	01:31:43.002	0.92905	0.92915			6
2025.12.30	01:31:43.319	0.92906	0.92914			6
2025.12.30	01:31:49.165	0.92905	0.92913			6
2025.12.30	01:31:49.489		0.92914			4
2025.12.30	01:31:49.828	0.92904				2
2025.12.30	01:31:50.288	0.92905				2
2025.12.30	01:31:53.439	0.92904				2
2025.12.30	01:32:00.392	0.92904				2
2025.12.30	01:32:03.775		0.92909			4
2025.12.30	01:32:04.765		0.92913			4
2025.12.30	01:32:06.790	0.92905	0.92914			6
2025.12.30	01:32:09.093	0.92904	0.92913			6
2025.12.30	01:32:11.378	0.92903	0.92911			6
2025.12.30	01:32:15.023	0.92902	0.92910			6
2025.12.30	01:32:20.821	0.92901	0.92908			6
2025.12.30	01:32:49.879		0.92909			4
2025.12.30	01:32:55.274		0.92908			4
2025.12.30	01:32:59.991		0.92909			4
2025.12.30	01:33:00.535	0.92901				2
2025.12.30	01:33:02.133	0.92907	0.92911			6
2025.12.30	01:33:04.531	0.92908	0.92915			6
2025.12.30	01:33:11.923		0.92914			4
2025.12.30	01:33:13.927		0.92915			4
2025.12.30	01:33:14.954		0.92914			4
2025.12.30	01:33:16.072		0.92915			4
2025.12.30	01:33:45.139		0.92916			4
2025.12.30	01:33:45.823		0.92915			4
2025.12.30	01:33:46.157		0.92916			4
2025.12.30	01:33:46.715		0.92915			4
2025.12.30	01:33:47.018		0.92916			4
2025.12.30	01:33:47.927		0.92915			4
2025.12.30	01:33:48.270		0.92916			4
2025.12.30	01:33:48.671	0.92910	0.92917			6
2025.12.30	01:33:52.008	0.92911	0.92920			6
2025.12.30	01:33:52.334		0.92919			4
2025.12.30	01:34:02.953	0.92911				2
2025.12.30	01:34:10.204		0.92920			4
2025.12.30	01:34:12.008		0.92919			4
2025.12.30	01:34:18.429		0.92918			4
2025.12.30	01:34:21.601		0.92919			4
2025.12.30	01:34:28.989		0.92920			4
2025.12.30	01:34:30.094		0.92919			4
2025.12.30	01:34:31.198		0.92920			4
2025.12.30	01:34:42.472	0.92910	0.92919			6
2025.12.30	01:34:42.778	0.92912				2
2025.12.30	01:34:43.759	0.92911				2
2025.12.30	01:34:44.791	0.92912				2
2025.12.30	01:34:45.827	0.92911				2
2025.12.30	01:34:46.253	0.92912	0.92920			6
2025.12.30	01:34:48.875	0.92911				2
2025.12.30	01:34:49.179	0.92912				2
2025.12.30	01:34:53.810	0.92910	0.92922			6
2025.12.30	01:34:54.187	0.92912	0.92920			6
2025.12.30	01:35:00.275	0.92912				2
2025.12.30	01:35:01.096	0.92910	0.92922			6
2025.12.30	01:35:01.442	0.92912	0.92920			6
2025.12.30	01:35:02.347		0.92921			4
2025.12.30	01:35:03.386		0.92920			4
2025.12.30	01:35:09.603		0.92921			4
2025.12.30	01:35:10.535		0.92920			4
2025.12.30	01:35:10.850	0.92909	0.92918			6
2025.12.30	01:35:12.332	0.92910	0.92919			6
2025.12.30	01:35:18.603	0.92911				2
2025.12.30	01:35:49.202	0.92912				2
2025.12.30	01:35:55.740	0.92910	0.92918			6
2025.12.30	01:36:00.946	0.92910				2
2025.12.30	01:36:03.525	0.92909	0.92919			6
2025.12.30	01:36:05.763	0.92910	0.92918			6
2025.12.30	01:36:08.736	0.92909				2
2025.12.30	01:36:10.816	0.92910				2
2025.12.30	01:36:13.904	0.92909				2
2025.12.30	01:36:14.860	0.92910				2
2025.12.30	01:36:17.023	0.92909				2
2025.12.30	01:36:19.235	0.92910				2
2025.12.30	01:36:24.284	0.92909	0.92919			6
2025.12.30	01:36:26.103	0.92910	0.92918			6
2025.12.30	01:36:28.418	0.92909	0.92919			6
2025.12.30	01:36:29.595	0.92910	0.92918			6
2025.12.30	01:36:32.564	0.92909	0.92919			6
2025.12.30	01:36:34.202	0.92910	0.92918			6
2025.12.30	01:36:37.922	0.92909				2
2025.12.30	01:36:40.218	0.92910	0.92917			6
2025.12.30	01:36:43.151	0.92909	0.92918			6
2025.12.30	01:36:46.202	0.92910				2
2025.12.30	01:36:49.414	0.92909				2
2025.12.30	01:36:51.615	0.92910				2
2025.12.30	01:36:54.595	0.92909				2
2025.12.30	01:36:55.632		0.92919			4
2025.12.30	01:36:56.176	0.92910	0.92918			6
2025.12.30	01:36:56.650	0.92911	0.92919			6
2025.12.30	01:36:58.740		0.92918			4
2025.12.30	01:37:00.786	0.92911				2
2025.12.30	01:37:01.655	0.92910				2
2025.12.30	01:37:03.388	0.92911	0.92919			6
2025.12.30	01:37:06.282	0.92910	0.92918			6
2025.12.30	01:37:07.599		0.92917			4
2025.12.30	01:37:12.393	0.92911	0.92919			6
2025.12.30	01:37:19.465		0.92921			4
2025.12.30	01:37:20.442	0.92910	0.92919			6
2025.12.30	01:37:22.512	0.92909	0.92920			6
2025.12.30	01:37:22.833	0.92910	0.92919			6
2025.12.30	01:37:29.401		0.92920			4
2025.12.30	01:37:34.071	0.92909	0.92917			6
2025.12.30	01:37:34.887		0.92916			4
2025.12.30	01:37:37.208		0.92917			4
2025.12.30	01:38:00.464	0.92909				2
2025.12.30	01:38:20.605		0.92918			4
2025.12.30	01:38:21.671		0.92917			4
2025.12.30	01:38:23.738		0.92918			4
2025.12.30	01:38:24.603		0.92917			4
2025.12.30	01:38:29.971		0.92918			4
2025.12.30	01:38:31.014		0.92917			4
2025.12.30	01:38:36.016	0.92910				2
2025.12.30	01:38:36.413		0.92918			4
2025.12.30	01:38:47.274		0.92919			4
2025.12.30	01:38:48.302		0.92918			4
2025.12.30	01:38:49.078		0.92919			4
2025.12.30	01:38:54.624		0.92918			4
2025.12.30	01:39:00.377	0.92910				2
2025.12.30	01:39:05.670		0.92919			4
2025.12.30	01:39:07.021	0.92911	0.92921			6
2025.12.30	01:39:09.302	0.92912	0.92920			6
2025.12.30	01:39:14.987	0.92911				2
2025.12.30	01:39:17.796	0.92912	0.92921			6
2025.12.30	01:39:21.431		0.92922			4
2025.12.30	01:39:24.602	0.92913				2
2025.12.30	01:39:28.746		0.92923			4
2025.12.30	01:39:30.393	0.92912	0.92920			6
2025.12.30	01:39:42.603	0.92913				2
2025.12.30	01:39:48.583	0.92912				2
2025.12.30	01:39:52.489	0.92913	0.92924			6
2025.12.30	01:39:55.445	0.92914	0.92923			6
2025.12.30	01:39:57.391		0.92922			4
2025.12.30	01:40:03.050	0.92914				2
2025.12.30	01:40:05.702		0.92923			4
2025.12.30	01:40:11.239	0.92913	0.92922			6
2025.12.30	01:40:13.802		0.92923			4
2025.12.30	01:40:17.602	0.92910	0.92918			6
2025.12.30	01:40:18.345	0.92906	0.92914			6
2025.12.30	01:40:18.957		0.92913			4
2025.12.30	01:40:19.781	0.92904				2
2025.12.30	01:40:20.791		0.92914			4
2025.12.30	01:40:21.841		0.92913			4
2025.12.30	01:40:22.878		0.92914			4
2025.12.30	01:40:23.561		0.92913			4
2025.12.30	01:40:25.986	0.92903	0.92914			6
2025.12.30	01:40:28.189	0.92904	0.92913			6
2025.12.30	01:40:30.014	0.92903				2
2025.12.30	01:40:31.165	0.92902	0.92908			6
2025.12.30	01:40:32.804		0.92907			4
2025.12.30	01:40:36.349	0.92903	0.92908			6
2025.12.30	01:40:37.615	0.92905	0.92914			6
2025.12.30	01:40:43.909	0.92904	0.92911			6
2025.12.30	01:40:46.732	0.92903	0.92912			6
2025.12.30	01:40:48.133	0.92904	0.92911			6
2025.12.30	01:40:50.984	0.92903	0.92912			6
2025.12.30	01:40:51.601	0.92904	0.92911			6
2025.12.30	01:41:00.376	0.92905	0.92913			6
2025.12.30	01:41:00.681	0.92906	0.92915			6
2025.12.30	01:41:09.850	0.92908	0.92914			6
2025.12.30	01:41:10.158		0.92915			4
2025.12.30	01:41:14.300	0.92907	0.92916			6
2025.12.30	01:41:15.362	0.92908	0.92915			6
2025.12.30	01:41:21.550		0.92916			4
2025.12.30	01:41:23.648	0.92909	0.92915			6
2025.12.30	01:41:24.661	0.92907	0.92917			6
2025.12.30	01:41:24.995	0.92908	0.92915			6
2025.12.30	01:41:25.990	0.92909	0.92916			6
2025.12.30	01:41:27.029		0.92917			4
2025.12.30	01:41:33.641	0.92910				2
2025.12.30	01:41:37.883	0.92909				2
2025.12.30	01:41:40.299	0.92908	0.92916			6
2025.12.30	01:41:41.434		0.92915			4
2025.12.30	01:41:57.950		0.92916			4
2025.12.30	01:41:58.987		0.92915			4
2025.12.30	01:41:59.967		0.92916			4
2025.12.30	01:42:01.056	0.92908				2
2025.12.30	01:42:02.095		0.92915			4
2025.12.30	01:42:05.201		0.92916			4
2025.12.30	01:42:06.237		0.92915			4
2025.12.30	01:42:07.274		0.92916			4
2025.12.30	01:42:07.880		0.92915			4
2025.12.30	01:42:08.656	0.92909	0.92916			6
2025.12.30	01:42:09.346		0.92918			4
2025.12.30	01:42:09.659		0.92917			4
2025.12.30	01:42:11.741		0.92918			4
2025.12.30	01:42:14.689	0.92910				2
2025.12.30	01:42:15.691	0.92909	0.92919			6
2025.12.30	01:42:17.897	0.92910	0.92918			6
2025.12.30	01:42:20.452	0.92912	0.92919			6
2025.12.30	01:42:20.801		0.92920			4
2025.12.30	01:42:21.118		0.92919			4
2025.12.30	01:42:24.954	0.92911	0.92920			6
2025.12.30	01:42:25.258	0.92912				2
2025.12.30	01:42:27.025	0.92911				2
2025.12.30	01:42:27.370	0.92912	0.92919			6
2025.12.30	01:42:27.695	0.92911				2
2025.12.30	01:42:30.381		0.92920			4
2025.12.30	01:42:34.993	0.92912	0.92919			6
2025.12.30	01:42:35.489	0.92911	0.92918			6
2025.12.30	01:42:36.517	0.92910				2
2025.12.30	01:42:38.555		0.92919			4
2025.12.30	01:42:41.664	0.92911	0.92918			6
2025.12.30	01:42:42.185	0.92910	0.92919			6
2025.12.30	01:42:44.773	0.92911	0.92918			6
2025.12.30	01:42:47.040	0.92910				2
2025.12.30	01:42:47.875	0.92911				2
2025.12.30	01:42:52.025	0.92910	0.92919			6
2025.12.30	01:42:53.061	0.92911	0.92918			6
2025.12.30	01:42:54.100	0.92910	0.92919			6
2025.12.30	01:42:55.133	0.92911	0.92918			6
2025.12.30	01:43:00.316	0.92910				2
2025.12.30	01:43:00.622	0.92912	0.92920			6
2025.12.30	01:43:06.877	0.92911	0.92918			6
2025.12.30	01:43:07.182	0.92913	0.92920			6
2025.12.30	01:43:29.006	0.92912				2
2025.12.30	01:43:30.562	0.92913				2
2025.12.30	01:43:35.874	0.92912				2
2025.12.30	01:43:37.040	0.92913				2
2025.12.30	01:43:38.076	0.92912				2
2025.12.30	01:43:44.035	0.92913				2
2025.12.30	01:43:46.107	0.92912				2
2025.12.30	01:43:47.140		0.92919			4
2025.12.30	01:43:48.308		0.92920			4
2025.12.30	01:43:56.470	0.92913				2
2025.12.30	01:44:00.613	0.92913				2
2025.12.30	01:44:02.573	0.92912				2
2025.12.30	01:44:02.946	0.92913				2
2025.12.30	01:44:03.853	0.92912				2
2025.12.30	01:44:04.239	0.92913				2
2025.12.30	01:44:05.082	0.92912				2
2025.12.30	01:44:13.180	0.92911				2
2025.12.30	01:44:13.504	0.92912				2
2025.12.30	01:44:14.474	0.92911				2
2025.12.30	01:44:15.040	0.92912				2
2025.12.30	01:44:23.796	0.92911				2
2025.12.30	01:44:26.403	0.92912				2
2025.12.30	01:44:27.539	0.92911	0.92919			6
2025.12.30	01:44:28.074	0.92910				2
2025.12.30	01:44:31.115	0.92911				2
2025.12.30	01:44:32.922	0.92910				2
2025.12.30	01:44:33.225	0.92911				2
2025.12.30	01:44:42.257	0.92910				2
2025.12.30	01:44:43.762	0.92911				2
2025.12.30	01:44:44.871	0.92910				2
2025.12.30	01:44:46.525	0.92909				2
2025.12.30	01:44:46.855	0.92910				2
2025.12.30	01:44:52.946	0.92909				2
2025.12.30	01:44:54.350	0.92910				2
2025.12.30	01:44:56.048	0.92911				2
2025.12.30	01:44:56.629	0.92907	0.92917			6
2025.12.30	01:44:58.563	0.92908				2
2025.12.30	01:45:00.713	0.92908				2
2025.12.30	01:45:01.690	0.92907				2
2025.12.30	01:45:02.062		0.92916			4
2025.12.30	01:45:07.187	0.92906				2
2025.12.30	01:45:07.510		0.92915			4
2025.12.30	01:45:10.683	0.92905				2
2025.12.30	01:45:13.792	0.92906				2
2025.12.30	01:45:15.864	0.92905				2
2025.12.30	01:45:16.183	0.92906				2
2025.12.30	01:45:18.085	0.92900	0.92910			6
2025.12.30	01:45:18.446	0.92902				2
2025.12.30	01:45:19.354	0.92901				2
2025.12.30	01:45:19.892	0.92902				2
2025.12.30	01:45:20.780		0.92911			4
2025.12.30	01:45:23.219	0.92901				2
2025.12.30	01:45:23.569	0.92902				2
2025.12.30	01:45:25.338	0.92901				2
2025.12.30	01:45:25.743	0.92902				2
2025.12.30	01:45:27.600	0.92899	0.92909			6
2025.12.30	01:45:37.204	0.92900				2
2025.12.30	01:45:39.114	0.92899				2
2025.12.30	01:45:40.803	0.92900				2
2025.12.30	01:45:43.255	0.92899				2
2025.12.30	01:45:45.002	0.92900				2
2025.12.30	01:45:47.034	0.92899				2
2025.12.30	01:45:48.040	0.92900				2
2025.12.30	01:45:49.460	0.92901				2
2025.12.30	01:45:54.547	0.92900				2
2025.12.30	01:45:56.546		0.92910			4
2025.12.30	01:46:00.395	0.92900				2
2025.12.30	01:46:05.336	0.92899				2
2025.12.30	01:46:05.659	0.92900				2
2025.12.30	01:46:06.339	0.92899				2
2025.12.30	01:46:06.877	0.92900				2
2025.12.30	01:46:07.622	0.92899				2
2025.12.30	01:46:10.552	0.92900				2
2025.12.30	01:46:11.347	0.92899				2
2025.12.30	01:46:12.381	0.92900				2
2025.12.30	01:46:13.322	0.92899				2
2025.12.30	01:46:15.574	0.92900				2
2025.12.30	01:46:19.590	0.92899				2
2025.12.30	01:46:21.835	0.92900				2
2025.12.30	01:46:32.940	0.92899	0.92909			6
2025.12.30	01:46:33.320	0.92898	0.92908			6
2025.12.30	01:46:38.176	0.92897				2
2025.12.30	01:46:43.358	0.92898				2
2025.12.30	01:46:46.988	0.92896	0.92906			6
2025.12.30	01:46:47.307	0.92898				2
2025.12.30	01:46:49.190	0.92897				2
2025.12.30	01:46:51.205		0.92907			4
2025.12.30	01:46:54.431	0.92898				2
2025.12.30	01:46:55.466	0.92897				2
2025.12.30	01:46:58.842	0.92898				2
2025.12.30	01:47:00.257	0.92893	0.92904			6
2025.12.30	01:47:00.569	0.92895				2
2025.12.30	01:47:01.684	0.92894				2
2025.12.30	01:47:03.756	0.92895				2
2025.12.30	01:47:04.791	0.92894				2
2025.12.30	01:47:05.830	0.92891	0.92900			6
2025.12.30	01:47:06.236	0.92893	0.92902			6
2025.12.30	01:47:12.177	0.92891				2
2025.12.30	01:47:21.603	0.92892				2
2025.12.30	01:47:26.019	0.92893	0.92903			6
2025.12.30	01:47:34.328	0.92891	0.92899			6
2025.12.30	01:47:34.641	0.92893	0.92902			6
2025.12.30	01:47:35.258		0.92903			4
2025.12.30	01:47:47.455	0.92895				2
2025.12.30	01:47:53.087	0.92894	0.92904			6
2025.12.30	01:47:54.905	0.92893				2
2025.12.30	01:47:55.310	0.92894	0.92903			6
2025.12.30	01:47:55.769	0.92893	0.92904			6
2025.12.30	01:47:56.411	0.92895				2
2025.12.30	01:48:00.948	0.92895				2
2025.12.30	01:48:03.600	0.92896				2
2025.12.30	01:48:04.632	0.92895	0.92905			6
2025.12.30	01:48:05.733	0.92896				2
2025.12.30	01:48:06.771		0.92904			4
2025.12.30	01:48:08.672	0.92895	0.92905			6
2025.12.30	01:48:08.974	0.92896				2
2025.12.30	01:48:09.938		0.92904			4
2025.12.30	01:48:13.162		0.92905			4
2025.12.30	01:48:13.569		0.92904			4
2025.12.30	01:48:14.669		0.92905			4
2025.12.30	01:48:15.253		0.92904			4
2025.12.30	01:48:16.206		0.92905			4
2025.12.30	01:48:16.619	0.92897	0.92904			6
2025.12.30	01:48:17.571	0.92895	0.92905			6
2025.12.30	01:48:18.475	0.92896	0.92904			6
2025.12.30	01:48:20.403	0.92895	0.92905			6
2025.12.30	01:48:20.821	0.92896	0.92904			6
2025.12.30	01:48:21.463	0.92895	0.92905			6
2025.12.30	01:48:21.857	0.92896	0.92904			6
2025.12.30	01:48:30.812	0.92895	0.92905			6
2025.12.30	01:48:31.186	0.92896	0.92904			6
2025.12.30	01:48:31.817	0.92895	0.92905			6
2025.12.30	01:48:32.220	0.92896	0.92904			6
2025.12.30	01:48:34.165	0.92895	0.92905			6
2025.12.30	01:48:34.479	0.92896				2
2025.12.30	01:48:37.271	0.92897	0.92904			6
2025.12.30	01:48:43.488	0.92896	0.92905			6
2025.12.30	01:48:48.674	0.92895				2
2025.12.30	01:48:50.742	0.92896				2
2025.12.30	01:49:00.068	0.92896				2
2025.12.30	01:49:01.104	0.92895				2
2025.12.30	01:49:03.390	0.92896	0.92904			6
2025.12.30	01:49:04.020	0.92895	0.92905			6
2025.12.30	01:49:04.342	0.92897	0.92904			6
2025.12.30	01:49:07.320	0.92896	0.92905			6
2025.12.30	01:49:40.833	0.92893	0.92902			6
2025.12.30	01:49:41.470	0.92894	0.92903			6
2025.12.30	01:49:45.139		0.92904			4
2025.12.30	01:49:52.253	0.92895				2
2025.12.30	01:49:53.180	0.92894				2
2025.12.30	01:50:00.086	0.92894				2
2025.12.30	01:50:00.432	0.92895				2
2025.12.30	01:50:03.294	0.92894				2
2025.12.30	01:50:04.319		0.92903			4
2025.12.30	01:50:09.361	0.92893	0.92902			6
2025.12.30	01:50:13.145	0.92892				2
2025.12.30	01:50:14.264	0.92895	0.92903			6
2025.12.30	01:50:15.368	0.92894				2
2025.12.30	01:50:22.039	0.92895				2
2025.12.30	01:50:23.998	0.92894	0.92904			6
2025.12.30	01:50:27.602	0.92895				2
2025.12.30	01:50:40.861	0.92893				2
2025.12.30	01:50:55.729	0.92894				2
2025.12.30	01:50:56.768	0.92893				2
2025.12.30	01:50:57.803	0.92894				2
2025.12.30	01:51:00.546	0.92895	0.92905			6
2025.12.30	01:51:07.041	0.92894				2
2025.12.30	01:51:08.854	0.92895				2
2025.12.30	01:51:09.201	0.92894				2
2025.12.30	01:51:10.315	0.92895	0.92904			6
2025.12.30	01:51:10.620	0.92894				2
2025.12.30	01:51:11.470	0.92893				2
2025.12.30	01:51:11.820	0.92894				2
2025.12.30	01:51:12.363	0.92895	0.92903			6
2025.12.30	01:51:13.413	0.92894				2
2025.12.30	01:51:14.448	0.92893				2
2025.12.30	01:51:14.898	0.92894				2
2025.12.30	01:51:21.670	0.92893				2
2025.12.30	01:51:21.992	0.92894				2
2025.12.30	01:51:24.097	0.92893				2
2025.12.30	01:51:24.484	0.92894				2
2025.12.30	01:51:25.354	0.92893				2
2025.12.30	01:51:25.658	0.92894				2
2025.12.30	01:51:26.558	0.92893				2
2025.12.30	01:51:28.757		0.92904			4
2025.12.30	01:51:29.087	0.92894				2
2025.12.30	01:51:31.794	0.92893				2
2025.12.30	01:51:33.004	0.92894				2
2025.12.30	01:51:35.043	0.92893				2
2025.12.30	01:51:36.650	0.92894				2
2025.12.30	01:51:48.897	0.92893				2
2025.12.30	01:51:50.780	0.92894				2
2025.12.30	01:51:51.814	0.92893				2
2025.12.30	01:51:52.205	0.92894				2
2025.12.30	01:51:53.239	0.92893				2
2025.12.30	01:51:53.627	0.92894				2
2025.12.30	01:51:55.458	0.92893				2
2025.12.30	01:51:56.477	0.92894				2
2025.12.30	01:51:57.327	0.92892	0.92903			6
2025.12.30	01:51:57.680	0.92893				2
2025.12.30	01:51:59.715	0.92894				2
2025.12.30	01:52:00.242	0.92894				2
2025.12.30	01:52:01.231	0.92892	0.92904			6
2025.12.30	01:52:01.922	0.92893				2
2025.12.30	01:52:02.375	0.92892				2
2025.12.30	01:52:02.701	0.92894				2
2025.12.30	01:52:03.409	0.92893				2
2025.12.30	01:52:05.694	0.92894	0.92903			6
2025.12.30	01:52:06.056	0.92893				2
2025.12.30	01:52:07.083	0.92894				2
2025.12.30	01:52:08.135	0.92893				2
2025.12.30	01:52:09.141	0.92894				2
2025.12.30	01:52:11.155	0.92893				2
2025.12.30	01:52:12.156	0.92894				2
2025.12.30	01:52:13.185	0.92893				2
2025.12.30	01:52:14.222	0.92892				2
2025.12.30	01:52:14.538	0.92893				2
2025.12.30	01:52:16.532	0.92894				2
2025.12.30	01:52:17.591	0.92893				2
2025.12.30	01:52:19.393	0.92892				2
2025.12.30	01:52:19.698	0.92894				2
2025.12.30	01:52:21.736	0.92892				2
2025.12.30	01:52:23.550	0.92893				2
2025.12.30	01:52:25.395	0.92892				2
2025.12.30	01:52:25.751	0.92893				2
2025.12.30	01:52:28.599	0.92889	0.92899			6
2025.12.30	01:52:31.710	0.92888	0.92898			6
2025.12.30	01:52:32.875	0.92887				2
2025.12.30	01:52:33.913	0.92888				2
2025.12.30	01:52:34.946	0.92887	0.92897			6
2025.12.30	01:52:36.170	0.92888				2
2025.12.30	01:52:39.197	0.92887				2
2025.12.30	01:52:39.806	0.92888				2
2025.12.30	01:52:42.265		0.92898			4
2025.12.30	01:52:49.451	0.92889				2
2025.12.30	01:52:52.073		0.92899			4
2025.12.30	01:52:57.603	0.92888				2
2025.12.30	01:52:58.949	0.92889				2
2025.12.30	01:53:00.385	0.92888				2
2025.12.30	01:53:01.622	0.92889	0.92898			6
2025.12.30	01:53:05.510	0.92888	0.92899			6
2025.12.30	01:53:06.054	0.92889				2
2025.12.30	01:53:12.243	0.92888				2
2025.12.30	01:53:12.578	0.92889				2
2025.12.30	01:53:18.150	0.92890				2
2025.12.30	01:53:19.224	0.92889				2
2025.12.30	01:53:28.057	0.92888	0.92897			6
2025.12.30	01:53:37.976	0.92887				2
2025.12.30	01:53:38.304	0.92888				2
2025.12.30	01:53:45.061	0.92887				2
2025.12.30	01:53:46.937	0.92888				2
2025.12.30	01:53:51.261	0.92889	0.92898			6
2025.12.30	01:54:02.384	0.92890				2
2025.12.30	01:54:09.902	0.92889				2
2025.12.30	01:54:33.097	0.92888				2
2025.12.30	01:54:33.477	0.92889				2
2025.12.30	01:54:35.554	0.92888				2
2025.12.30	01:54:37.690	0.92889	0.92899			6
2025.12.30	01:54:47.802		0.92898			4
2025.12.30	01:54:55.639	0.92890	0.92897			6
2025.12.30	01:54:56.111	0.92889	0.92898			6
2025.12.30	01:55:00.391	0.92889				2
2025.12.30	01:55:06.033	0.92890	0.92897			6
2025.12.30	01:55:06.539		0.92899			4
2025.12.30	01:55:08.020		0.92898			4
2025.12.30	01:55:17.404	0.92891				2
2025.12.30	01:55:33.018	0.92888	0.92897			6
2025.12.30	01:55:33.942	0.92887	0.92896			6
2025.12.30	01:55:35.381		0.92897			4
2025.12.30	01:55:35.815		0.92896			4
2025.12.30	01:55:40.675		0.92897			4
2025.12.30	01:55:41.257	0.92888	0.92898			6
2025.12.30	01:55:42.752	0.92887	0.92896			6
2025.12.30	01:55:46.924	0.92886				2
2025.12.30	01:55:47.764	0.92887	0.92895			6
2025.12.30	01:55:48.221		0.92896			4
2025.12.30	01:55:52.662	0.92886				2
2025.12.30	01:55:57.302	0.92885				2
2025.12.30	01:56:00.107	0.92885				2
2025.12.30	01:56:00.533	0.92887				2
2025.12.30	01:56:01.539	0.92885	0.92894			6
2025.12.30	01:56:07.802	0.92884				2
2025.12.30	01:56:09.746		0.92895			4
2025.12.30	01:56:13.436	0.92885				2
2025.12.30	01:56:26.949	0.92886				2
2025.12.30	01:56:30.313	0.92885				2
2025.12.30	01:56:32.834	0.92886	0.92896			6
2025.12.30	01:56:34.442	0.92882	0.92893			6
2025.12.30	01:56:35.054	0.92883	0.92892			6
2025.12.30	01:56:35.382	0.92884				2
2025.12.30	01:56:36.142	0.92883				2
2025.12.30	01:56:38.219	0.92884				2
2025.12.30	01:56:39.018	0.92883				2
2025.12.30	01:56:39.397	0.92884				2
2025.12.30	01:56:39.986		0.92893			4
2025.12.30	01:56:40.774	0.92880	0.92890			6
2025.12.30	01:56:42.134	0.92881				2
2025.12.30	01:56:45.525	0.92880	0.92889			6
2025.12.30	01:56:48.601	0.92881	0.92890			6
2025.12.30	01:56:48.907	0.92882				2
2025.12.30	01:56:49.895	0.92881				2
2025.12.30	01:56:53.563	0.92880				2
2025.12.30	01:56:55.787	0.92881				2
2025.12.30	01:56:57.849	0.92879				2
2025.12.30	01:56:58.155	0.92880				2
2025.12.30	01:56:58.503	0.92878	0.92888			6
2025.12.30	01:57:03.279	0.92878				2
2025.12.30	01:57:08.437	0.92881	0.92889			6
2025.12.30	01:57:09.458	0.92880				2
2025.12.30	01:57:11.077	0.92881				2
2025.12.30	01:57:11.765	0.92879				2
2025.12.30	01:57:12.902	0.92878	0.92887			6
2025.12.30	01:57:14.380	0.92879	0.92889			6
2025.12.30	01:57:16.515	0.92878	0.92887			6
2025.12.30	01:57:22.332		0.92888			4
2025.12.30	01:57:23.354		0.92886			4
2025.12.30	01:57:28.288		0.92888			4
2025.12.30	01:57:28.816		0.92886			4
2025.12.30	01:57:29.439		0.92888			4
