<DATE>	<TIME>	<BID>	<ASK>	<LAST>	<VOLUME>	<FLAGS>
2025.09.29	00:17:05.107	0.93241	0.93465			6
2025.09.29	00:18:05.151	0.93244	0.93459			6
2025.09.29	00:19:01.978	0.93244				2
2025.09.29	00:19:06.523		0.93459			4
2025.09.29	00:19:48.337	0.93241	0.93465			6
2025.09.29	00:20:00.122	0.93241				2
2025.09.29	00:20:11.723	0.93266				2
2025.09.29	00:20:48.323		0.93459			4
2025.09.29	00:21:02.817	0.93266				2
2025.09.29	00:21:03.931		0.93457			4
2025.09.29	00:21:55.520		0.93479			4
2025.09.29	00:21:56.520		0.93474			4
2025.09.29	00:22:00.107	0.93266				2
2025.09.29	00:22:56.548		0.93468			4
2025.09.29	00:23:01.776	0.93266	0.93479			6
2025.09.29	00:23:02.773		0.93475			4
2025.09.29	00:23:51.871		0.93479			4
2025.09.29	00:23:52.862		0.93473			4
2025.09.29	00:23:57.898		0.93479			4
2025.09.29	00:23:58.893		0.93475			4
2025.09.29	00:24:15.607	0.93266				2
2025.09.29	00:24:38.054		0.93479			4
2025.09.29	00:24:39.043		0.93473			4
2025.09.29	00:25:01.113	0.93266				2
2025.09.29	00:25:11.173		0.93479			4
2025.09.29	00:25:12.730		0.93456			4
2025.09.29	00:26:01.622	0.93266				2
2025.09.29	00:27:30.576	0.93266	0.93479			6
2025.09.29	00:27:31.514		0.93456			4
2025.09.29	00:27:51.858		0.93479			4
2025.09.29	00:27:56.599		0.93456			4
2025.09.29	00:28:11.262	0.93266	0.93479			6
2025.09.29	00:28:12.334		0.93463			4
2025.09.29	00:28:45.220		0.93473			4
2025.09.29	00:28:46.212	0.93287	0.93475			6
2025.09.29	00:28:46.921		0.93476			4
2025.09.29	00:29:15.018	0.93287	0.93479			6
2025.09.29	00:29:17.295	0.93291				2
2025.09.29	00:30:26.354	0.93291	0.93479			6
2025.09.29	00:30:46.279	0.93287	0.93472			6
2025.09.29	00:31:21.829	0.93288	0.93455			6
2025.09.29	00:31:22.279	0.93207	0.93433			6
2025.09.29	00:31:23.686		0.93432			4
2025.09.29	00:31:28.181		0.93430			4
2025.09.29	00:31:34.181		0.93429			4
2025.09.29	00:31:42.584		0.93428			4
2025.09.29	00:31:46.557	0.93192				2
2025.09.29	00:31:52.481		0.93427			4
2025.09.29	00:32:01.187	0.93192	0.93426			6
2025.09.29	00:32:11.986		0.93425			4
2025.09.29	00:32:22.182		0.93424			4
2025.09.29	00:32:32.386		0.93423			4
2025.09.29	00:32:45.281		0.93422			4
2025.09.29	00:32:56.383		0.93421			4
2025.09.29	00:33:00.282	0.93192				2
2025.09.29	00:33:08.682		0.93420			4
2025.09.29	00:33:24.283		0.93419			4
2025.09.29	00:33:29.981		0.93418			4
2025.09.29	00:33:33.905		0.93417			4
2025.09.29	00:33:38.383		0.93416			4
2025.09.29	00:33:45.161		0.93422			4
2025.09.29	00:33:48.883		0.93421			4
2025.09.29	00:33:58.182		0.93420			4
2025.09.29	00:34:01.482	0.93192				2
2025.09.29	00:34:07.185		0.93419			4
2025.09.29	00:34:14.988		0.93418			4
2025.09.29	00:34:25.784		0.93417			4
2025.09.29	00:34:38.083		0.93416			4
2025.09.29	00:34:52.782		0.93415			4
2025.09.29	00:35:00.288	0.93192				2
2025.09.29	00:35:06.886		0.93414			4
2025.09.29	00:35:19.784		0.93413			4
2025.09.29	00:35:24.251		0.93412			4
2025.09.29	00:35:32.987	0.93193				2
2025.09.29	00:35:38.985		0.93411			4
2025.09.29	00:35:52.578	0.93194				2
2025.09.29	00:36:00.362	0.93193				2
2025.09.29	00:36:01.781	0.93194				2
2025.09.29	00:36:05.381		0.93410			4
2025.09.29	00:36:16.184	0.93195				2
2025.09.29	00:36:23.083		0.93409			4
2025.09.29	00:36:24.592	0.93194	0.93410			6
2025.09.29	00:36:27.283		0.93411			4
2025.09.29	00:36:27.602		0.93410			4
2025.09.29	00:36:29.681	0.93193				2
2025.09.29	00:36:30.858	0.93194				2
2025.09.29	00:36:32.982	0.93193				2
2025.09.29	00:36:38.173	0.93195	0.93409			6
2025.09.29	00:36:45.589	0.93194				2
2025.09.29	00:36:46.783	0.93195				2
2025.09.29	00:36:51.581	0.93194				2
2025.09.29	00:37:00.355	0.93194				2
2025.09.29	00:37:01.309	0.93195	0.93408			6
2025.09.29	00:37:05.084		0.93409			4
2025.09.29	00:37:28.182	0.93194	0.93410			6
2025.09.29	00:37:28.783		0.93409			4
2025.09.29	00:37:29.102		0.93410			4
2025.09.29	00:37:29.681	0.93195	0.93409			6
2025.09.29	00:37:30.217	0.93193	0.93411			6
2025.09.29	00:37:33.030	0.93192				2
2025.09.29	00:37:33.581	0.93193				2
2025.09.29	00:37:34.484	0.93192				2
2025.09.29	00:37:35.081	0.93193				2
2025.09.29	00:37:35.992	0.93192				2
2025.09.29	00:37:36.586	0.93193				2
2025.09.29	00:37:37.785	0.93192				2
2025.09.29	00:37:38.985	0.93193				2
2025.09.29	00:37:40.363	0.93192				2
2025.09.29	00:37:41.083	0.93193				2
2025.09.29	00:37:43.483	0.93192				2
2025.09.29	00:37:44.085	0.93193				2
2025.09.29	00:37:45.297	0.93195	0.93408			6
2025.09.29	00:37:45.880		0.93409			4
2025.09.29	00:37:46.494		0.93408			4
2025.09.29	00:37:47.082		0.93409			4
2025.09.29	00:37:47.396		0.93408			4
2025.09.29	00:37:48.282		0.93409			4
2025.09.29	00:37:48.886		0.93408			4
2025.09.29	00:37:49.781		0.93409			4
2025.09.29	00:37:50.382		0.93408			4
2025.09.29	00:37:50.982		0.93409			4
2025.09.29	00:37:51.583		0.93408			4
2025.09.29	00:37:52.481		0.93409			4
2025.09.29	00:37:52.782		0.93408			4
2025.09.29	00:37:53.682		0.93409			4
2025.09.29	00:37:54.882		0.93408			4
2025.09.29	00:37:55.482		0.93409			4
2025.09.29	00:37:56.081		0.93408			4
2025.09.29	00:37:56.683		0.93409			4
2025.09.29	00:38:00.378	0.93195				2
2025.09.29	00:38:05.384	0.93194	0.93410			6
2025.09.29	00:38:20.682	0.93195	0.93409			6
2025.09.29	00:38:21.881	0.93194				2
2025.09.29	00:38:26.990		0.93410			4
2025.09.29	00:38:29.328	0.93192	0.93413			6
2025.09.29	00:38:29.983		0.93412			4
2025.09.29	00:38:30.330	0.93193	0.93410			6
2025.09.29	00:38:31.321	0.93192	0.93414			6
2025.09.29	00:38:33.882		0.93415			4
2025.09.29	00:38:35.851		0.93414			4
2025.09.29	00:38:36.819		0.93412			4
2025.09.29	00:38:39.244		0.93413			4
2025.09.29	00:38:39.744		0.93412			4
2025.09.29	00:38:41.485	0.93193	0.93410			6
2025.09.29	00:38:46.181		0.93411			4
2025.09.29	00:38:46.781		0.93410			4
2025.09.29	00:38:49.305	0.93195	0.93408			6
2025.09.29	00:38:51.448	0.93193	0.93410			6
2025.09.29	00:39:00.883	0.93193				2
2025.09.29	00:39:01.913	0.93192	0.93426			6
2025.09.29	00:39:05.235		0.93419			4
2025.09.29	00:39:10.172		0.93425			4
2025.09.29	00:39:10.558		0.93415			4
2025.09.29	00:39:11.483		0.93414			4
2025.09.29	00:39:14.706		0.93415			4
2025.09.29	00:39:15.165		0.93413			4
2025.09.29	00:39:22.482		0.93414			4
2025.09.29	00:39:22.802		0.93413			4
2025.09.29	00:39:26.383		0.93412			4
2025.09.29	00:39:28.485		0.93413			4
2025.09.29	00:39:29.681		0.93414			4
2025.09.29	00:39:50.366		0.93424			4
2025.09.29	00:39:52.483		0.93426			4
2025.09.29	00:39:54.169		0.93419			4
2025.09.29	00:39:58.169		0.93416			4
2025.09.29	00:39:59.082		0.93415			4
2025.09.29	00:40:00.281	0.93192				2
2025.09.29	00:40:01.124	0.93197	0.93407			6
2025.09.29	00:40:01.537		0.93406			4
2025.09.29	00:40:01.841	0.93193	0.93412			6
2025.09.29	00:40:02.144		0.93415			4
2025.09.29	00:40:03.232		0.93411			4
2025.09.29	00:40:04.185		0.93410			4
2025.09.29	00:40:04.685	0.93198	0.93405			6
2025.09.29	00:40:05.885		0.93406			4
2025.09.29	00:40:06.282		0.93405			4
2025.09.29	00:40:07.482	0.93199				2
2025.09.29	00:40:10.485		0.93404			4
2025.09.29	00:40:11.241	0.93208				2
2025.09.29	00:40:12.379	0.93261	0.93405			6
2025.09.29	00:40:13.482	0.93262	0.93404			6
2025.09.29	00:40:16.181	0.93263	0.93403			6
2025.09.29	00:40:22.553	0.93209				2
2025.09.29	00:40:23.453	0.93206				2
2025.09.29	00:40:27.413	0.93264	0.93402			6
2025.09.29	00:40:32.983	0.93265	0.93401			6
2025.09.29	00:40:37.734	0.93206	0.93402			6
2025.09.29	00:40:38.451		0.93403			4
2025.09.29	00:40:38.956		0.93408			4
2025.09.29	00:40:39.444		0.93404			4
2025.09.29	00:40:39.881		0.93402			4
2025.09.29	00:40:40.655	0.93208	0.93396			6
2025.09.29	00:40:40.958	0.93211	0.93393			6
2025.09.29	00:40:41.259	0.93273	0.93392			6
2025.09.29	00:40:41.560	0.93277	0.93389			6
2025.09.29	00:40:41.878	0.93249	0.93394			6
2025.09.29	00:40:42.583	0.93247	0.93395			6
2025.09.29	00:40:42.899	0.93215	0.93390			6
2025.09.29	00:40:43.480	0.93245	0.93393			6
2025.09.29	00:40:43.946	0.93252	0.93394			6
2025.09.29	00:40:44.315	0.93250	0.93391			6
2025.09.29	00:40:44.735	0.93215	0.93388			6
2025.09.29	00:40:46.185		0.93389			4
2025.09.29	00:40:47.392		0.93388			4
2025.09.29	00:40:49.697	0.93239	0.93400			6
2025.09.29	00:40:54.768	0.93278	0.93392			6
2025.09.29	00:40:58.787	0.93280	0.93390			6
2025.09.29	00:40:59.683	0.93279	0.93391			6
2025.09.29	00:41:01.182	0.93280	0.93390			6
2025.09.29	00:41:08.167	0.93274	0.93387			6
2025.09.29	00:41:09.583	0.93275	0.93386			6
2025.09.29	00:41:28.783	0.93276				2
2025.09.29	00:41:29.982		0.93385			4
2025.09.29	00:41:43.492	0.93277				2
2025.09.29	00:41:44.682		0.93384			4
2025.09.29	00:41:45.048	0.93276	0.93385			6
2025.09.29	00:41:55.485	0.93277				2
2025.09.29	00:41:57.882		0.93384			4
2025.09.29	00:42:01.784	0.93277				2
2025.09.29	00:42:04.182	0.93276	0.93385			6
2025.09.29	00:42:26.810	0.93242				2
2025.09.29	00:42:29.996	0.93270				2
2025.09.29	00:42:40.277	0.93254				2
2025.09.29	00:42:45.589	0.93255	0.93384			6
2025.09.29	00:42:54.882	0.93259				2
2025.09.29	00:42:55.270	0.93242				2
2025.09.29	00:42:55.594	0.93243				2
2025.09.29	00:42:56.682	0.93242	0.93385			6
2025.09.29	00:42:58.787	0.93243	0.93384			6
2025.09.29	00:43:01.183	0.93243				2
2025.09.29	00:43:02.383	0.93244				2
2025.09.29	00:43:02.700	0.93242	0.93387			6
2025.09.29	00:43:03.151		0.93388			4
2025.09.29	00:43:07.575		0.93387			4
2025.09.29	00:43:10.184		0.93398			4
2025.09.29	00:43:11.988		0.93397			4
2025.09.29	00:43:14.991	0.93278				2
2025.09.29	00:43:15.309	0.93277	0.93398			6
2025.09.29	00:43:16.482	0.93278	0.93397			6
2025.09.29	00:43:17.686	0.93277	0.93398			6
2025.09.29	00:43:19.184	0.93279	0.93396			6
2025.09.29	00:43:20.863	0.93257	0.93394			6
2025.09.29	00:43:21.403	0.93239				2
2025.09.29	00:43:22.786		0.93395			4
2025.09.29	00:43:25.071	0.93287				2
2025.09.29	00:43:25.904	0.93286	0.93396			6
2025.09.29	00:43:26.982		0.93397			4
2025.09.29	00:43:28.185		0.93396			4
2025.09.29	00:43:30.360	0.93283	0.93400			6
2025.09.29	00:43:31.016		0.93399			4
2025.09.29	00:43:31.481	0.93284				2
2025.09.29	00:43:32.981	0.93283				2
2025.09.29	00:43:33.713	0.93282	0.93400			6
2025.09.29	00:43:39.465	0.93283	0.93399			6
2025.09.29	00:43:47.383	0.93284				2
2025.09.29	00:43:51.049		0.93398			4
2025.09.29	00:44:00.582	0.93283	0.93399			6
2025.09.29	00:44:05.085	0.93239	0.93398			6
2025.09.29	00:44:05.450		0.93403			4
2025.09.29	00:44:05.789		0.93402			4
2025.09.29	00:44:10.678		0.93396			4
2025.09.29	00:44:11.042		0.93395			4
2025.09.29	00:44:12.238		0.93399			4
2025.09.29	00:44:12.636		0.93397			4
2025.09.29	00:44:12.953		0.93395			4
2025.09.29	00:44:13.260		0.93390			4
2025.09.29	00:44:13.747		0.93395			4
2025.09.29	00:44:14.071		0.93390			4
2025.09.29	00:44:14.481		0.93395			4
2025.09.29	00:44:14.861		0.93391			4
2025.09.29	00:44:15.727		0.93392			4
2025.09.29	00:44:17.083		0.93395			4
2025.09.29	00:44:17.512		0.93390			4
2025.09.29	00:44:18.582		0.93395			4
2025.09.29	00:44:18.977		0.93391			4
2025.09.29	00:44:20.041		0.93390			4
2025.09.29	00:44:20.687		0.93395			4
2025.09.29	00:44:21.081		0.93391			4
2025.09.29	00:44:21.881		0.93390			4
2025.09.29	00:44:22.577		0.93395			4
2025.09.29	00:44:22.893		0.93390			4
2025.09.29	00:44:24.282		0.93395			4
2025.09.29	00:44:24.899		0.93391			4
2025.09.29	00:44:25.739		0.93395			4
2025.09.29	00:44:26.076		0.93390			4
2025.09.29	00:44:26.981		0.93395			4
2025.09.29	00:44:27.493		0.93390			4
2025.09.29	00:44:28.752		0.93394			4
2025.09.29	00:44:29.086		0.93390			4
2025.09.29	00:44:29.943		0.93394			4
2025.09.29	00:44:30.405		0.93396			4
2025.09.29	00:44:30.888		0.93392			4
2025.09.29	00:44:32.037		0.93390			4
2025.09.29	00:44:33.583		0.93395			4
2025.09.29	00:44:33.920		0.93391			4
2025.09.29	00:44:35.389		0.93390			4
2025.09.29	00:44:39.282		0.93389			4
2025.09.29	00:44:40.321		0.93394			4
2025.09.29	00:44:40.695		0.93389			4
2025.09.29	00:44:41.081		0.93394			4
2025.09.29	00:44:41.518		0.93395			4
2025.09.29	00:44:41.860		0.93391			4
2025.09.29	00:44:42.490		0.93395			4
2025.09.29	00:44:42.899		0.93391			4
2025.09.29	00:44:43.751		0.93396			4
2025.09.29	00:44:44.111		0.93391			4
2025.09.29	00:44:44.864		0.93390			4
2025.09.29	00:44:45.237		0.93389			4
2025.09.29	00:44:45.883		0.93394			4
2025.09.29	00:44:46.301		0.93390			4
2025.09.29	00:44:47.339		0.93395			4
2025.09.29	00:44:47.714		0.93390			4
2025.09.29	00:44:48.839		0.93391			4
2025.09.29	00:44:50.082		0.93392			4
2025.09.29	00:44:50.869		0.93390			4
2025.09.29	00:44:53.083		0.93395			4
2025.09.29	00:44:53.727		0.93398			4
2025.09.29	00:44:55.675		0.93391			4
2025.09.29	00:44:56.339		0.93395			4
2025.09.29	00:44:56.728		0.93389			4
2025.09.29	00:44:57.509		0.93394			4
2025.09.29	00:44:57.912		0.93395			4
2025.09.29	00:44:58.531		0.93390			4
2025.09.29	00:44:59.378		0.93388			4
2025.09.29	00:44:59.716		0.93393			4
2025.09.29	00:45:00.123	0.93239				2
2025.09.29	00:45:00.550		0.93388			4
2025.09.29	00:45:02.521		0.93393			4
2025.09.29	00:45:02.925	0.93281	0.93419			6
2025.09.29	00:45:03.245	0.93285	0.93423			6
2025.09.29	00:45:03.597	0.93281	0.93419			6
2025.09.29	00:45:05.199	0.93280	0.93418			6
2025.09.29	00:45:06.500	0.93239	0.93388			6
2025.09.29	00:45:10.463	0.93257	0.93370			6
2025.09.29	00:45:14.982		0.93376			4
2025.09.29	00:45:15.547		0.93375			4
2025.09.29	00:45:16.441		0.93378			4
2025.09.29	00:45:16.790		0.93374			4
2025.09.29	00:45:17.312		0.93373			4
2025.09.29	00:45:18.136	0.93258	0.93370			6
2025.09.29	00:45:18.583	0.93257	0.93373			6
2025.09.29	00:45:19.136		0.93374			4
2025.09.29	00:45:19.861	0.93259	0.93368			6
2025.09.29	00:45:21.540		0.93369			4
2025.09.29	00:45:22.137	0.93257	0.93373			6
2025.09.29	00:45:22.550	0.93259	0.93368			6
2025.09.29	00:45:23.135	0.93257	0.93372			6
2025.09.29	00:45:23.551		0.93373			4
2025.09.29	00:45:24.145	0.93258	0.93369			6
2025.09.29	00:45:24.549	0.93257	0.93373			6
2025.09.29	00:45:24.859	0.93258	0.93369			6
2025.09.29	00:45:25.368	0.93257	0.93374			6
2025.09.29	00:45:25.749		0.93371			4
2025.09.29	00:45:26.381		0.93374			4
2025.09.29	00:45:26.697	0.93274				2
2025.09.29	00:45:27.009	0.93279	0.93371			6
2025.09.29	00:45:27.548	0.93285	0.93366			6
2025.09.29	00:45:27.978	0.93286	0.93365			6
2025.09.29	00:45:28.937	0.93285	0.93366			6
2025.09.29	00:45:29.354	0.93282	0.93369			6
2025.09.29	00:45:30.071	0.93285	0.93366			6
2025.09.29	00:45:30.423	0.93286	0.93365			6
2025.09.29	00:45:31.757	0.93282	0.93369			6
2025.09.29	00:45:32.140	0.93286	0.93365			6
2025.09.29	00:45:33.281	0.93281	0.93369			6
2025.09.29	00:45:33.597	0.93286	0.93365			6
2025.09.29	00:45:34.075	0.93287	0.93364			6
2025.09.29	00:45:34.572	0.93285	0.93366			6
2025.09.29	00:45:35.385	0.93282	0.93369			6
2025.09.29	00:45:35.950	0.93285	0.93366			6
2025.09.29	00:45:36.355	0.93286	0.93364			6
2025.09.29	00:45:36.744	0.93284	0.93367			6
2025.09.29	00:45:37.047	0.93285				2
2025.09.29	00:45:37.847	0.93286	0.93366			6
2025.09.29	00:45:38.366	0.93287	0.93365			6
2025.09.29	00:45:38.873	0.93282	0.93369			6
2025.09.29	00:45:39.567	0.93287	0.93365			6
2025.09.29	00:45:39.947	0.93284	0.93368			6
2025.09.29	00:45:40.299	0.93287	0.93365			6
2025.09.29	00:45:42.882	0.93336	0.93382			6
2025.09.29	00:45:43.582	0.93337	0.93420			6
2025.09.29	00:45:44.053		0.93378			4
2025.09.29	00:45:44.549	0.93339	0.93376			6
2025.09.29	00:45:44.974	0.93335	0.93380			6
2025.09.29	00:45:46.133	0.93334	0.93381			6
2025.09.29	00:45:46.741	0.93339	0.93376			6
2025.09.29	00:45:47.158	0.93334	0.93380			6
2025.09.29	00:45:47.634	0.93339	0.93376			6
2025.09.29	00:45:47.983	0.93334	0.93380			6
2025.09.29	00:45:48.571	0.93337	0.93377			6
2025.09.29	00:45:48.974	0.93333	0.93381			6
2025.09.29	00:45:49.650	0.93337	0.93378			6
2025.09.29	00:45:50.132	0.93278	0.93370			6
2025.09.29	00:45:52.652	0.93282	0.93366			6
2025.09.29	00:45:52.959	0.93278	0.93370			6
2025.09.29	00:45:53.762	0.93281	0.93367			6
2025.09.29	00:45:54.154	0.93283	0.93365			6
2025.09.29	00:45:54.528		0.93366			4
2025.09.29	00:45:55.014	0.93280	0.93367			6
2025.09.29	00:45:55.414	0.93277	0.93370			6
2025.09.29	00:45:55.780	0.93282	0.93366			6
2025.09.29	00:45:56.170	0.93278	0.93369			6
2025.09.29	00:45:56.580	0.93281				2
2025.09.29	00:45:56.886		0.93366			4
2025.09.29	00:45:57.574	0.93278	0.93369			6
2025.09.29	00:45:58.173	0.93281	0.93366			6
2025.09.29	00:45:59.385	0.93278	0.93369			6
2025.09.29	00:45:59.769	0.93281	0.93366			6
2025.09.29	00:46:00.130	0.93281				2
2025.09.29	00:46:00.881	0.93279	0.93369			6
2025.09.29	00:46:01.389	0.93282	0.93366			6
2025.09.29	00:46:03.259	0.93279	0.93369			6
2025.09.29	00:46:03.590	0.93278	0.93370			6
2025.09.29	00:46:03.924	0.93281	0.93367			6
2025.09.29	00:46:05.576	0.93278	0.93369			6
2025.09.29	00:46:05.987	0.93281	0.93367			6
2025.09.29	00:46:06.399	0.93282	0.93365			6
2025.09.29	00:46:07.182	0.93283				2
2025.09.29	00:46:07.728	0.93282	0.93366			6
2025.09.29	00:46:08.372	0.93283	0.93365			6
2025.09.29	00:46:08.786	0.93279	0.93368			6
2025.09.29	00:46:09.192	0.93283	0.93365			6
2025.09.29	00:46:10.198	0.93282	0.93366			6
2025.09.29	00:46:11.078	0.93283	0.93365			6
2025.09.29	00:46:13.202	0.93278	0.93369			6
2025.09.29	00:46:13.579	0.93279				2
2025.09.29	00:46:14.083	0.93282	0.93366			6
2025.09.29	00:46:14.587	0.93283	0.93365			6
2025.09.29	00:46:14.933	0.93281	0.93369			6
2025.09.29	00:46:15.327	0.93284	0.93365			6
2025.09.29	00:46:18.599	0.93281	0.93368			6
2025.09.29	00:46:19.004	0.93283	0.93366			6
2025.09.29	00:46:20.993	0.93278	0.93369			6
2025.09.29	00:46:21.298	0.93281	0.93368			6
2025.09.29	00:46:21.620	0.93279	0.93369			6
2025.09.29	00:46:22.191	0.93280	0.93368			6
2025.09.29	00:46:22.591	0.93283	0.93365			6
2025.09.29	00:46:23.727	0.93281	0.93367			6
2025.09.29	00:46:25.181	0.93282	0.93366			6
2025.09.29	00:46:25.653	0.93281	0.93367			6
2025.09.29	00:46:26.083	0.93279	0.93368			6
2025.09.29	00:46:26.598	0.93283	0.93365			6
2025.09.29	00:46:29.397	0.93280	0.93368			6
2025.09.29	00:46:30.606	0.93282	0.93364			6
2025.09.29	00:46:31.016	0.93278	0.93368			6
2025.09.29	00:46:32.090	0.93276	0.93370			6
2025.09.29	00:46:32.431	0.93280	0.93366			6
2025.09.29	00:46:32.819	0.93279	0.93368			6
2025.09.29	00:46:33.175	0.93282	0.93365			6
2025.09.29	00:46:35.082	0.93283				2
2025.09.29	00:46:36.250	0.93281	0.93368			6
2025.09.29	00:46:36.749	0.93283	0.93365			6
2025.09.29	00:46:37.237	0.93280	0.93368			6
2025.09.29	00:46:37.606		0.93369			4
2025.09.29	00:46:37.942	0.93279	0.93370			6
2025.09.29	00:46:38.388	0.93282	0.93367			6
2025.09.29	00:46:38.940	0.93283	0.93366			6
2025.09.29	00:46:39.612	0.93284	0.93365			6
2025.09.29	00:46:41.041	0.93279	0.93370			6
2025.09.29	00:46:41.414	0.93283	0.93366			6
2025.09.29	00:46:45.245	0.93280	0.93369			6
2025.09.29	00:46:45.745	0.93283	0.93366			6
2025.09.29	00:46:46.791	0.93280	0.93369			6
2025.09.29	00:46:47.163	0.93283	0.93366			6
2025.09.29	00:46:47.667	0.93280	0.93369			6
2025.09.29	00:46:47.975	0.93281	0.93368			6
2025.09.29	00:46:48.282	0.93280	0.93369			6
2025.09.29	00:46:48.835	0.93284	0.93365			6
2025.09.29	00:46:49.312	0.93281	0.93368			6
2025.09.29	00:46:50.381	0.93283	0.93366			6
2025.09.29	00:46:50.698	0.93280	0.93369			6
2025.09.29	00:46:51.283	0.93278	0.93371			6
2025.09.29	00:46:51.598	0.93280	0.93369			6
2025.09.29	00:46:51.917	0.93282	0.93365			6
2025.09.29	00:46:52.227	0.93271	0.93366			6
2025.09.29	00:46:52.820	0.93268	0.93369			6
2025.09.29	00:46:53.998	0.93271	0.93366			6
2025.09.29	00:46:54.505	0.93269	0.93368			6
2025.09.29	00:46:54.873	0.93271	0.93366			6
2025.09.29	00:46:55.237	0.93269	0.93368			6
2025.09.29	00:46:56.982	0.93270	0.93366			6
2025.09.29	00:46:57.321	0.93295	0.93369			6
2025.09.29	00:46:57.677	0.93300	0.93364			6
2025.09.29	00:46:58.738	0.93294	0.93368			6
2025.09.29	00:46:59.051	0.93298	0.93366			6
2025.09.29	00:47:00.282	0.93298				2
2025.09.29	00:47:00.907	0.93297	0.93367			6
2025.09.29	00:47:01.255	0.93300	0.93365			6
2025.09.29	00:47:02.385		0.93364			4
2025.09.29	00:47:03.158	0.93296	0.93398			6
2025.09.29	00:47:04.119	0.93301	0.93403			6
2025.09.29	00:47:04.420	0.93296	0.93398			6
2025.09.29	00:47:04.769	0.93299	0.93401			6
2025.09.29	00:47:05.076	0.93298	0.93400			6
2025.09.29	00:47:05.375	0.93301	0.93403			6
2025.09.29	00:47:06.026	0.93300	0.93402			6
2025.09.29	00:47:06.377	0.93296	0.93368			6
2025.09.29	00:47:07.439	0.93332	0.93382			6
2025.09.29	00:47:07.860	0.93336	0.93379			6
2025.09.29	00:47:11.043	0.93337	0.93378			6
2025.09.29	00:47:11.380	0.93334	0.93381			6
2025.09.29	00:47:12.585	0.93337	0.93378			6
2025.09.29	00:47:15.881	0.93338	0.93377			6
2025.09.29	00:47:16.199	0.93335	0.93380			6
2025.09.29	00:47:16.786	0.93337	0.93378			6
2025.09.29	00:47:17.265	0.93335	0.93380			6
2025.09.29	00:47:17.982	0.93334				2
2025.09.29	00:47:18.541		0.93381			4
2025.09.29	00:47:20.638	0.93333	0.93382			6
2025.09.29	00:47:20.978	0.93335	0.93381			6
2025.09.29	00:47:21.281	0.93333	0.93382			6
2025.09.29	00:47:21.839	0.93338	0.93377			6
2025.09.29	00:47:22.148	0.93334	0.93380			6
2025.09.29	00:47:22.475	0.93337	0.93378			6
2025.09.29	00:47:22.942	0.93333	0.93382			6
2025.09.29	00:47:23.475	0.93265	0.93368			6
2025.09.29	00:47:23.948		0.93370			4
2025.09.29	00:47:24.268		0.93367			4
2025.09.29	00:47:24.573		0.93365			4
2025.09.29	00:47:24.944		0.93368			4
2025.09.29	00:47:27.067		0.93370			4
2025.09.29	00:47:27.426		0.93365			4
2025.09.29	00:47:28.739		0.93368			4
2025.09.29	00:47:29.082		0.93365			4
2025.09.29	00:47:30.040		0.93369			4
2025.09.29	00:47:30.357		0.93367			4
2025.09.29	00:47:30.888		0.93369			4
2025.09.29	00:47:31.276	0.93307	0.93365			6
2025.09.29	00:47:31.684		0.93364			4
2025.09.29	00:47:32.383		0.93365			4
2025.09.29	00:47:33.237		0.93364			4
2025.09.29	00:47:34.781		0.93365			4
2025.09.29	00:47:35.401	0.93303	0.93369			6
2025.09.29	00:47:35.817	0.93308	0.93364			6
2025.09.29	00:47:37.725	0.93305	0.93367			6
2025.09.29	00:47:38.703	0.93304				2
2025.09.29	00:47:40.186	0.93305	0.93368			6
2025.09.29	00:47:40.737	0.93308	0.93364			6
2025.09.29	00:47:41.042		0.93365			4
2025.09.29	00:47:41.374	0.93307	0.93366			6
2025.09.29	00:47:41.679	0.93309	0.93364			6
2025.09.29	00:47:42.303	0.93303	0.93369			6
2025.09.29	00:47:42.809	0.93307	0.93366			6
2025.09.29	00:47:43.301	0.93308	0.93364			6
2025.09.29	00:47:43.627	0.93305	0.93367			6
2025.09.29	00:47:44.016	0.93336	0.93375			6
2025.09.29	00:47:44.327	0.93334	0.93378			6
2025.09.29	00:47:44.982	0.93333				2
2025.09.29	00:47:47.382	0.93338	0.93373			6
2025.09.29	00:47:47.900	0.93333	0.93378			6
2025.09.29	00:47:49.484	0.93336	0.93375			6
2025.09.29	00:47:49.859	0.93339	0.93373			6
2025.09.29	00:47:50.274	0.93335	0.93376			6
2025.09.29	00:47:50.726	0.93333	0.93377			6
2025.09.29	00:47:51.228	0.93337	0.93375			6
2025.09.29	00:47:51.728	0.93336				2
2025.09.29	00:47:52.554	0.93333	0.93378			6
2025.09.29	00:47:52.951	0.93337	0.93372			6
2025.09.29	00:47:53.258	0.93333	0.93377			6
2025.09.29	00:47:53.684	0.93338	0.93372			6
2025.09.29	00:47:54.245	0.93336	0.93374			6
2025.09.29	00:47:54.913	0.93338	0.93372			6
2025.09.29	00:47:55.297	0.93301	0.93370			6
2025.09.29	00:47:55.607	0.93302	0.93369			6
2025.09.29	00:47:56.019	0.93304	0.93368			6
2025.09.29	00:47:56.507	0.93305	0.93366			6
2025.09.29	00:47:57.098	0.93303	0.93369			6
2025.09.29	00:47:57.551	0.93305	0.93367			6
2025.09.29	00:47:58.051	0.93307	0.93365			6
2025.09.29	00:47:58.557		0.93364			4
2025.09.29	00:47:59.080	0.93303	0.93368			6
2025.09.29	00:47:59.381	0.93301	0.93370			6
2025.09.29	00:47:59.899	0.93306	0.93364			6
2025.09.29	00:48:00.529	0.93306				2
2025.09.29	00:48:03.000	0.93302	0.93369			6
2025.09.29	00:48:03.515	0.93306	0.93365			6
2025.09.29	00:48:03.896	0.93303	0.93367			6
2025.09.29	00:48:05.084	0.93304				2
2025.09.29	00:48:05.939	0.93303	0.93368			6
2025.09.29	00:48:06.315	0.93302	0.93369			6
2025.09.29	00:48:06.722	0.93306	0.93365			6
2025.09.29	00:48:07.105	0.93304	0.93367			6
2025.09.29	00:48:08.644	0.93307	0.93364			6
2025.09.29	00:48:09.727	0.93305	0.93367			6
2025.09.29	00:48:11.042	0.93307	0.93364			6
2025.09.29	00:48:11.478	0.93308				2
2025.09.29	00:48:11.914	0.93305	0.93367			6
2025.09.29	00:48:12.326	0.93303	0.93368			6
2025.09.29	00:48:12.711	0.93307	0.93364			6
2025.09.29	00:48:18.002	0.93304	0.93367			6
2025.09.29	00:48:18.679	0.93307	0.93365			6
2025.09.29	00:48:19.286	0.93303	0.93369			6
2025.09.29	00:48:19.631	0.93307	0.93365			6
2025.09.29	00:48:20.097	0.93304	0.93367			6
2025.09.29	00:48:20.396	0.93303	0.93368			6
2025.09.29	00:48:20.940	0.93308	0.93365			6
2025.09.29	00:48:21.324	0.93303	0.93369			6
2025.09.29	00:48:21.938	0.93305	0.93367			6
2025.09.29	00:48:23.039	0.93304				2
2025.09.29	00:48:23.349	0.93309	0.93364			6
2025.09.29	00:48:23.678	0.93306	0.93367			6
2025.09.29	00:48:24.287	0.93305	0.93369			6
2025.09.29	00:48:24.740	0.93307	0.93364			6
2025.09.29	00:48:25.057	0.93302	0.93368			6
2025.09.29	00:48:25.419	0.93304				2
2025.09.29	00:48:25.746	0.93308	0.93364			6
2025.09.29	00:48:26.728	0.93305	0.93367			6
2025.09.29	00:48:27.135	0.93303	0.93369			6
2025.09.29	00:48:27.751	0.93308	0.93364			6
2025.09.29	00:48:28.138	0.93305	0.93367			6
2025.09.29	00:48:28.548	0.93303	0.93369			6
2025.09.29	00:48:30.270	0.93305	0.93367			6
2025.09.29	00:48:30.622	0.93308	0.93364			6
2025.09.29	00:48:31.255	0.93304	0.93368			6
2025.09.29	00:48:31.759	0.93305	0.93366			6
2025.09.29	00:48:32.262		0.93367			4
2025.09.29	00:48:32.760	0.93304	0.93369			6
2025.09.29	00:48:33.883	0.93303				2
2025.09.29	00:48:34.743		0.93370			4
2025.09.29	00:48:36.284	0.93304	0.93369			6
2025.09.29	00:48:37.781	0.93306	0.93367			6
2025.09.29	00:48:38.104	0.93305	0.93369			6
2025.09.29	00:48:38.413	0.93308	0.93366			6
2025.09.29	00:48:38.801	0.93306	0.93367			6
2025.09.29	00:48:39.281	0.93309	0.93364			6
2025.09.29	00:48:39.748	0.93304	0.93369			6
2025.09.29	00:48:40.098	0.93306	0.93365			6
2025.09.29	00:48:41.383		0.93366			4
2025.09.29	00:48:42.241	0.93307	0.93364			6
2025.09.29	00:48:43.149	0.93305	0.93367			6
2025.09.29	00:48:43.560	0.93308	0.93364			6
2025.09.29	00:48:45.539	0.93305	0.93367			6
2025.09.29	00:48:45.944	0.93307	0.93364			6
2025.09.29	00:48:47.386	0.93308				2
2025.09.29	00:48:47.723	0.93303	0.93368			6
2025.09.29	00:48:48.367	0.93308	0.93364			6
2025.09.29	00:48:50.043	0.93304	0.93368			6
2025.09.29	00:48:50.359	0.93303	0.93369			6
2025.09.29	00:48:50.682	0.93308	0.93364			6
2025.09.29	00:48:51.024	0.93307	0.93365			6
2025.09.29	00:48:51.373	0.93304	0.93368			6
2025.09.29	00:48:52.610	0.93276	0.93369			6
2025.09.29	00:48:52.965	0.93280	0.93364			6
2025.09.29	00:48:53.380	0.93276	0.93368			6
2025.09.29	00:48:53.757	0.93279	0.93365			6
2025.09.29	00:48:54.168	0.93276	0.93368			6
2025.09.29	00:48:54.484	0.93278	0.93367			6
2025.09.29	00:48:55.174	0.93276	0.93368			6
2025.09.29	00:48:55.559	0.93280	0.93364			6
2025.09.29	00:48:56.293	0.93277	0.93367			6
2025.09.29	00:48:56.967	0.93278				2
2025.09.29	00:48:57.285	0.93277				2
2025.09.29	00:48:57.972	0.93276	0.93368			6
2025.09.29	00:48:58.356	0.93280	0.93364			6
2025.09.29	00:48:58.772	0.93276	0.93368			6
2025.09.29	00:48:59.156	0.93279	0.93366			6
2025.09.29	00:49:00.152	0.93278	0.93367			6
2025.09.29	00:49:00.458	0.93273	0.93368			6
2025.09.29	00:49:00.997	0.93274	0.93369			6
2025.09.29	00:49:01.367	0.93278	0.93365			6
2025.09.29	00:49:01.772	0.93275	0.93368			6
2025.09.29	00:49:02.623	0.93267	0.93369			6
2025.09.29	00:49:03.027		0.93368			4
2025.09.29	00:49:04.323		0.93367			4
2025.09.29	00:49:05.323	0.93265	0.93365			6
2025.09.29	00:49:05.890		0.93364			4
2025.09.29	00:49:06.904	0.93267	0.93363			6
2025.09.29	00:49:07.791	0.93265	0.93365			6
2025.09.29	00:49:08.297		0.93372			4
2025.09.29	00:49:08.710	0.93268	0.93363			6
2025.09.29	00:49:09.365	0.93267	0.93362			6
2025.09.29	00:49:11.040	0.93268				2
2025.09.29	00:49:11.615		0.93359			4
2025.09.29	00:49:11.981		0.93360			4
2025.09.29	00:49:12.705		0.93361			4
2025.09.29	00:49:13.107	0.93269	0.93360			6
2025.09.29	00:49:15.167	0.93332	0.93363			6
2025.09.29	00:49:15.585	0.93331	0.93365			6
2025.09.29	00:49:15.992	0.93329	0.93364			6
2025.09.29	00:49:16.302		0.93366			4
2025.09.29	00:49:17.803	0.93304	0.93360			6
2025.09.29	00:49:18.301	0.93301	0.93362			6
2025.09.29	00:49:18.618	0.93300				2
2025.09.29	00:49:20.374	0.93302				2
2025.09.29	00:49:20.714	0.93305	0.93359			6
2025.09.29	00:49:21.697	0.93302	0.93360			6
2025.09.29	00:49:22.000	0.93303	0.93361			6
2025.09.29	00:49:22.325	0.93301	0.93364			6
2025.09.29	00:49:22.706	0.93299				2
2025.09.29	00:49:23.017	0.93297	0.93367			6
2025.09.29	00:49:23.323	0.93304	0.93359			6
2025.09.29	00:49:23.742	0.93302	0.93361			6
2025.09.29	00:49:24.349	0.93305	0.93359			6
2025.09.29	00:49:24.896	0.93303	0.93361			6
2025.09.29	00:49:25.849	0.93302				2
2025.09.29	00:49:26.667	0.93304	0.93359			6
2025.09.29	00:49:27.003	0.93303	0.93361			6
2025.09.29	00:49:27.390	0.93304	0.93359			6
2025.09.29	00:49:27.767	0.93303	0.93361			6
2025.09.29	00:49:28.177		0.93360			4
2025.09.29	00:49:28.766	0.93304	0.93359			6
2025.09.29	00:49:30.217	0.93303	0.93360			6
2025.09.29	00:49:30.587	0.93305	0.93358			6
2025.09.29	00:49:30.999	0.93304	0.93359			6
2025.09.29	00:49:31.482	0.93303	0.93360			6
2025.09.29	00:49:32.597	0.93304	0.93359			6
2025.09.29	00:49:32.982	0.93300	0.93361			6
2025.09.29	00:49:33.298		0.93362			4
2025.09.29	00:49:34.221	0.93302	0.93361			6
2025.09.29	00:49:34.717	0.93275	0.93364			6
2025.09.29	00:49:35.328	0.93270	0.93369			6
2025.09.29	00:49:35.653	0.93269	0.93371			6
2025.09.29	00:49:36.582		0.93372			4
2025.09.29	00:49:37.184	0.93268				2
2025.09.29	00:49:37.616	0.93270	0.93371			6
2025.09.29	00:49:40.013	0.93271	0.93370			6
2025.09.29	00:49:40.734	0.93272				2
2025.09.29	00:49:44.982	0.93273				2
2025.09.29	00:49:47.862	0.93271	0.93371			6
2025.09.29	00:49:48.885	0.93272				2
2025.09.29	00:50:00.283	0.93272				2
2025.09.29	00:50:04.781	0.93271	0.93372			6
2025.09.29	00:50:07.211	0.93270	0.93373			6
2025.09.29	00:50:07.792	0.93269				2
2025.09.29	00:50:08.982	0.93270	0.93374			6
2025.09.29	00:50:12.312		0.93373			4
2025.09.29	00:50:13.298	0.93273	0.93371			6
2025.09.29	00:50:13.789		0.93370			4
2025.09.29	00:50:15.282		0.93371			4
2025.09.29	00:50:16.311	0.93274	0.93370			6
2025.09.29	00:50:17.685		0.93371			4
2025.09.29	00:50:18.468	0.93275	0.93369			6
2025.09.29	00:50:18.882	0.93274	0.93370			6
2025.09.29	00:50:22.616	0.93286				2
2025.09.29	00:50:26.098	0.93285				2
2025.09.29	00:50:29.692		0.93371			4
2025.09.29	00:50:30.532	0.93289				2
2025.09.29	00:50:31.517	0.93293				2
2025.09.29	00:50:31.905	0.93305				2
2025.09.29	00:50:33.830	0.93295	0.93370			6
2025.09.29	00:50:37.626	0.93314				2
2025.09.29	00:50:40.771	0.93310				2
2025.09.29	00:50:41.343	0.93311				2
2025.09.29	00:50:42.634	0.93310				2
2025.09.29	00:50:43.123		0.93371			4
2025.09.29	00:50:44.345	0.93312	0.93369			6
2025.09.29	00:50:44.652	0.93310	0.93370			6
2025.09.29	00:50:45.288		0.93371			4
2025.09.29	00:50:46.452	0.93313	0.93370			6
2025.09.29	00:50:46.778	0.93312	0.93368			6
2025.09.29	00:50:47.087	0.93314				2
2025.09.29	00:50:47.915	0.93311				2
2025.09.29	00:50:48.699	0.93308	0.93369			6
2025.09.29	00:50:49.206	0.93309	0.93368			6
2025.09.29	00:50:49.932	0.93310	0.93367			6
2025.09.29	00:50:50.267	0.93309				2
2025.09.29	00:50:51.282		0.93366			4
2025.09.29	00:50:52.253	0.93298				2
2025.09.29	00:50:52.626	0.93317				2
2025.09.29	00:50:54.128	0.93318	0.93365			6
2025.09.29	00:50:54.438	0.93300				2
2025.09.29	00:50:55.418	0.93321	0.93367			6
2025.09.29	00:50:55.907	0.93322	0.93365			6
2025.09.29	00:50:56.407	0.93320	0.93367			6
2025.09.29	00:50:57.162	0.93319	0.93368			6
2025.09.29	00:50:57.945	0.93296				2
2025.09.29	00:50:58.438	0.93295	0.93369			6
2025.09.29	00:50:58.952	0.93314				2
2025.09.29	00:51:01.484	0.93314				2
2025.09.29	00:51:02.036	0.93316	0.93367			6
2025.09.29	00:51:02.729	0.93308				2
2025.09.29	00:51:08.218	0.93305	0.93370			6
2025.09.29	00:51:12.658	0.93304				2
2025.09.29	00:51:13.182	0.93305	0.93369			6
2025.09.29	00:51:14.684		0.93370			4
2025.09.29	00:51:18.583		0.93369			4
2025.09.29	00:51:27.080	0.93317	0.93372			6
2025.09.29	00:51:27.446	0.93314				2
2025.09.29	00:51:28.782	0.93313	0.93373			6
2025.09.29	00:51:29.113	0.93320	0.93370			6
2025.09.29	00:51:29.517	0.93318	0.93371			6
2025.09.29	00:51:29.900	0.93317	0.93372			6
2025.09.29	00:51:30.695	0.93320	0.93370			6
2025.09.29	00:51:32.650	0.93319	0.93371			6
2025.09.29	00:51:32.989		0.93370			4
2025.09.29	00:51:35.081		0.93371			4
2025.09.29	00:51:37.182		0.93370			4
2025.09.29	00:51:38.119	0.93323	0.93366			6
2025.09.29	00:51:38.688	0.93322				2
2025.09.29	00:51:40.157		0.93367			4
2025.09.29	00:51:42.884	0.93321				2
2025.09.29	00:51:48.740	0.93319	0.93369			6
2025.09.29	00:51:49.089	0.93318	0.93370			6
2025.09.29	00:51:50.276		0.93371			4
2025.09.29	00:51:50.644	0.93316	0.93372			6
2025.09.29	00:51:51.117	0.93318	0.93370			6
2025.09.29	00:51:51.528	0.93317	0.93372			6
2025.09.29	00:51:52.785		0.93371			4
2025.09.29	00:51:56.990		0.93372			4
2025.09.29	00:51:59.684	0.93316				2
2025.09.29	00:52:00.882	0.93316				2
2025.09.29	00:52:03.734	0.93318	0.93370			6
2025.09.29	00:52:04.627	0.93319	0.93369			6
2025.09.29	00:52:05.849	0.93320				2
2025.09.29	00:52:07.183		0.93368			4
2025.09.29	00:52:08.683		0.93369			4
2025.09.29	00:52:11.082		0.93368			4
2025.09.29	00:52:12.583	0.93319	0.93369			6
2025.09.29	00:52:13.959	0.93317	0.93372			6
2025.09.29	00:52:14.458	0.93318	0.93370			6
2025.09.29	00:52:14.949	0.93316	0.93372			6
2025.09.29	00:52:15.363	0.93319	0.93369			6
2025.09.29	00:52:15.745	0.93316	0.93372			6
2025.09.29	00:52:16.460	0.93318	0.93370			6
2025.09.29	00:52:17.683	0.93319	0.93369			6
2025.09.29	00:52:20.159	0.93317	0.93371			6
2025.09.29	00:52:21.410	0.93316	0.93372			6
2025.09.29	00:52:21.752	0.93318	0.93370			6
2025.09.29	00:52:23.992	0.93317	0.93371			6
2025.09.29	00:52:28.649	0.93319	0.93369			6
2025.09.29	00:52:36.584	0.93320	0.93368			6
2025.09.29	00:52:39.280	0.93316	0.93371			6
2025.09.29	00:52:39.585		0.93372			4
2025.09.29	00:52:39.933	0.93321	0.93368			6
2025.09.29	00:52:40.282	0.93318	0.93371			6
2025.09.29	00:52:40.719	0.93321	0.93368			6
2025.09.29	00:52:41.567	0.93320	0.93369			6
2025.09.29	00:52:42.281	0.93324	0.93366			6
2025.09.29	00:52:43.316	0.93321				2
2025.09.29	00:52:46.486	0.93320				2
2025.09.29	00:52:52.332	0.93318	0.93369			6
2025.09.29	00:52:52.648	0.93319	0.93368			6
2025.09.29	00:52:53.404	0.93318	0.93369			6
2025.09.29	00:52:54.427	0.93322				2
2025.09.29	00:52:56.853	0.93323	0.93368			6
2025.09.29	00:52:57.320	0.93324	0.93366			6
2025.09.29	00:52:59.981		0.93367			4
2025.09.29	00:53:00.906	0.93323	0.93368			6
2025.09.29	00:53:01.488	0.93322				2
2025.09.29	00:53:07.184	0.93319	0.93372			6
2025.09.29	00:53:07.595	0.93320	0.93371			6
2025.09.29	00:53:07.905		0.93370			4
2025.09.29	00:53:08.853	0.93319	0.93371			6
2025.09.29	00:53:09.206		0.93372			4
2025.09.29	00:53:09.797		0.93371			4
2025.09.29	00:53:10.934	0.93318	0.93372			6
2025.09.29	00:53:11.382	0.93317	0.93374			6
2025.09.29	00:53:11.801	0.93319	0.93371			6
2025.09.29	00:53:12.285	0.93318	0.93373			6
2025.09.29	00:53:13.631		0.93372			4
2025.09.29	00:53:14.903	0.93320	0.93371			6
2025.09.29	00:53:15.883		0.93370			4
2025.09.29	00:53:24.017	0.93319	0.93372			6
2025.09.29	00:53:24.700	0.93317	0.93373			6
2025.09.29	00:53:25.027	0.93319	0.93372			6
2025.09.29	00:53:25.522	0.93320	0.93371			6
2025.09.29	00:53:29.062	0.93319				2
2025.09.29	00:53:30.281		0.93370			4
2025.09.29	00:53:34.924	0.93316	0.93374			6
2025.09.29	00:53:35.501	0.93320	0.93371			6
2025.09.29	00:53:36.885	0.93321	0.93370			6
2025.09.29	00:53:37.521	0.93322				2
2025.09.29	00:53:41.043		0.93369			4
2025.09.29	00:53:43.492	0.93321				2
2025.09.29	00:53:45.240	0.93319	0.93371			6
2025.09.29	00:53:45.581	0.93317	0.93374			6
2025.09.29	00:53:46.850	0.93318	0.93373			6
2025.09.29	00:53:47.389	0.93321	0.93371			6
2025.09.29	00:53:47.844	0.93319	0.93373			6
2025.09.29	00:53:49.262	0.93321	0.93371			6
2025.09.29	00:53:49.891	0.93318	0.93374			6
2025.09.29	00:53:50.425	0.93321	0.93371			6
2025.09.29	00:53:50.890	0.93318	0.93374			6
2025.09.29	00:53:51.241	0.93319	0.93373			6
2025.09.29	00:53:51.580	0.93320	0.93372			6
2025.09.29	00:53:53.083		0.93371			4
2025.09.29	00:53:54.620	0.93318	0.93374			6
2025.09.29	00:53:55.253	0.93321	0.93371			6
2025.09.29	00:53:56.051	0.93319	0.93373			6
2025.09.29	00:53:56.354	0.93321	0.93371			6
2025.09.29	00:53:56.845	0.93319	0.93374			6
2025.09.29	00:53:57.235	0.93321	0.93371			6
2025.09.29	00:53:57.571	0.93319	0.93374			6
2025.09.29	00:53:57.880	0.93321	0.93371			6
2025.09.29	00:53:58.343	0.93319	0.93373			6
2025.09.29	00:53:58.673	0.93321	0.93371			6
2025.09.29	00:53:59.084	0.93318	0.93374			6
2025.09.29	00:53:59.648	0.93321	0.93371			6
2025.09.29	00:54:00.057	0.93319	0.93374			6
2025.09.29	00:54:00.363	0.93321	0.93371			6
2025.09.29	00:54:00.840	0.93318	0.93374			6
2025.09.29	00:54:01.271	0.93321	0.93372			6
2025.09.29	00:54:01.849	0.93320	0.93374			6
2025.09.29	00:54:02.222	0.93317	0.93375			6
2025.09.29	00:54:03.856	0.93320	0.93372			6
2025.09.29	00:54:04.325	0.93318	0.93374			6
2025.09.29	00:54:04.650	0.93320	0.93372			6
2025.09.29	00:54:05.265	0.93321				2
2025.09.29	00:54:06.351	0.93318	0.93374			6
2025.09.29	00:54:06.660		0.93375			4
2025.09.29	00:54:07.060	0.93319	0.93374			6
2025.09.29	00:54:07.664	0.93320	0.93373			6
2025.09.29	00:54:08.069	0.93322	0.93371			6
2025.09.29	00:54:08.850	0.93319	0.93373			6
2025.09.29	00:54:09.276	0.93321	0.93371			6
2025.09.29	00:54:12.477	0.93320				2
2025.09.29	00:54:13.485	0.93319	0.93373			6
2025.09.29	00:54:13.870	0.93322	0.93370			6
2025.09.29	00:54:14.876	0.93321	0.93371			6
2025.09.29	00:54:15.372	0.93322				2
2025.09.29	00:54:15.873	0.93323				2
2025.09.29	00:54:16.375	0.93322				2
2025.09.29	00:54:17.368	0.93321	0.93372			6
2025.09.29	00:54:18.385	0.93337	0.93376			6
2025.09.29	00:54:19.201	0.93336	0.93377			6
2025.09.29	00:54:20.682	0.93334	0.93382			6
2025.09.29	00:54:21.274	0.93335	0.93381			6
2025.09.29	00:54:22.465	0.93334	0.93382			6
2025.09.29	00:54:23.813	0.93335				2
2025.09.29	00:54:24.280	0.93334				2
2025.09.29	00:54:24.691		0.93380			4
2025.09.29	00:54:25.069	0.93335				2
2025.09.29	00:54:25.773		0.93383			4
2025.09.29	00:54:26.276	0.93334	0.93380			6
2025.09.29	00:54:26.685	0.93335	0.93382			6
2025.09.29	00:54:27.272	0.93334	0.93381			6
2025.09.29	00:54:27.656	0.93336	0.93379			6
2025.09.29	00:54:27.966	0.93338	0.93377			6
2025.09.29	00:54:28.271	0.93336	0.93381			6
2025.09.29	00:54:28.779	0.93338	0.93376			6
2025.09.29	00:54:29.269	0.93336	0.93379			6
2025.09.29	00:54:29.892	0.93337	0.93376			6
2025.09.29	00:54:30.284	0.93336	0.93377			6
2025.09.29	00:54:30.592		0.93379			4
2025.09.29	00:54:30.899		0.93378			4
2025.09.29	00:54:31.275	0.93337	0.93379			6
2025.09.29	00:54:31.772	0.93335				2
2025.09.29	00:54:32.090	0.93334	0.93380			6
2025.09.29	00:54:35.137	0.93335	0.93379			6
2025.09.29	00:54:35.981	0.93334				2
2025.09.29	00:54:36.882	0.93335				2
2025.09.29	00:54:38.974	0.93336	0.93377			6
2025.09.29	00:54:40.482	0.93335	0.93378			6
2025.09.29	00:54:41.285	0.93338	0.93375			6
2025.09.29	00:54:42.290	0.93321	0.93374			6
2025.09.29	00:54:42.637	0.93318	0.93377			6
2025.09.29	00:54:43.413	0.93317	0.93378			6
2025.09.29	00:54:44.664	0.93315	0.93379			6
2025.09.29	00:54:46.257	0.93321	0.93374			6
2025.09.29	00:54:46.847	0.93319	0.93376			6
2025.09.29	00:54:47.151	0.93336	0.93375			6
2025.09.29	00:54:47.528	0.93338	0.93374			6
2025.09.29	00:54:48.849		0.93375			4
2025.09.29	00:54:49.491	0.93336	0.93376			6
2025.09.29	00:54:50.117	0.93335	0.93378			6
2025.09.29	00:54:50.981	0.93336	0.93376			6
2025.09.29	00:54:51.373	0.93335	0.93377			6
2025.09.29	00:54:52.527	0.93336	0.93389			6
2025.09.29	00:54:52.858	0.93342				2
2025.09.29	00:54:53.937	0.93343	0.93390			6
2025.09.29	00:54:57.620		0.93393			4
2025.09.29	00:54:59.090	0.93342				2
2025.09.29	00:55:01.193	0.93342				2
2025.09.29	00:55:01.689	0.93343	0.93392			6
2025.09.29	00:55:02.257	0.93342	0.93393			6
2025.09.29	00:55:02.756	0.93343	0.93392			6
2025.09.29	00:55:03.195	0.93342				2
2025.09.29	00:55:03.568	0.93343				2
2025.09.29	00:55:04.269	0.93342	0.93393			6
2025.09.29	00:55:04.757	0.93343	0.93392			6
2025.09.29	00:55:05.260	0.93342	0.93393			6
2025.09.29	00:55:05.757	0.93343	0.93392			6
2025.09.29	00:55:06.257	0.93342	0.93393			6
2025.09.29	00:55:06.758	0.93343	0.93392			6
2025.09.29	00:55:07.262	0.93342	0.93394			6
2025.09.29	00:55:07.757	0.93343	0.93393			6
2025.09.29	00:55:08.269	0.93342	0.93394			6
2025.09.29	00:55:08.760	0.93343	0.93392			6
2025.09.29	00:55:09.257	0.93342	0.93394			6
2025.09.29	00:55:09.680	0.93343	0.93392			6
2025.09.29	00:55:10.259	0.93346	0.93389			6
2025.09.29	00:55:10.652	0.93349	0.93387			6
2025.09.29	00:55:11.083		0.93386			4
2025.09.29	00:55:11.682		0.93387			4
2025.09.29	00:55:17.350	0.93348				2
2025.09.29	00:55:17.849	0.93349	0.93386			6
2025.09.29	00:55:18.348	0.93348	0.93388			6
2025.09.29	00:55:18.851	0.93349	0.93386			6
2025.09.29	00:55:19.350	0.93348	0.93388			6
2025.09.29	00:55:19.697	0.93349	0.93386			6
2025.09.29	00:55:20.350	0.93348	0.93388			6
2025.09.29	00:55:20.851	0.93349	0.93387			6
2025.09.29	00:55:21.352	0.93348	0.93388			6
2025.09.29	00:55:21.850	0.93349	0.93387			6
2025.09.29	00:55:22.353	0.93348	0.93388			6
2025.09.29	00:55:22.847	0.93342	0.93393			6
2025.09.29	00:55:26.985	0.93344	0.93392			6
2025.09.29	00:55:27.298	0.93340	0.93395			6
2025.09.29	00:55:27.841	0.93342	0.93394			6
2025.09.29	00:55:28.186	0.93340	0.93396			6
2025.09.29	00:55:28.605	0.93339				2
2025.09.29	00:55:32.192	0.93344	0.93392			6
2025.09.29	00:55:35.983	0.93342	0.93393			6
2025.09.29	00:55:36.642		0.93394			4
2025.09.29	00:55:38.297	0.93343				2
2025.09.29	00:55:39.352	0.93345	0.93391			6
2025.09.29	00:55:39.761	0.93344	0.93392			6
2025.09.29	00:55:40.169	0.93343	0.93393			6
2025.09.29	00:55:42.560	0.93348	0.93388			6
2025.09.29	00:55:42.970	0.93345	0.93392			6
2025.09.29	00:55:43.359	0.93344	0.93393			6
2025.09.29	00:55:43.770	0.93343				2
2025.09.29	00:55:45.846	0.93344	0.93392			6
2025.09.29	00:55:46.178	0.93343	0.93393			6
2025.09.29	00:55:52.864	0.93342	0.93394			6
2025.09.29	00:55:55.784	0.93343				2
2025.09.29	00:55:56.992		0.93393			4
2025.09.29	00:55:57.622	0.93342	0.93394			6
2025.09.29	00:55:59.967	0.93344	0.93392			6
2025.09.29	00:56:01.483	0.93342	0.93395			6
2025.09.29	00:56:02.983		0.93394			4
2025.09.29	00:56:05.586	0.93344	0.93392			6
2025.09.29	00:56:09.583	0.93343	0.93393			6
2025.09.29	00:56:11.081	0.93344	0.93392			6
2025.09.29	00:56:12.718	0.93342	0.93394			6
2025.09.29	00:56:13.064	0.93344	0.93392			6
2025.09.29	00:56:17.981	0.93343	0.93393			6
2025.09.29	00:56:18.759	0.93342	0.93395			6
2025.09.29	00:56:19.062	0.93344	0.93392			6
2025.09.29	00:56:19.781	0.93342	0.93394			6
2025.09.29	00:56:22.185	0.93337	0.93399			6
2025.09.29	00:56:23.090	0.93338	0.93398			6
2025.09.29	00:56:29.351	0.93339				2
2025.09.29	00:56:29.787	0.93343	0.93393			6
2025.09.29	00:56:30.292	0.93339	0.93397			6
2025.09.29	00:56:31.402	0.93342	0.93398			6
2025.09.29	00:56:31.803	0.93347	0.93392			6
2025.09.29	00:56:32.231	0.93344	0.93396			6
2025.09.29	00:56:32.601	0.93342	0.93397			6
2025.09.29	00:56:33.291	0.93341	0.93398			6
2025.09.29	00:56:34.286	0.93344	0.93395			6
2025.09.29	00:56:35.309	0.93343	0.93396			6
2025.09.29	00:56:35.815	0.93340	0.93399			6
2025.09.29	00:56:36.514	0.93344	0.93392			6
2025.09.29	00:56:36.819	0.93342	0.93397			6
2025.09.29	00:56:37.482	0.93341	0.93398			6
2025.09.29	00:56:47.081	0.93345	0.93394			6
2025.09.29	00:56:48.286	0.93344	0.93395			6
2025.09.29	00:56:53.478	0.93343	0.93396			6
2025.09.29	00:56:53.843	0.93346	0.93393			6
2025.09.29	00:57:00.358	0.93346				2
2025.09.29	00:57:06.285	0.93345	0.93394			6
2025.09.29	00:57:22.697	0.93343	0.93397			6
2025.09.29	00:57:23.082		0.93396			4
2025.09.29	00:57:32.205	0.93345	0.93394			6
2025.09.29	00:57:46.211	0.93342	0.93397			6
2025.09.29	00:57:49.483	0.93343				2
2025.09.29	00:57:53.487	0.93344	0.93395			6
2025.09.29	00:57:54.582	0.93345	0.93394			6
2025.09.29	00:57:55.811	0.93342	0.93397			6
2025.09.29	00:57:59.383	0.93343	0.93396			6
2025.09.29	00:58:02.385	0.93343				2
2025.09.29	00:58:06.925	0.93345	0.93394			6
2025.09.29	00:58:07.946	0.93342	0.93397			6
2025.09.29	00:58:08.279	0.93340	0.93400			6
2025.09.29	00:58:08.682		0.93399			4
2025.09.29	00:58:09.883	0.93341	0.93398			6
2025.09.29	00:58:11.601	0.93344	0.93395			6
2025.09.29	00:58:11.921	0.93340	0.93399			6
2025.09.29	00:58:13.485	0.93341	0.93398			6
2025.09.29	00:58:14.986	0.93340	0.93399			6
2025.09.29	00:58:17.206	0.93343	0.93396			6
2025.09.29	00:58:23.571	0.93342	0.93397			6
2025.09.29	00:58:29.573	0.93346	0.93393			6
2025.09.29	00:58:29.906	0.93348	0.93391			6
2025.09.29	00:58:31.996	0.93347	0.93392			6
2025.09.29	00:58:32.677	0.93348	0.93391			6
2025.09.29	00:58:33.074	0.93347	0.93392			6
2025.09.29	00:58:33.461	0.93348	0.93391			6
2025.09.29	00:58:33.873		0.93392			4
2025.09.29	00:58:34.264	0.93347				2
2025.09.29	00:58:44.382	0.93348	0.93391			6
2025.09.29	00:58:44.960	0.93347	0.93392			6
2025.09.29	00:58:46.672	0.93348	0.93391			6
2025.09.29	00:58:46.992	0.93347	0.93392			6
2025.09.29	00:58:47.449	0.93348	0.93391			6
2025.09.29	00:58:48.138	0.93347	0.93392			6
2025.09.29	00:58:48.640	0.93348				2
2025.09.29	00:58:49.138	0.93347				2
2025.09.29	00:58:49.641	0.93348	0.93391			6
2025.09.29	00:58:50.139	0.93347	0.93392			6
2025.09.29	00:58:50.639	0.93348	0.93391			6
2025.09.29	00:58:51.137	0.93347	0.93392			6
2025.09.29	00:58:51.639	0.93348	0.93391			6
2025.09.29	00:58:51.940	0.93347	0.93392			6
2025.09.29	00:58:52.794	0.93344	0.93395			6
2025.09.29	00:58:53.134	0.93345	0.93394			6
2025.09.29	00:58:53.566	0.93343	0.93396			6
2025.09.29	00:58:54.063	0.93345	0.93394			6
2025.09.29	00:58:54.563	0.93343	0.93396			6
2025.09.29	00:58:55.062	0.93345	0.93394			6
2025.09.29	00:58:55.561	0.93343	0.93396			6
2025.09.29	00:58:56.061	0.93346	0.93394			6
2025.09.29	00:58:56.565	0.93343	0.93396			6
2025.09.29	00:58:57.065	0.93346	0.93393			6
2025.09.29	00:58:57.565	0.93343	0.93396			6
2025.09.29	00:58:58.069	0.93346	0.93393			6
2025.09.29	00:58:58.563	0.93343	0.93396			6
2025.09.29	00:58:59.062	0.93346	0.93393			6
2025.09.29	00:58:59.564	0.93343	0.93396			6
2025.09.29	00:59:00.066	0.93346	0.93393			6
2025.09.29	00:59:00.561	0.93343	0.93396			6
2025.09.29	00:59:01.066	0.93346	0.93393			6
2025.09.29	00:59:01.483	0.93344	0.93395			6
2025.09.29	00:59:01.899	0.93346	0.93393			6
2025.09.29	00:59:02.204	0.93348	0.93391			6
2025.09.29	00:59:04.485	0.93347	0.93392			6
2025.09.29	00:59:10.330	0.93346	0.93393			6
2025.09.29	00:59:13.492	0.93347				2
2025.09.29	00:59:13.797		0.93392			4
2025.09.29	00:59:15.657	0.93345	0.93394			6
2025.09.29	00:59:16.496	0.93346				2
2025.09.29	00:59:16.797		0.93393			4
2025.09.29	00:59:24.581	0.93266	0.93455			6
2025.09.29	00:59:34.844	0.93284	0.93437			6
2025.09.29	00:59:35.399	0.93270	0.93457			6
2025.09.29	00:59:35.845	0.93284	0.93437			6
2025.09.29	00:59:36.219	0.93266	0.93464			6
2025.09.29	00:59:37.760		0.93459			4
2025.09.29	00:59:38.239		0.93461			4
2025.09.29	00:59:38.740		0.93460			4
2025.09.29	00:59:40.656		0.93456			4
2025.09.29	00:59:41.275		0.93454			4
2025.09.29	00:59:41.606		0.93450			4
2025.09.29	00:59:43.038		0.93455			4
2025.09.29	00:59:43.402		0.93451			4
2025.09.29	00:59:46.172	0.93269	0.93445			6
2025.09.29	00:59:47.086		0.93446			4
2025.09.29	00:59:49.489	0.93268				2
2025.09.29	00:59:52.790	0.93267				2
2025.09.29	01:00:00.197	0.93284	0.93461			6
2025.09.29	01:00:00.565	0.93322	0.93477			6
2025.09.29	01:00:00.879	0.93326	0.93460			6
2025.09.29	01:00:01.311	0.93335	0.93451			6
2025.09.29	01:00:01.617	0.93344	0.93463			6
2025.09.29	01:00:02.121		0.93454			4
2025.09.29	01:00:02.852		0.93463			4
2025.09.29	01:00:03.182		0.93460			4
2025.09.29	01:00:03.575	0.93321	0.93432			6
2025.09.29	01:00:04.386	0.93312	0.93512			6
2025.09.29	01:00:05.010	0.93317	0.93516			6
2025.09.29	01:00:05.660	0.93318	0.93515			6
2025.09.29	01:00:06.315	0.93317	0.93512			6
2025.09.29	01:00:06.966	0.93351	0.93443			6
2025.09.29	01:00:09.766	0.93355	0.93445			6
2025.09.29	01:00:19.782	0.93357				2
2025.09.29	01:00:21.092	0.93353				2
2025.09.29	01:00:21.717	0.93366				2
2025.09.29	01:00:22.025	0.93364				2
2025.09.29	01:00:23.746	0.93372	0.93443			6
2025.09.29	01:00:24.416		0.93439			4
2025.09.29	01:00:24.808		0.93443			4
2025.09.29	01:00:25.358		0.93440			4
2025.09.29	01:00:25.719	0.93368				2
2025.09.29	01:00:26.107		0.93438			4
2025.09.29	01:00:30.005		0.93437			4
2025.09.29	01:00:30.359		0.93435			4
2025.09.29	01:00:32.535	0.93366	0.93437			6
2025.09.29	01:00:32.838		0.93440			4
2025.09.29	01:00:33.581	0.93364	0.93434			6
2025.09.29	01:00:33.895	0.93362				2
2025.09.29	01:00:35.003	0.93363				2
2025.09.29	01:00:35.977	0.93368				2
2025.09.29	01:00:36.858	0.93366				2
2025.09.29	01:00:37.957	0.93367				2
2025.09.29	01:00:38.325	0.93369	0.93440			6
2025.09.29	01:00:38.668	0.93370				2
2025.09.29	01:00:38.991	0.93369	0.93433			6
2025.09.29	01:00:39.635	0.93371				2
2025.09.29	01:00:40.499	0.93356	0.93411			6
2025.09.29	01:00:40.804	0.93361	0.93417			6
2025.09.29	01:00:41.114		0.93421			4
2025.09.29	01:00:41.651	0.93362				2
2025.09.29	01:00:42.018	0.93361	0.93419			6
2025.09.29	01:00:44.560		0.93421			4
2025.09.29	01:00:44.982	0.93350	0.93411			6
2025.09.29	01:00:46.617	0.93349	0.93409			6
2025.09.29	01:00:46.920		0.93411			4
2025.09.29	01:00:50.251	0.93386				2
2025.09.29	01:00:51.271	0.93352	0.93409			6
2025.09.29	01:00:51.579	0.93350				2
2025.09.29	01:00:51.881	0.93356				2
2025.09.29	01:00:52.199		0.93411			4
2025.09.29	01:00:53.279		0.93410			4
2025.09.29	01:00:55.245	0.93378	0.93441			6
2025.09.29	01:00:55.852	0.93354	0.93421			6
2025.09.29	01:00:56.496	0.93366				2
2025.09.29	01:00:57.239	0.93370				2
2025.09.29	01:00:57.559	0.93372				2
2025.09.29	01:00:58.182	0.93349	0.93412			6
2025.09.29	01:01:00.283	0.93349	0.93403			6
2025.09.29	01:01:00.600	0.93343	0.93404			6
2025.09.29	01:01:00.954	0.93339	0.93399			6
2025.09.29	01:01:01.258	0.93341	0.93403			6
2025.09.29	01:01:01.684	0.93344				2
2025.09.29	01:01:02.327	0.93360				2
2025.09.29	01:01:02.695	0.93356	0.93409			6
2025.09.29	01:01:03.003	0.93358	0.93411			6
2025.09.29	01:01:05.496	0.93360	0.93410			6
2025.09.29	01:01:05.800	0.93365	0.93416			6
2025.09.29	01:01:06.394	0.93351	0.93410			6
2025.09.29	01:01:07.405	0.93366	0.93412			6
2025.09.29	01:01:08.253	0.93365				2
2025.09.29	01:01:09.992	0.93352				2
2025.09.29	01:01:10.333	0.93353				2
2025.09.29	01:01:11.082	0.93354				2
2025.09.29	01:01:12.171	0.93348				2
2025.09.29	01:01:13.618		0.93410			4
2025.09.29	01:01:15.896	0.93350	0.93412			6
2025.09.29	01:01:17.071		0.93395			4
2025.09.29	01:01:17.949	0.93360	0.93402			6
2025.09.29	01:01:18.952	0.93351	0.93398			6
2025.09.29	01:01:20.082	0.93350	0.93396			6
2025.09.29	01:01:20.429	0.93352				2
2025.09.29	01:01:28.382	0.93340	0.93403			6
2025.09.29	01:01:31.483	0.93359				2
2025.09.29	01:01:32.083	0.93360				2
2025.09.29	01:01:32.706	0.93356				2
2025.09.29	01:01:33.808	0.93353	0.93412			6
2025.09.29	01:01:36.354	0.93355	0.93413			6
2025.09.29	01:01:39.523	0.93356	0.93415			6
2025.09.29	01:01:43.313		0.93413			4
2025.09.29	01:01:48.398	0.93355				2
2025.09.29	01:01:49.519	0.93357	0.93408			6
2025.09.29	01:01:50.160	0.93356	0.93409			6
2025.09.29	01:01:50.671		0.93410			4
2025.09.29	01:01:52.517	0.93348				2
2025.09.29	01:01:55.182	0.93350	0.93412			6
2025.09.29	01:01:55.499	0.93347				2
2025.09.29	01:01:59.917	0.93349				2
2025.09.29	01:02:00.422	0.93349				2
2025.09.29	01:02:20.858		0.93409			4
2025.09.29	01:02:31.458		0.93411			4
2025.09.29	01:02:37.158	0.93353	0.93408			6
2025.09.29	01:02:38.681	0.93354				2
2025.09.29	01:02:41.383	0.93369	0.93412			6
2025.09.29	01:02:42.818	0.93347	0.93398			6
2025.09.29	01:02:45.541	0.93358				2
2025.09.29	01:02:45.843	0.93349				2
2025.09.29	01:02:46.680	0.93347				2
2025.09.29	01:02:47.683		0.93399			4
2025.09.29	01:02:48.076		0.93398			4
2025.09.29	01:02:50.358		0.93397			4
2025.09.29	01:02:51.966	0.93349				2
2025.09.29	01:03:00.284	0.93349				2
2025.09.29	01:03:02.070	0.93347				2
2025.09.29	01:03:02.911	0.93372				2
2025.09.29	01:03:03.430	0.93350				2
2025.09.29	01:03:06.283	0.93348	0.93395			6
2025.09.29	01:03:06.600	0.93347				2
2025.09.29	01:03:06.937		0.93393			4
2025.09.29	01:03:07.265	0.93348	0.93395			6
2025.09.29	01:03:07.641		0.93398			4
2025.09.29	01:03:09.582	0.93349				2
2025.09.29	01:03:10.356		0.93399			4
2025.09.29	01:03:12.522	0.93348	0.93395			6
2025.09.29	01:03:12.885		0.93399			4
2025.09.29	01:03:14.343	0.93350				2
2025.09.29	01:03:14.982	0.93372	0.93409			6
2025.09.29	01:03:16.783	0.93371				2
2025.09.29	01:03:18.070	0.93372				2
2025.09.29	01:03:18.882	0.93371				2
2025.09.29	01:03:21.582	0.93370				2
2025.09.29	01:03:23.983	0.93371				2
2025.09.29	01:03:24.521	0.93368	0.93402			6
2025.09.29	01:03:24.883	0.93369	0.93401			6
2025.09.29	01:03:25.581	0.93368				2
2025.09.29	01:03:25.910	0.93367	0.93402			6
2025.09.29	01:03:26.248	0.93368				2
2025.09.29	01:03:30.298		0.93401			4
2025.09.29	01:03:31.521	0.93369	0.93406			6
2025.09.29	01:03:32.082		0.93407			4
2025.09.29	01:03:32.388		0.93406			4
2025.09.29	01:03:33.282		0.93407			4
2025.09.29	01:03:35.385	0.93368				2
2025.09.29	01:03:37.294	0.93369	0.93406			6
2025.09.29	01:03:38.299	0.93371	0.93404			6
2025.09.29	01:03:38.653		0.93405			4
2025.09.29	01:03:38.987	0.93370				2
2025.09.29	01:03:39.883	0.93371				2
2025.09.29	01:03:42.530	0.93370				2
2025.09.29	01:03:43.131		0.93410			4
2025.09.29	01:03:44.074		0.93413			4
2025.09.29	01:03:44.550	0.93371				2
2025.09.29	01:03:48.283	0.93370				2
2025.09.29	01:03:49.483	0.93371				2
2025.09.29	01:03:53.540		0.93410			4
2025.09.29	01:03:58.788		0.93413			4
2025.09.29	01:04:00.541	0.93370	0.93409			6
2025.09.29	01:04:02.082	0.93371				2
2025.09.29	01:04:04.344	0.93370				2
2025.09.29	01:04:05.665	0.93371	0.93412			6
2025.09.29	01:04:06.883	0.93370	0.93409			6
2025.09.29	01:04:08.982	0.93371				2
2025.09.29	01:04:10.184	0.93370				2
2025.09.29	01:04:11.384	0.93371				2
2025.09.29	01:04:12.555	0.93373	0.93412			6
2025.09.29	01:04:12.883	0.93374				2
2025.09.29	01:04:13.592		0.93410			4
2025.09.29	01:04:21.317	0.93354	0.93403			6
2025.09.29	01:04:22.705	0.93373	0.93411			6
2025.09.29	01:04:24.519	0.93354	0.93403			6
2025.09.29	01:04:27.404	0.93374	0.93413			6
2025.09.29	01:04:40.729	0.93355	0.93402			6
2025.09.29	01:04:42.282	0.93354				2
2025.09.29	01:04:47.985	0.93355				2
2025.09.29	01:04:52.759	0.93354				2
2025.09.29	01:04:54.903	0.93374	0.93410			6
2025.09.29	01:04:55.711	0.93354	0.93402			6
2025.09.29	01:04:57.474	0.93371	0.93413			6
2025.09.29	01:04:58.782	0.93372				2
2025.09.29	01:05:00.284	0.93372				2
2025.09.29	01:05:01.485	0.93376	0.93411			6
2025.09.29	01:05:01.799	0.93349	0.93403			6
2025.09.29	01:05:02.793	0.93351	0.93401			6
2025.09.29	01:05:04.477	0.93347				2
2025.09.29	01:05:07.537	0.93360				2
2025.09.29	01:05:08.349	0.93347				2
2025.09.29	01:05:09.971	0.93346				2
2025.09.29	01:05:11.693		0.93402			4
2025.09.29	01:05:12.003	0.93353				2
2025.09.29	01:05:13.592		0.93403			4
2025.09.29	01:05:16.863		0.93402			4
2025.09.29	01:05:21.587		0.93400			4
2025.09.29	01:05:28.373		0.93401			4
2025.09.29	01:05:31.545	0.93366				2
2025.09.29	01:05:34.078	0.93367				2
2025.09.29	01:05:37.500		0.93403			4
2025.09.29	01:05:39.521	0.93366	0.93401			6
2025.09.29	01:05:41.082	0.93363				2
2025.09.29	01:05:41.581	0.93364	0.93400			6
2025.09.29	01:05:42.272	0.93365	0.93401			6
2025.09.29	01:05:42.792	0.93373	0.93402			6
2025.09.29	01:05:43.117	0.93369				2
2025.09.29	01:05:44.383	0.93370				2
2025.09.29	01:05:46.782	0.93369				2
2025.09.29	01:05:49.082	0.93367				2
2025.09.29	01:05:51.882	0.93366	0.93403			6
2025.09.29	01:05:52.278	0.93364	0.93400			6
2025.09.29	01:05:52.771		0.93399			4
2025.09.29	01:05:57.882	0.93366				2
2025.09.29	01:05:58.271	0.93362				2
2025.09.29	01:06:00.357	0.93362				2
2025.09.29	01:06:01.360	0.93364	0.93400			6
2025.09.29	01:06:03.282	0.93365	0.93399			6
2025.09.29	01:06:09.343	0.93367	0.93402			6
2025.09.29	01:06:12.283	0.93368				2
2025.09.29	01:06:13.782		0.93401			4
2025.09.29	01:06:17.257	0.93369				2
2025.09.29	01:06:18.499	0.93370				2
2025.09.29	01:06:19.782	0.93369				2
2025.09.29	01:06:21.319	0.93380	0.93416			6
2025.09.29	01:06:21.627	0.93382	0.93419			6
2025.09.29	01:06:22.348	0.93381				2
2025.09.29	01:06:23.918	0.93382				2
2025.09.29	01:06:30.452		0.93422			4
2025.09.29	01:06:30.760	0.93384	0.93416			6
2025.09.29	01:06:31.072	0.93382	0.93412			6
2025.09.29	01:06:31.981	0.93371				2
2025.09.29	01:06:45.121	0.93375				2
2025.09.29	01:06:46.352	0.93377	0.93413			6
2025.09.29	01:06:47.681	0.93378	0.93412			6
2025.09.29	01:06:49.449	0.93379				2
2025.09.29	01:06:50.984	0.93378	0.93413			6
2025.09.29	01:06:53.333	0.93387	0.93414			6
2025.09.29	01:06:54.918		0.93413			4
2025.09.29	01:06:55.433	0.93376	0.93412			6
2025.09.29	01:07:02.382	0.93376				2
2025.09.29	01:07:06.525	0.93375				2
2025.09.29	01:07:07.182	0.93376				2
2025.09.29	01:07:10.473		0.93411			4
2025.09.29	01:07:13.562	0.93378				2
2025.09.29	01:07:22.431	0.93379				2
2025.09.29	01:07:29.982	0.93378				2
2025.09.29	01:07:45.506	0.93379				2
2025.09.29	01:07:48.353	0.93378				2
2025.09.29	01:07:51.281	0.93379				2
2025.09.29	01:07:59.433	0.93381	0.93412			6
2025.09.29	01:08:00.240	0.93381				2
2025.09.29	01:08:00.883	0.93382				2
2025.09.29	01:08:04.204	0.93394	0.93426			6
2025.09.29	01:08:09.632		0.93424			4
2025.09.29	01:08:11.151	0.93393	0.93428			6
2025.09.29	01:08:11.454	0.93394	0.93427			6
2025.09.29	01:08:19.181		0.93426			4
2025.09.29	01:08:24.885		0.93427			4
2025.09.29	01:08:34.553	0.93398	0.93433			6
2025.09.29	01:08:34.859	0.93396				2
2025.09.29	01:08:35.377		0.93432			4
2025.09.29	01:08:36.391	0.93397				2
2025.09.29	01:08:36.768	0.93390	0.93419			6
2025.09.29	01:08:37.849	0.93391	0.93418			6
2025.09.29	01:08:47.683	0.93390				2
2025.09.29	01:08:48.382	0.93395	0.93432			6
2025.09.29	01:08:48.733		0.93420			4
2025.09.29	01:08:50.084	0.93396				2
2025.09.29	01:08:51.882	0.93395				2
2025.09.29	01:08:53.982		0.93421			4
2025.09.29	01:08:54.465	0.93381	0.93414			6
2025.09.29	01:08:54.858	0.93386	0.93413			6
2025.09.29	01:08:55.536	0.93390				2
2025.09.29	01:08:55.900	0.93392	0.93430			6
2025.09.29	01:09:00.091	0.93392				2
2025.09.29	01:09:00.582	0.93389	0.93414			6
2025.09.29	01:09:08.185	0.93390				2
2025.09.29	01:09:17.930	0.93385				2
2025.09.29	01:09:18.361		0.93413			4
2025.09.29	01:09:20.082		0.93414			4
2025.09.29	01:09:21.112	0.93393	0.93430			6
2025.09.29	01:09:21.430		0.93427			4
2025.09.29	01:09:21.893		0.93426			4
2025.09.29	01:09:22.261		0.93425			4
2025.09.29	01:09:23.534	0.93390	0.93424			6
2025.09.29	01:09:24.417	0.93391	0.93423			6
2025.09.29	01:09:24.864		0.93424			4
2025.09.29	01:09:26.382		0.93423			4
2025.09.29	01:09:41.083	0.93395	0.93431			6
2025.09.29	01:09:41.857	0.93394				2
2025.09.29	01:09:42.160	0.93393	0.93430			6
2025.09.29	01:09:42.962		0.93429			4
2025.09.29	01:09:45.882	0.93394				2
2025.09.29	01:09:52.346	0.93393				2
2025.09.29	01:09:54.882	0.93394				2
2025.09.29	01:09:57.883	0.93393				2
2025.09.29	01:10:00.356	0.93393	0.93430			6
2025.09.29	01:10:00.676	0.93394	0.93429			6
2025.09.29	01:10:01.368	0.93396	0.93427			6
2025.09.29	01:10:01.765	0.93397	0.93431			6
2025.09.29	01:10:02.067	0.93396	0.93421			6
2025.09.29	01:10:02.371	0.93395	0.93430			6
2025.09.29	01:10:03.516	0.93394	0.93429			6
2025.09.29	01:10:14.981	0.93395				2
2025.09.29	01:10:15.776	0.93394				2
2025.09.29	01:10:17.681	0.93395				2
2025.09.29	01:10:18.019	0.93393	0.93425			6
2025.09.29	01:10:18.753	0.93395				2
2025.09.29	01:10:19.060	0.93396	0.93429			6
2025.09.29	01:10:22.182	0.93395				2
2025.09.29	01:10:27.584	0.93396				2
2025.09.29	01:10:31.877		0.93430			4
2025.09.29	01:10:38.081	0.93394	0.93428			6
2025.09.29	01:10:38.383	0.93395	0.93425			6
2025.09.29	01:10:44.382		0.93423			4
2025.09.29	01:11:00.433	0.93393	0.93424			6
2025.09.29	01:11:00.739	0.93394	0.93425			6
2025.09.29	01:11:01.058	0.93393				2
2025.09.29	01:11:01.460	0.93391				2
2025.09.29	01:11:02.453	0.93389				2
2025.09.29	01:11:02.981	0.93391				2
2025.09.29	01:11:03.671	0.93392				2
2025.09.29	01:11:05.462		0.93423			4
2025.09.29	01:11:05.770	0.93391				2
2025.09.29	01:11:10.482	0.93393	0.93424			6
2025.09.29	01:11:10.941	0.93392				2
2025.09.29	01:11:21.476	0.93390				2
2025.09.29	01:11:21.791		0.93422			4
2025.09.29	01:11:40.068		0.93424			4
2025.09.29	01:11:41.086	0.93391				2
2025.09.29	01:11:45.072	0.93392				2
2025.09.29	01:11:52.265	0.93391				2
2025.09.29	01:11:53.255	0.93392				2
2025.09.29	01:12:00.883	0.93392				2
2025.09.29	01:12:09.882	0.93391				2
2025.09.29	01:12:14.405		0.93419			4
2025.09.29	01:12:14.718	0.93390	0.93420			6
2025.09.29	01:12:15.895	0.93391	0.93416			6
2025.09.29	01:12:17.106	0.93390	0.93419			6
2025.09.29	01:12:18.104		0.93416			4
2025.09.29	01:12:20.731	0.93392				2
2025.09.29	01:12:31.451	0.93389	0.93415			6
2025.09.29	01:12:31.759	0.93384	0.93407			6
2025.09.29	01:12:32.789	0.93382	0.93406			6
2025.09.29	01:12:35.162	0.93375	0.93402			6
2025.09.29	01:12:35.505	0.93371				2
2025.09.29	01:12:36.281	0.93372				2
2025.09.29	01:12:39.525	0.93373				2
2025.09.29	01:12:42.011	0.93383	0.93401			6
2025.09.29	01:12:42.630	0.93384				2
2025.09.29	01:12:45.280	0.93383				2
2025.09.29	01:12:45.682		0.93400			4
2025.09.29	01:12:45.998	0.93382	0.93401			6
2025.09.29	01:12:47.464	0.93381	0.93400			6
2025.09.29	01:12:47.778	0.93380	0.93401			6
2025.09.29	01:12:48.477		0.93400			4
2025.09.29	01:12:48.883	0.93379	0.93401			6
2025.09.29	01:12:51.010	0.93380	0.93400			6
2025.09.29	01:12:53.983		0.93401			4
2025.09.29	01:12:57.810	0.93381	0.93400			6
2025.09.29	01:12:59.334	0.93380	0.93401			6
2025.09.29	01:13:00.476	0.93376	0.93400			6
2025.09.29	01:13:03.995	0.93377				2
2025.09.29	01:13:06.378	0.93376				2
2025.09.29	01:13:06.881		0.93401			4
2025.09.29	01:13:08.823		0.93400			4
2025.09.29	01:13:15.305		0.93399			4
2025.09.29	01:13:16.485		0.93400			4
2025.09.29	01:13:17.688	0.93377	0.93399			6
2025.09.29	01:13:18.881		0.93400			4
2025.09.29	01:13:20.085		0.93399			4
2025.09.29	01:13:21.721	0.93376				2
2025.09.29	01:13:24.005	0.93377				2
2025.09.29	01:13:24.881	0.93375				2
2025.09.29	01:13:26.261	0.93376				2
2025.09.29	01:13:26.985	0.93375				2
2025.09.29	01:13:27.459	0.93376				2
2025.09.29	01:13:27.882	0.93375				2
2025.09.29	01:13:28.860	0.93376				2
2025.09.29	01:13:29.261	0.93375				2
2025.09.29	01:13:29.901	0.93376				2
2025.09.29	01:13:30.283	0.93375				2
2025.09.29	01:13:30.602	0.93376	0.93400			6
2025.09.29	01:13:33.585		0.93399			4
2025.09.29	01:13:35.413		0.93400			4
2025.09.29	01:13:35.987		0.93399			4
2025.09.29	01:13:38.381		0.93400			4
2025.09.29	01:13:39.885	0.93377	0.93399			6
2025.09.29	01:13:41.082	0.93376	0.93400			6
2025.09.29	01:13:41.828	0.93377	0.93399			6
2025.09.29	01:13:42.607	0.93376	0.93400			6
2025.09.29	01:13:43.404		0.93399			4
2025.09.29	01:13:44.984		0.93400			4
2025.09.29	01:13:46.193	0.93377	0.93399			6
2025.09.29	01:13:49.781	0.93376	0.93400			6
2025.09.29	01:13:50.102	0.93377	0.93399			6
2025.09.29	01:13:50.495		0.93400			4
2025.09.29	01:13:50.935		0.93399			4
2025.09.29	01:13:51.435	0.93376	0.93400			6
2025.09.29	01:13:52.439	0.93377	0.93399			6
2025.09.29	01:13:53.550	0.93376	0.93400			6
2025.09.29	01:13:54.833	0.93377	0.93399			6
2025.09.29	01:13:56.005		0.93400			4
2025.09.29	01:13:58.633		0.93399			4
2025.09.29	01:13:59.682		0.93400			4
2025.09.29	01:13:59.984		0.93399			4
2025.09.29	01:14:00.343	0.93377	0.93400			6
2025.09.29	01:14:01.429		0.93399			4
2025.09.29	01:14:03.581		0.93400			4
2025.09.29	01:14:03.911		0.93399			4
2025.09.29	01:14:04.481		0.93398			4
2025.09.29	01:14:05.306		0.93397			4
2025.09.29	01:14:07.713		0.93398			4
2025.09.29	01:14:12.840		0.93397			4
2025.09.29	01:14:13.183		0.93398			4
2025.09.29	01:14:15.432	0.93378				2
2025.09.29	01:14:15.890	0.93377				2
2025.09.29	01:14:16.600	0.93378				2
2025.09.29	01:14:19.179	0.93377				2
2025.09.29	01:14:20.959	0.93378				2
2025.09.29	01:14:21.275	0.93379	0.93399			6
2025.09.29	01:14:25.579		0.93400			4
2025.09.29	01:14:26.748	0.93380				2
2025.09.29	01:14:27.896	0.93379				2
2025.09.29	01:14:28.605	0.93378				2
2025.09.29	01:14:28.914	0.93379				2
2025.09.29	01:14:29.385	0.93378				2
2025.09.29	01:14:29.748	0.93375	0.93398			6
2025.09.29	01:14:31.728	0.93368	0.93401			6
2025.09.29	01:14:32.106	0.93367				2
2025.09.29	01:14:32.454	0.93379				2
2025.09.29	01:14:32.792	0.93367				2
2025.09.29	01:14:35.267	0.93368				2
2025.09.29	01:14:36.583	0.93367				2
2025.09.29	01:14:38.267	0.93371				2
2025.09.29	01:14:44.087	0.93386	0.93407			6
2025.09.29	01:14:44.981	0.93387	0.93405			6
2025.09.29	01:14:45.299		0.93407			4
2025.09.29	01:14:47.183	0.93378	0.93402			6
2025.09.29	01:14:47.981	0.93379	0.93401			6
2025.09.29	01:15:00.239	0.93378				2
2025.09.29	01:15:00.892	0.93384	0.93400			6
2025.09.29	01:15:01.219	0.93386	0.93405			6
2025.09.29	01:15:01.920	0.93387	0.93404			6
2025.09.29	01:15:02.228	0.93386	0.93405			6
2025.09.29	01:15:02.932	0.93387	0.93404			6
2025.09.29	01:15:04.624	0.93385	0.93405			6
2025.09.29	01:15:04.976	0.93387	0.93404			6
2025.09.29	01:15:05.278	0.93386				2
2025.09.29	01:15:05.862	0.93387	0.93403			6
2025.09.29	01:15:06.200	0.93385	0.93405			6
2025.09.29	01:15:06.506		0.93406			4
2025.09.29	01:15:06.817	0.93386	0.93405			6
2025.09.29	01:15:07.131	0.93385	0.93407			6
2025.09.29	01:15:07.445	0.93386	0.93405			6
2025.09.29	01:15:07.747		0.93404			4
2025.09.29	01:15:08.058	0.93387	0.93403			6
2025.09.29	01:15:08.412	0.93388	0.93405			6
2025.09.29	01:15:08.768		0.93404			4
2025.09.29	01:15:09.780	0.93387				2
2025.09.29	01:15:10.419	0.93382	0.93401			6
2025.09.29	01:15:10.738	0.93383	0.93400			6
2025.09.29	01:15:11.668	0.93384				2
2025.09.29	01:15:11.976	0.93383	0.93401			6
2025.09.29	01:15:12.666	0.93381	0.93402			6
2025.09.29	01:15:12.973	0.93382	0.93401			6
2025.09.29	01:15:13.277	0.93383				2
2025.09.29	01:15:13.597	0.93382	0.93402			6
2025.09.29	01:15:13.920	0.93384	0.93399			6
2025.09.29	01:15:14.584	0.93382	0.93401			6
2025.09.29	01:15:14.955	0.93383				2
2025.09.29	01:15:15.257		0.93400			4
2025.09.29	01:15:15.874	0.93382	0.93401			6
2025.09.29	01:15:16.179	0.93383				2
2025.09.29	01:15:16.483	0.93382				2
2025.09.29	01:15:16.799	0.93383				2
2025.09.29	01:15:17.438	0.93384	0.93399			6
2025.09.29	01:15:17.822	0.93382	0.93401			6
2025.09.29	01:15:18.163	0.93383	0.93400			6
2025.09.29	01:15:18.509	0.93382	0.93401			6
2025.09.29	01:15:19.163	0.93383				2
2025.09.29	01:15:19.495		0.93400			4
2025.09.29	01:15:19.798	0.93386	0.93401			6
2025.09.29	01:15:20.422		0.93402			4
2025.09.29	01:15:21.019	0.93388	0.93401			6
2025.09.29	01:15:21.325	0.93387	0.93402			6
2025.09.29	01:15:21.638		0.93401			4
2025.09.29	01:15:22.042	0.93388				2
2025.09.29	01:15:22.376	0.93387	0.93402			6
2025.09.29	01:15:22.850		0.93401			4
2025.09.29	01:15:23.896	0.93388				2
2025.09.29	01:15:24.270	0.93385				2
2025.09.29	01:15:24.581	0.93386	0.93400			6
2025.09.29	01:15:24.925	0.93385	0.93401			6
2025.09.29	01:15:25.241	0.93387	0.93400			6
2025.09.29	01:15:25.541	0.93386				2
2025.09.29	01:15:25.881	0.93385				2
2025.09.29	01:15:26.539	0.93386				2
2025.09.29	01:15:26.861		0.93399			4
2025.09.29	01:15:27.178		0.93400			4
2025.09.29	01:15:29.285		0.93399			4
2025.09.29	01:15:30.006	0.93385	0.93400			6
2025.09.29	01:15:30.310	0.93386				2
2025.09.29	01:15:31.496		0.93401			4
2025.09.29	01:15:31.835		0.93400			4
2025.09.29	01:15:33.216	0.93387				2
2025.09.29	01:15:33.547	0.93381	0.93394			6
2025.09.29	01:15:33.856	0.93379				2
2025.09.29	01:15:34.188	0.93378				2
2025.09.29	01:15:36.316		0.93395			4
2025.09.29	01:15:37.049		0.93394			4
2025.09.29	01:15:37.361		0.93395			4
2025.09.29	01:15:38.062		0.93394			4
2025.09.29	01:15:38.406	0.93377	0.93395			6
2025.09.29	01:15:39.090	0.93379	0.93394			6
2025.09.29	01:15:39.477	0.93378				2
2025.09.29	01:15:39.950	0.93371	0.93395			6
2025.09.29	01:15:40.258	0.93379	0.93393			6
2025.09.29	01:15:40.579	0.93376				2
2025.09.29	01:15:41.255	0.93375	0.93394			6
2025.09.29	01:15:41.584	0.93378	0.93393			6
2025.09.29	01:15:41.978	0.93376				2
2025.09.29	01:15:42.840	0.93378				2
2025.09.29	01:15:43.390	0.93382	0.93400			6
2025.09.29	01:15:43.701		0.93398			4
2025.09.29	01:15:44.989	0.93381	0.93399			6
2025.09.29	01:15:46.338		0.93398			4
2025.09.29	01:15:47.015	0.93382				2
2025.09.29	01:15:48.043	0.93386	0.93402			6
2025.09.29	01:15:48.347	0.93381	0.93398			6
2025.09.29	01:15:48.659	0.93384				2
2025.09.29	01:15:48.972	0.93386	0.93402			6
2025.09.29	01:15:49.279		0.93404			4
2025.09.29	01:15:49.590		0.93402			4
2025.09.29	01:15:49.917	0.93385				2
2025.09.29	01:15:50.239	0.93384	0.93397			6
2025.09.29	01:15:50.566	0.93385	0.93402			6
2025.09.29	01:15:50.898		0.93397			4
2025.09.29	01:15:51.272		0.93402			4
2025.09.29	01:15:51.623	0.93386	0.93399			6
2025.09.29	01:15:51.946	0.93385	0.93400			6
2025.09.29	01:15:52.640	0.93386	0.93399			6
2025.09.29	01:15:54.013	0.93383	0.93398			6
2025.09.29	01:15:54.671		0.93397			4
2025.09.29	01:15:54.981	0.93381	0.93395			6
2025.09.29	01:15:56.082	0.93379				2
2025.09.29	01:15:56.412	0.93375				2
2025.09.29	01:15:56.760	0.93372				2
2025.09.29	01:15:57.137	0.93374	0.93394			6
2025.09.29	01:15:57.795	0.93373	0.93395			6
2025.09.29	01:15:59.203	0.93372	0.93396			6
2025.09.29	01:15:59.850	0.93373				2
2025.09.29	01:16:00.167	0.93372	0.93397			6
2025.09.29	01:16:00.537	0.93373	0.93396			6
2025.09.29	01:16:01.216	0.93372	0.93397			6
2025.09.29	01:16:01.517	0.93370	0.93396			6
2025.09.29	01:16:01.827	0.93373				2
2025.09.29	01:16:03.154	0.93370	0.93395			6
2025.09.29	01:16:03.458	0.93372				2
2025.09.29	01:16:03.761	0.93379				2
2025.09.29	01:16:04.586	0.93380				2
2025.09.29	01:16:04.897	0.93376	0.93394			6
2025.09.29	01:16:05.281	0.93373	0.93395			6
2025.09.29	01:16:05.585	0.93379				2
2025.09.29	01:16:06.038	0.93380				2
2025.09.29	01:16:06.474	0.93373	0.93394			6
2025.09.29	01:16:06.778	0.93380				2
2025.09.29	01:16:07.745	0.93381				2
2025.09.29	01:16:08.069	0.93378	0.93396			6
2025.09.29	01:16:08.683	0.93379				2
2025.09.29	01:16:09.161	0.93380	0.93395			6
2025.09.29	01:16:09.477	0.93373				2
2025.09.29	01:16:09.795	0.93379				2
2025.09.29	01:16:10.778	0.93380	0.93394			6
2025.09.29	01:16:11.133	0.93378	0.93396			6
2025.09.29	01:16:12.298	0.93379				2
2025.09.29	01:16:12.636	0.93373				2
2025.09.29	01:16:12.941	0.93379				2
2025.09.29	01:16:14.051		0.93397			4
2025.09.29	01:16:14.359	0.93384	0.93396			6
2025.09.29	01:16:14.710	0.93385	0.93403			6
2025.09.29	01:16:15.478		0.93402			4
2025.09.29	01:16:15.778		0.93403			4
2025.09.29	01:16:16.446		0.93405			4
2025.09.29	01:16:17.480		0.93407			4
2025.09.29	01:16:17.798		0.93405			4
2025.09.29	01:16:19.197		0.93404			4
2025.09.29	01:16:19.537	0.93387				2
2025.09.29	01:16:19.843		0.93405			4
2025.09.29	01:16:21.818	0.93388				2
2025.09.29	01:16:25.730	0.93387				2
2025.09.29	01:16:26.060	0.93388				2
2025.09.29	01:16:27.661	0.93387				2
2025.09.29	01:16:27.969	0.93388				2
2025.09.29	01:16:28.997	0.93389				2
2025.09.29	01:16:29.351		0.93406			4
2025.09.29	01:16:29.721	0.93388	0.93405			6
2025.09.29	01:16:30.380	0.93389				2
2025.09.29	01:16:30.752	0.93388				2
2025.09.29	01:16:31.098	0.93389				2
2025.09.29	01:16:32.015	0.93388				2
2025.09.29	01:16:32.342	0.93389	0.93400			6
2025.09.29	01:16:32.999	0.93388	0.93405			6
2025.09.29	01:16:33.369	0.93389				2
2025.09.29	01:16:33.843	0.93388				2
2025.09.29	01:16:34.188	0.93389				2
2025.09.29	01:16:36.130	0.93388				2
2025.09.29	01:16:36.475	0.93389				2
2025.09.29	01:16:38.763	0.93384	0.93399			6
2025.09.29	01:16:39.078	0.93385	0.93398			6
2025.09.29	01:16:39.899	0.93384	0.93399			6
2025.09.29	01:16:40.201	0.93385	0.93398			6
2025.09.29	01:16:42.031		0.93399			4
2025.09.29	01:16:42.374		0.93398			4
2025.09.29	01:16:47.320	0.93386	0.93397			6
2025.09.29	01:16:47.982	0.93385	0.93398			6
2025.09.29	01:16:48.357	0.93384	0.93397			6
2025.09.29	01:16:49.377		0.93398			4
2025.09.29	01:16:52.253	0.93385				2
2025.09.29	01:16:53.103	0.93384	0.93399			6
2025.09.29	01:16:54.202	0.93385				2
2025.09.29	01:16:54.571	0.93384				2
2025.09.29	01:16:54.878	0.93385	0.93398			6
2025.09.29	01:16:55.875		0.93399			4
2025.09.29	01:16:56.178		0.93398			4
2025.09.29	01:17:00.184	0.93385				2
2025.09.29	01:17:04.589	0.93386	0.93402			6
2025.09.29	01:17:05.344	0.93384	0.93401			6
2025.09.29	01:17:05.657	0.93385	0.93402			6
2025.09.29	01:17:05.969	0.93382	0.93398			6
2025.09.29	01:17:06.282	0.93383	0.93399			6
2025.09.29	01:17:07.177		0.93398			4
2025.09.29	01:17:07.848	0.93384	0.93400			6
2025.09.29	01:17:08.457		0.93401			4
2025.09.29	01:17:08.789	0.93385	0.93400			6
2025.09.29	01:17:09.132	0.93384	0.93402			6
2025.09.29	01:17:09.437		0.93401			4
2025.09.29	01:17:10.393		0.93402			4
2025.09.29	01:17:10.699		0.93400			4
2025.09.29	01:17:11.057		0.93401			4
2025.09.29	01:17:11.709		0.93403			4
2025.09.29	01:17:12.021		0.93402			4
2025.09.29	01:17:14.736	0.93376				2
2025.09.29	01:17:15.038	0.93384	0.93403			6
2025.09.29	01:17:15.715	0.93385	0.93402			6
2025.09.29	01:17:16.017	0.93384	0.93403			6
2025.09.29	01:17:16.342		0.93402			4
2025.09.29	01:17:17.035		0.93403			4
2025.09.29	01:17:18.321	0.93385	0.93402			6
2025.09.29	01:17:18.637	0.93384	0.93403			6
2025.09.29	01:17:18.964		0.93404			4
2025.09.29	01:17:19.282		0.93403			4
2025.09.29	01:17:20.595		0.93402			4
2025.09.29	01:17:20.902	0.93383	0.93404			6
2025.09.29	01:17:22.467	0.93384	0.93403			6
2025.09.29	01:17:23.383		0.93402			4
2025.09.29	01:17:23.686		0.93403			4
2025.09.29	01:17:24.377		0.93402			4
2025.09.29	01:17:24.718		0.93403			4
2025.09.29	01:17:25.407	0.93385	0.93402			6
2025.09.29	01:17:25.750	0.93383	0.93403			6
2025.09.29	01:17:26.439	0.93385	0.93402			6
2025.09.29	01:17:26.746	0.93383	0.93404			6
2025.09.29	01:17:32.520		0.93401			4
2025.09.29	01:17:32.846		0.93402			4
2025.09.29	01:17:33.550		0.93401			4
2025.09.29	01:17:35.855	0.93386	0.93404			6
2025.09.29	01:17:36.159	0.93385	0.93406			6
2025.09.29	01:17:37.197		0.93405			4
2025.09.29	01:17:37.914	0.93387	0.93404			6
2025.09.29	01:17:38.220	0.93385	0.93405			6
2025.09.29	01:17:38.906	0.93387	0.93404			6
2025.09.29	01:17:39.248	0.93385	0.93405			6
2025.09.29	01:17:39.974	0.93386	0.93404			6
2025.09.29	01:17:40.285	0.93385	0.93405			6
2025.09.29	01:17:41.002	0.93386	0.93404			6
2025.09.29	01:17:41.319	0.93385	0.93405			6
2025.09.29	01:17:42.031	0.93386	0.93404			6
2025.09.29	01:17:42.358	0.93385	0.93405			6
2025.09.29	01:17:43.062	0.93387	0.93404			6
2025.09.29	01:17:43.373	0.93385	0.93405			6
2025.09.29	01:17:44.094	0.93387	0.93404			6
2025.09.29	01:17:44.427	0.93385	0.93405			6
2025.09.29	01:17:45.121	0.93386	0.93404			6
2025.09.29	01:17:45.460	0.93385	0.93405			6
2025.09.29	01:17:46.150	0.93386	0.93404			6
2025.09.29	01:17:46.495	0.93385	0.93405			6
2025.09.29	01:17:47.180	0.93387	0.93404			6
2025.09.29	01:17:47.484	0.93385	0.93405			6
2025.09.29	01:17:48.209	0.93387	0.93404			6
2025.09.29	01:17:48.555	0.93385	0.93405			6
2025.09.29	01:17:49.239	0.93383	0.93404			6
2025.09.29	01:17:49.560	0.93385	0.93405			6
2025.09.29	01:17:49.926		0.93396			4
2025.09.29	01:17:50.271	0.93383	0.93398			6
2025.09.29	01:17:50.582	0.93385	0.93396			6
2025.09.29	01:17:51.299	0.93384	0.93397			6
2025.09.29	01:17:51.618	0.93385	0.93396			6
2025.09.29	01:17:52.313	0.93383	0.93398			6
2025.09.29	01:17:52.642	0.93385	0.93405			6
2025.09.29	01:17:52.950	0.93384	0.93396			6
2025.09.29	01:17:53.260	0.93385	0.93397			6
2025.09.29	01:17:55.156		0.93396			4
2025.09.29	01:17:55.459		0.93398			4
2025.09.29	01:17:55.762		0.93397			4
2025.09.29	01:17:57.512		0.93398			4
2025.09.29	01:17:57.820		0.93397			4
2025.09.29	01:17:58.502	0.93384	0.93398			6
2025.09.29	01:17:58.848	0.93385	0.93397			6
2025.09.29	01:17:59.508	0.93386				2
2025.09.29	01:17:59.819	0.93385				2
2025.09.29	01:18:00.146	0.93385				2
2025.09.29	01:18:01.489	0.93384				2
2025.09.29	01:18:01.820	0.93385	0.93405			6
2025.09.29	01:18:06.339		0.93404			4
2025.09.29	01:18:06.682		0.93405			4
2025.09.29	01:18:07.299		0.93406			4
2025.09.29	01:18:07.619		0.93405			4
2025.09.29	01:18:07.942	0.93387	0.93404			6
2025.09.29	01:18:08.249	0.93385	0.93405			6
2025.09.29	01:18:08.611		0.93406			4
2025.09.29	01:18:08.973	0.93387	0.93404			6
2025.09.29	01:18:09.291	0.93385	0.93405			6
2025.09.29	01:18:09.657		0.93397			4
2025.09.29	01:18:09.965	0.93386	0.93404			6
2025.09.29	01:18:10.297	0.93385				2
2025.09.29	01:18:10.605		0.93405			4
2025.09.29	01:18:10.927	0.93386				2
2025.09.29	01:18:11.237	0.93385	0.93406			6
2025.09.29	01:18:13.562		0.93399			4
2025.09.29	01:18:13.879		0.93396			4
2025.09.29	01:18:14.251		0.93406			4
2025.09.29	01:18:22.388	0.93384	0.93397			6
2025.09.29	01:18:22.725	0.93385				2
2025.09.29	01:18:23.455	0.93384				2
2025.09.29	01:18:23.758	0.93385	0.93396			6
2025.09.29	01:18:24.522		0.93397			4
2025.09.29	01:18:24.838		0.93399			4
2025.09.29	01:18:25.158		0.93397			4
2025.09.29	01:18:26.482	0.93381				2
2025.09.29	01:18:26.786	0.93385	0.93396			6
2025.09.29	01:18:27.099		0.93397			4
2025.09.29	01:18:28.423	0.93382	0.93396			6
2025.09.29	01:18:28.738	0.93385	0.93397			6
2025.09.29	01:18:29.051		0.93396			4
2025.09.29	01:18:29.691	0.93384	0.93397			6
2025.09.29	01:18:29.999	0.93385	0.93399			6
2025.09.29	01:18:30.311		0.93397			4
2025.09.29	01:18:30.656	0.93384				2
2025.09.29	01:18:30.987	0.93385	0.93396			6
2025.09.29	01:18:31.631	0.93384	0.93397			6
2025.09.29	01:18:31.990	0.93385				2
2025.09.29	01:18:32.362		0.93396			4
2025.09.29	01:18:32.689	0.93384	0.93397			6
2025.09.29	01:18:33.017	0.93385	0.93396			6
2025.09.29	01:18:33.318		0.93404			4
2025.09.29	01:18:33.625		0.93405			4
2025.09.29	01:18:33.934		0.93404			4
2025.09.29	01:18:34.885	0.93386	0.93402			6
2025.09.29	01:18:35.199	0.93385	0.93404			6
2025.09.29	01:18:35.916		0.93405			4
2025.09.29	01:18:36.607		0.93404			4
2025.09.29	01:18:36.953		0.93403			4
2025.09.29	01:18:37.258		0.93404			4
2025.09.29	01:18:37.985	0.93386	0.93403			6
2025.09.29	01:18:38.286	0.93385	0.93404			6
2025.09.29	01:18:39.017	0.93386	0.93403			6
2025.09.29	01:18:39.320	0.93385	0.93404			6
2025.09.29	01:18:40.047	0.93386	0.93403			6
2025.09.29	01:18:40.358	0.93385	0.93404			6
2025.09.29	01:18:41.078	0.93386	0.93403			6
2025.09.29	01:18:41.382	0.93385	0.93404			6
2025.09.29	01:18:42.101	0.93386	0.93402			6
2025.09.29	01:18:42.413	0.93385	0.93404			6
2025.09.29	01:18:42.799	0.93382	0.93397			6
2025.09.29	01:18:43.124	0.93383	0.93396			6
2025.09.29	01:18:43.944		0.93397			4
2025.09.29	01:18:45.058	0.93386	0.93402			6
2025.09.29	01:18:45.397	0.93382	0.93397			6
2025.09.29	01:18:46.351	0.93383				2
2025.09.29	01:18:46.676	0.93386	0.93405			6
2025.09.29	01:18:47.722	0.93384	0.93397			6
2025.09.29	01:18:48.063	0.93386	0.93404			6
2025.09.29	01:18:48.373		0.93405			4
2025.09.29	01:18:48.690		0.93403			4
2025.09.29	01:18:50.996		0.93406			4
2025.09.29	01:18:51.299		0.93403			4
2025.09.29	01:18:51.919	0.93385				2
2025.09.29	01:18:52.251	0.93386				2
2025.09.29	01:18:52.559	0.93382	0.93395			6
2025.09.29	01:18:52.865	0.93381				2
2025.09.29	01:18:53.505	0.93385	0.93401			6
2025.09.29	01:18:53.820	0.93384	0.93402			6
2025.09.29	01:18:58.274	0.93382	0.93395			6
2025.09.29	01:18:58.596	0.93384	0.93402			6
2025.09.29	01:18:59.304	0.93381	0.93395			6
2025.09.29	01:18:59.652	0.93384	0.93402			6
2025.09.29	01:19:00.334	0.93384				2
2025.09.29	01:19:00.684	0.93380	0.93396			6
2025.09.29	01:19:01.686	0.93381	0.93395			6
2025.09.29	01:19:02.365		0.93396			4
2025.09.29	01:19:02.709		0.93395			4
2025.09.29	01:19:03.392		0.93396			4
2025.09.29	01:19:03.740		0.93395			4
2025.09.29	01:19:04.464		0.93396			4
2025.09.29	01:19:04.808		0.93395			4
2025.09.29	01:19:05.466	0.93385	0.93401			6
2025.09.29	01:19:05.811	0.93380	0.93396			6
2025.09.29	01:19:06.142	0.93381	0.93395			6
2025.09.29	01:19:06.871	0.93377	0.93396			6
2025.09.29	01:19:07.178	0.93387	0.93401			6
2025.09.29	01:19:07.498		0.93400			4
2025.09.29	01:19:07.800		0.93401			4
2025.09.29	01:19:08.134	0.93386				2
2025.09.29	01:19:08.451	0.93385	0.93402			6
2025.09.29	01:19:09.164	0.93386	0.93401			6
2025.09.29	01:19:09.474	0.93385	0.93402			6
2025.09.29	01:19:10.194	0.93386	0.93401			6
2025.09.29	01:19:10.498	0.93385				2
2025.09.29	01:19:11.001		0.93402			4
2025.09.29	01:19:12.262	0.93386	0.93401			6
2025.09.29	01:19:12.566	0.93385	0.93402			6
2025.09.29	01:19:13.295	0.93387	0.93401			6
2025.09.29	01:19:13.598	0.93385	0.93402			6
2025.09.29	01:19:14.329	0.93387	0.93401			6
2025.09.29	01:19:14.640	0.93385	0.93402			6
2025.09.29	01:19:17.536	0.93386				2
2025.09.29	01:19:18.337		0.93401			4
2025.09.29	01:19:18.681		0.93402			4
2025.09.29	01:19:19.712		0.93401			4
2025.09.29	01:19:20.057		0.93402			4
2025.09.29	01:19:20.400		0.93401			4
2025.09.29	01:19:20.708		0.93402			4
2025.09.29	01:19:22.051	0.93378				2
2025.09.29	01:19:22.362	0.93386				2
2025.09.29	01:19:23.001	0.93384	0.93403			6
2025.09.29	01:19:23.307	0.93385	0.93402			6
2025.09.29	01:19:23.611	0.93386	0.93401			6
2025.09.29	01:19:23.918	0.93385	0.93402			6
2025.09.29	01:19:24.297	0.93384	0.93403			6
2025.09.29	01:19:24.599	0.93387	0.93401			6
2025.09.29	01:19:24.948	0.93386	0.93403			6
2025.09.29	01:19:25.671	0.93387	0.93402			6
2025.09.29	01:19:26.021	0.93385	0.93403			6
2025.09.29	01:19:26.664	0.93386	0.93402			6
2025.09.29	01:19:26.966	0.93385				2
2025.09.29	01:19:27.966		0.93403			4
2025.09.29	01:19:28.959		0.93402			4
2025.09.29	01:19:29.267		0.93401			4
2025.09.29	01:19:29.578		0.93402			4
2025.09.29	01:19:29.903	0.93386				2
2025.09.29	01:19:30.223	0.93385				2
2025.09.29	01:19:30.945		0.93401			4
2025.09.29	01:19:31.259		0.93402			4
2025.09.29	01:19:31.975	0.93386	0.93401			6
2025.09.29	01:19:32.277	0.93385	0.93402			6
2025.09.29	01:19:33.007	0.93386	0.93401			6
2025.09.29	01:19:33.315	0.93385	0.93402			6
2025.09.29	01:19:34.041	0.93386	0.93401			6
2025.09.29	01:19:34.351	0.93385	0.93402			6
2025.09.29	01:19:35.072	0.93386	0.93401			6
2025.09.29	01:19:35.385	0.93385	0.93402			6
2025.09.29	01:19:36.103	0.93386	0.93401			6
2025.09.29	01:19:36.417	0.93385	0.93402			6
2025.09.29	01:19:37.134	0.93386	0.93401			6
2025.09.29	01:19:37.454	0.93385	0.93402			6
2025.09.29	01:19:38.172	0.93386	0.93401			6
2025.09.29	01:19:38.488	0.93385	0.93402			6
2025.09.29	01:19:39.203	0.93386	0.93401			6
2025.09.29	01:19:39.519	0.93385	0.93402			6
2025.09.29	01:19:39.830	0.93386	0.93401			6
2025.09.29	01:19:40.902		0.93402			4
2025.09.29	01:19:41.212		0.93401			4
2025.09.29	01:19:41.938		0.93402			4
2025.09.29	01:19:45.400	0.93382	0.93396			6
2025.09.29	01:19:45.737	0.93386	0.93401			6
2025.09.29	01:19:46.051	0.93382	0.93396			6
2025.09.29	01:19:46.424	0.93381				2
2025.09.29	01:19:46.768	0.93375				2
2025.09.29	01:19:49.955		0.93397			4
2025.09.29	01:19:50.313		0.93395			4
2025.09.29	01:19:50.652		0.93396			4
2025.09.29	01:19:51.011		0.93397			4
2025.09.29	01:19:51.340		0.93395			4
2025.09.29	01:19:51.690		0.93396			4
2025.09.29	01:19:52.043		0.93397			4
2025.09.29	01:19:52.378		0.93395			4
2025.09.29	01:19:52.711		0.93396			4
2025.09.29	01:19:53.417		0.93395			4
2025.09.29	01:19:53.746		0.93396			4
2025.09.29	01:19:54.451		0.93395			4
2025.09.29	01:19:54.777		0.93396			4
2025.09.29	01:19:57.326	0.93379				2
2025.09.29	01:19:57.805	0.93375				2
2025.09.29	01:19:58.111	0.93379				2
2025.09.29	01:20:00.385	0.93384				2
2025.09.29	01:20:01.338	0.93383	0.93397			6
2025.09.29	01:20:01.693	0.93384	0.93396			6
2025.09.29	01:20:02.000	0.93383				2
2025.09.29	01:20:02.411	0.93384	0.93397			6
2025.09.29	01:20:03.059	0.93385	0.93396			6
2025.09.29	01:20:04.050		0.93395			4
2025.09.29	01:20:04.535		0.93396			4
2025.09.29	01:20:04.993	0.93384	0.93397			6
2025.09.29	01:20:05.299		0.93395			4
2025.09.29	01:20:06.176	0.93383	0.93396			6
2025.09.29	01:20:06.479	0.93384				2
2025.09.29	01:20:08.700	0.93376				2
2025.09.29	01:20:10.878	0.93379				2
2025.09.29	01:20:11.525	0.93376	0.93397			6
2025.09.29	01:20:11.875	0.93379	0.93396			6
2025.09.29	01:20:12.650	0.93375				2
2025.09.29	01:20:12.969	0.93379				2
2025.09.29	01:20:13.738	0.93375	0.93395			6
2025.09.29	01:20:14.051		0.93396			4
2025.09.29	01:20:15.315	0.93380	0.93395			6
2025.09.29	01:20:15.618	0.93385	0.93399			6
2025.09.29	01:20:15.920	0.93384				2
2025.09.29	01:20:16.238	0.93383	0.93400			6
2025.09.29	01:20:16.876	0.93384				2
2025.09.29	01:20:17.243	0.93382	0.93402			6
2025.09.29	01:20:17.551		0.93393			4
2025.09.29	01:20:18.271	0.93383				2
2025.09.29	01:20:18.579	0.93382	0.93392			6
2025.09.29	01:20:18.947	0.93384	0.93399			6
2025.09.29	01:20:19.342	0.93383	0.93400			6
2025.09.29	01:20:19.680	0.93382	0.93393			6
2025.09.29	01:20:19.982	0.93381				2
2025.09.29	01:20:20.406	0.93382				2
2025.09.29	01:20:20.781	0.93383	0.93394			6
2025.09.29	01:20:21.148		0.93401			4
2025.09.29	01:20:21.472		0.93402			4
2025.09.29	01:20:22.188		0.93401			4
2025.09.29	01:20:22.517		0.93394			4
2025.09.29	01:20:22.827		0.93393			4
2025.09.29	01:20:23.219	0.93382	0.93394			6
2025.09.29	01:20:23.865	0.93383	0.93393			6
2025.09.29	01:20:26.101	0.93382	0.93394			6
2025.09.29	01:20:26.422	0.93383	0.93393			6
2025.09.29	01:20:28.267		0.93394			4
2025.09.29	01:20:28.945		0.93393			4
2025.09.29	01:20:33.160		0.93394			4
2025.09.29	01:20:34.043		0.93393			4
2025.09.29	01:20:36.063	0.93382				2
2025.09.29	01:20:36.706	0.93383				2
2025.09.29	01:20:38.361		0.93394			4
2025.09.29	01:20:39.421		0.93393			4
2025.09.29	01:20:40.466	0.93382	0.93394			6
2025.09.29	01:20:40.883	0.93383	0.93393			6
2025.09.29	01:20:41.235	0.93373				2
2025.09.29	01:20:41.565		0.93392			4
2025.09.29	01:20:41.947	0.93372				2
2025.09.29	01:20:42.974	0.93380				2
2025.09.29	01:20:43.286	0.93372				2
2025.09.29	01:20:44.713		0.93393			4
2025.09.29	01:20:45.047		0.93392			4
2025.09.29	01:20:48.728	0.93373				2
2025.09.29	01:20:49.113		0.93393			4
2025.09.29	01:20:49.423		0.93392			4
2025.09.29	01:20:51.262		0.93391			4
2025.09.29	01:20:51.995		0.93392			4
2025.09.29	01:20:52.338		0.93391			4
2025.09.29	01:20:53.906		0.93392			4
2025.09.29	01:20:54.744		0.93391			4
2025.09.29	01:20:56.223		0.93392			4
2025.09.29	01:20:56.597		0.93391			4
2025.09.29	01:20:57.530	0.93372	0.93392			6
2025.09.29	01:20:57.919		0.93391			4
2025.09.29	01:20:59.090		0.93392			4
2025.09.29	01:20:59.420		0.93391			4
2025.09.29	01:21:00.455	0.93383	0.93393			6
2025.09.29	01:21:00.771	0.93374				2
2025.09.29	01:21:01.284		0.93394			4
2025.09.29	01:21:01.671	0.93380	0.93396			6
2025.09.29	01:21:01.979	0.93382				2
2025.09.29	01:21:02.294	0.93375	0.93391			6
2025.09.29	01:21:02.599	0.93381				2
2025.09.29	01:21:02.905	0.93380	0.93392			6
2025.09.29	01:21:03.347		0.93395			4
2025.09.29	01:21:03.659	0.93379	0.93392			6
2025.09.29	01:21:03.975	0.93373				2
2025.09.29	01:21:04.278	0.93379				2
2025.09.29	01:21:05.015	0.93378				2
2025.09.29	01:21:05.325	0.93379				2
2025.09.29	01:21:05.645		0.93391			4
2025.09.29	01:21:06.563	0.93380	0.93390			6
2025.09.29	01:21:06.902	0.93379	0.93391			6
2025.09.29	01:21:07.211	0.93378	0.93392			6
2025.09.29	01:21:07.590	0.93379	0.93391			6
2025.09.29	01:21:08.249	0.93375	0.93390			6
2025.09.29	01:21:08.577	0.93378	0.93392			6
2025.09.29	01:21:09.182	0.93379	0.93391			6
2025.09.29	01:21:09.519	0.93380	0.93390			6
2025.09.29	01:21:09.859	0.93374	0.93391			6
2025.09.29	01:21:10.912	0.93379				2
2025.09.29	01:21:11.218	0.93375	0.93389			6
2025.09.29	01:21:11.531	0.93373	0.93392			6
2025.09.29	01:21:11.835	0.93381	0.93393			6
2025.09.29	01:21:12.172	0.93378	0.93392			6
2025.09.29	01:21:15.243		0.93391			4
2025.09.29	01:21:15.563	0.93377	0.93392			6
2025.09.29	01:21:15.872	0.93378	0.93391			6
2025.09.29	01:21:16.538	0.93377	0.93392			6
2025.09.29	01:21:16.851	0.93378	0.93391			6
2025.09.29	01:21:17.547	0.93381	0.93395			6
2025.09.29	01:21:17.857	0.93378	0.93391			6
2025.09.29	01:21:18.187	0.93381	0.93394			6
2025.09.29	01:21:18.498	0.93380	0.93395			6
2025.09.29	01:21:18.871	0.93379	0.93391			6
2025.09.29	01:21:19.520	0.93374	0.93390			6
2025.09.29	01:21:19.828	0.93379	0.93391			6
2025.09.29	01:21:20.206	0.93378	0.93392			6
2025.09.29	01:21:20.518	0.93373	0.93391			6
2025.09.29	01:21:20.877	0.93378				2
2025.09.29	01:21:21.239	0.93379	0.93390			6
2025.09.29	01:21:21.552	0.93374				2
2025.09.29	01:21:21.935	0.93378	0.93392			6
2025.09.29	01:21:22.272		0.93391			4
2025.09.29	01:21:22.609	0.93380	0.93394			6
2025.09.29	01:21:22.917	0.93378	0.93391			6
2025.09.29	01:21:23.985	0.93379	0.93390			6
2025.09.29	01:21:24.285	0.93378	0.93391			6
2025.09.29	01:21:24.671	0.93380	0.93394			6
2025.09.29	01:21:24.991	0.93378	0.93391			6
2025.09.29	01:21:26.057	0.93373	0.93390			6
2025.09.29	01:21:26.363	0.93378	0.93391			6
2025.09.29	01:21:26.730	0.93380	0.93394			6
2025.09.29	01:21:27.060	0.93373	0.93391			6
2025.09.29	01:21:27.418	0.93378				2
2025.09.29	01:21:27.764	0.93373				2
2025.09.29	01:21:28.157	0.93380				2
2025.09.29	01:21:28.478	0.93378				2
2025.09.29	01:21:28.792	0.93380	0.93394			6
2025.09.29	01:21:29.097	0.93373	0.93390			6
2025.09.29	01:21:29.853	0.93372				2
2025.09.29	01:21:30.159		0.93389			4
2025.09.29	01:21:30.484	0.93378	0.93391			6
2025.09.29	01:21:30.787	0.93372				2
2025.09.29	01:21:31.098	0.93379	0.93389			6
2025.09.29	01:21:31.399	0.93372	0.93391			6
2025.09.29	01:21:31.742	0.93380	0.93394			6
2025.09.29	01:21:32.125	0.93373	0.93389			6
2025.09.29	01:21:32.443	0.93372	0.93391			6
2025.09.29	01:21:32.776	0.93381	0.93394			6
2025.09.29	01:21:33.147	0.93372	0.93390			6
2025.09.29	01:21:33.458	0.93380	0.93394			6
2025.09.29	01:21:33.798	0.93372	0.93391			6
2025.09.29	01:21:34.137	0.93380	0.93394			6
2025.09.29	01:21:35.192	0.93375	0.93390			6
2025.09.29	01:21:35.543	0.93372	0.93391			6
2025.09.29	01:21:35.903	0.93373				2
2025.09.29	01:21:36.215	0.93372	0.93390			6
2025.09.29	01:21:36.568	0.93373	0.93391			6
2025.09.29	01:21:36.931	0.93372				2
2025.09.29	01:21:37.241	0.93373	0.93390			6
2025.09.29	01:21:37.684		0.93391			4
2025.09.29	01:21:37.998	0.93380	0.93394			6
2025.09.29	01:21:38.307	0.93381				2
2025.09.29	01:21:38.632	0.93370	0.93391			6
2025.09.29	01:21:38.944	0.93373	0.93392			6
2025.09.29	01:21:39.273		0.93390			4
2025.09.29	01:21:39.610		0.93391			4
2025.09.29	01:21:39.919		0.93392			4
2025.09.29	01:21:40.267	0.93381	0.93391			6
2025.09.29	01:21:40.601	0.93380				2
2025.09.29	01:21:40.950	0.93373				2
2025.09.29	01:21:41.273	0.93380	0.93392			6
2025.09.29	01:21:41.578	0.93377	0.93390			6
2025.09.29	01:21:41.951	0.93381	0.93391			6
2025.09.29	01:21:42.444	0.93373				2
2025.09.29	01:21:42.747	0.93379				2
2025.09.29	01:21:43.081	0.93372				2
2025.09.29	01:21:43.457	0.93380	0.93394			6
2025.09.29	01:21:43.789	0.93381	0.93393			6
2025.09.29	01:21:44.508	0.93380	0.93394			6
2025.09.29	01:21:44.901	0.93381	0.93393			6
2025.09.29	01:21:45.208	0.93372	0.93391			6
2025.09.29	01:21:45.518	0.93380	0.93394			6
2025.09.29	01:21:46.132	0.93378	0.93391			6
2025.09.29	01:21:46.454		0.93392			4
2025.09.29	01:21:46.797	0.93379	0.93391			6
2025.09.29	01:21:47.112	0.93378	0.93392			6
2025.09.29	01:21:47.484		0.93391			4
2025.09.29	01:21:47.833	0.93379	0.93390			6
2025.09.29	01:21:48.154	0.93373				2
2025.09.29	01:21:48.474		0.93392			4
2025.09.29	01:21:48.824	0.93378				2
2025.09.29	01:21:49.203	0.93379	0.93390			6
2025.09.29	01:21:49.852	0.93380				2
2025.09.29	01:21:50.235	0.93377	0.93392			6
2025.09.29	01:21:50.542	0.93378				2
2025.09.29	01:21:50.986	0.93382				2
2025.09.29	01:21:51.306	0.93375	0.93390			6
2025.09.29	01:21:51.617	0.93380	0.93401			6
2025.09.29	01:21:51.926	0.93381				2
2025.09.29	01:21:52.305	0.93374	0.93395			6
2025.09.29	01:21:52.619		0.93393			4
2025.09.29	01:21:52.933	0.93376	0.93395			6
2025.09.29	01:21:53.618	0.93374	0.93393			6
2025.09.29	01:21:53.972	0.93376	0.93395			6
2025.09.29	01:21:54.361		0.93394			4
2025.09.29	01:21:54.815		0.93395			4
2025.09.29	01:21:55.161	0.93375				2
2025.09.29	01:21:55.837	0.93376				2
2025.09.29	01:21:56.262		0.93394			4
2025.09.29	01:21:56.653	0.93377				2
2025.09.29	01:21:56.958	0.93376	0.93395			6
2025.09.29	01:21:57.797	0.93381	0.93393			6
2025.09.29	01:21:58.143	0.93380	0.93395			6
2025.09.29	01:21:58.605		0.93394			4
2025.09.29	01:21:58.978		0.93395			4
2025.09.29	01:22:00.287	0.93380	0.93394			6
2025.09.29	01:22:00.669		0.93393			4
2025.09.29	01:22:00.978	0.93374	0.93394			6
2025.09.29	01:22:01.352	0.93383	0.93402			6
2025.09.29	01:22:01.669	0.93373	0.93394			6
2025.09.29	01:22:01.971	0.93384	0.93402			6
2025.09.29	01:22:02.279	0.93373	0.93396			6
2025.09.29	01:22:02.597	0.93384	0.93402			6
2025.09.29	01:22:03.644	0.93383				2
2025.09.29	01:22:03.958	0.93384				2
2025.09.29	01:22:04.604	0.93374	0.93393			6
2025.09.29	01:22:04.932	0.93383	0.93402			6
2025.09.29	01:22:05.274	0.93384				2
2025.09.29	01:22:06.673	0.93382				2
2025.09.29	01:22:06.994	0.93384				2
2025.09.29	01:22:07.298		0.93403			4
2025.09.29	01:22:07.979	0.93382	0.93402			6
2025.09.29	01:22:08.288	0.93385				2
2025.09.29	01:22:08.653	0.93384				2
2025.09.29	01:22:09.301	0.93383				2
2025.09.29	01:22:10.026	0.93384	0.93400			6
2025.09.29	01:22:10.339		0.93402			4
2025.09.29	01:22:10.779	0.93383				2
2025.09.29	01:22:11.142	0.93373	0.93394			6
2025.09.29	01:22:12.083	0.93382	0.93402			6
2025.09.29	01:22:12.483	0.93384				2
2025.09.29	01:22:13.657	0.93382				2
2025.09.29	01:22:14.036	0.93384				2
2025.09.29	01:22:14.338	0.93383				2
2025.09.29	01:22:14.695	0.93385	0.93401			6
2025.09.29	01:22:15.016	0.93383	0.93402			6
2025.09.29	01:22:15.323	0.93373	0.93394			6
2025.09.29	01:22:15.689		0.93395			4
2025.09.29	01:22:16.054		0.93394			4
2025.09.29	01:22:17.078		0.93393			4
2025.09.29	01:22:17.384		0.93395			4
2025.09.29	01:22:17.699		0.93394			4
2025.09.29	01:22:18.748		0.93393			4
2025.09.29	01:22:19.056	0.93383	0.93401			6
2025.09.29	01:22:19.673	0.93382				2
2025.09.29	01:22:20.356	0.93384	0.93402			6
2025.09.29	01:22:20.672	0.93383				2
2025.09.29	01:22:21.300	0.93384				2
2025.09.29	01:22:21.989	0.93382				2
2025.09.29	01:22:22.323	0.93372	0.93393			6
2025.09.29	01:22:22.668	0.93384	0.93394			6
2025.09.29	01:22:22.978	0.93382	0.93402			6
2025.09.29	01:22:23.351	0.93379	0.93395			6
2025.09.29	01:22:23.657	0.93378	0.93396			6
2025.09.29	01:22:23.960	0.93379	0.93394			6
2025.09.29	01:22:24.268	0.93380	0.93395			6
2025.09.29	01:22:25.890	0.93379	0.93396			6
2025.09.29	01:22:26.280	0.93380	0.93394			6
2025.09.29	01:22:26.955	0.93379	0.93396			6
2025.09.29	01:22:27.265	0.93380	0.93394			6
2025.09.29	01:22:28.634	0.93379	0.93395			6
2025.09.29	01:22:29.325	0.93378	0.93396			6
2025.09.29	01:22:29.651	0.93379	0.93395			6
2025.09.29	01:22:30.391	0.93378				2
2025.09.29	01:22:30.697	0.93380	0.93394			6
2025.09.29	01:22:31.053	0.93379	0.93395			6
2025.09.29	01:22:31.468	0.93376				2
2025.09.29	01:22:31.819	0.93379				2
2025.09.29	01:22:32.542	0.93378				2
2025.09.29	01:22:32.885	0.93379	0.93394			6
2025.09.29	01:22:33.500	0.93378	0.93395			6
2025.09.29	01:22:34.109	0.93379	0.93394			6
2025.09.29	01:22:36.267	0.93378	0.93395			6
2025.09.29	01:22:37.338	0.93379	0.93394			6
2025.09.29	01:22:38.038	0.93378	0.93396			6
2025.09.29	01:22:38.356	0.93379	0.93394			6
2025.09.29	01:22:38.763	0.93373				2
2025.09.29	01:22:39.078	0.93379				2
2025.09.29	01:22:40.102	0.93378	0.93395			6
2025.09.29	01:22:40.473	0.93379	0.93394			6
2025.09.29	01:22:41.700	0.93383	0.93398			6
2025.09.29	01:22:42.178	0.93380	0.93394			6
2025.09.29	01:22:42.505	0.93375	0.93395			6
2025.09.29	01:22:42.833	0.93380	0.93394			6
2025.09.29	01:22:46.071	0.93379				2
2025.09.29	01:22:46.411	0.93382	0.93396			6
2025.09.29	01:22:46.880	0.93383	0.93395			6
2025.09.29	01:22:47.253	0.93382	0.93396			6
2025.09.29	01:22:47.878	0.93383	0.93395			6
2025.09.29	01:22:48.420	0.93378	0.93392			6
2025.09.29	01:22:48.730	0.93382	0.93395			6
2025.09.29	01:22:49.163	0.93383				2
2025.09.29	01:22:49.572	0.93373	0.93394			6
2025.09.29	01:22:49.882	0.93382	0.93396			6
2025.09.29	01:22:50.632	0.93381	0.93403			6
2025.09.29	01:22:50.937	0.93382	0.93394			6
2025.09.29	01:22:51.575	0.93378				2
2025.09.29	01:22:51.908	0.93379	0.93393			6
2025.09.29	01:22:54.052	0.93380	0.93392			6
2025.09.29	01:22:54.355	0.93379	0.93393			6
2025.09.29	01:22:56.813	0.93386	0.93399			6
2025.09.29	01:22:57.118	0.93387	0.93401			6
2025.09.29	01:22:57.419		0.93400			4
2025.09.29	01:22:58.343	0.93385	0.93396			6
2025.09.29	01:22:58.674	0.93387	0.93400			6
2025.09.29	01:22:59.385	0.93385	0.93399			6
2025.09.29	01:22:59.787	0.93387	0.93400			6
2025.09.29	01:23:00.166	0.93387				2
2025.09.29	01:23:00.509	0.93385	0.93403			6
2025.09.29	01:23:00.812		0.93404			4
2025.09.29	01:23:01.178	0.93387	0.93401			6
2025.09.29	01:23:02.001	0.93385	0.93399			6
2025.09.29	01:23:02.324	0.93387	0.93398			6
2025.09.29	01:23:03.123	0.93385	0.93399			6
2025.09.29	01:23:03.439	0.93387				2
2025.09.29	01:23:03.845	0.93386				2
2025.09.29	01:23:04.411		0.93398			4
2025.09.29	01:23:04.719		0.93399			4
2025.09.29	01:23:05.096	0.93387	0.93398			6
2025.09.29	01:23:05.404	0.93385	0.93399			6
2025.09.29	01:23:05.874	0.93386				2
2025.09.29	01:23:06.242	0.93387	0.93398			6
2025.09.29	01:23:06.557	0.93386	0.93408			6
2025.09.29	01:23:07.185	0.93387	0.93406			6
2025.09.29	01:23:07.490	0.93385	0.93397			6
2025.09.29	01:23:07.814	0.93386	0.93407			6
2025.09.29	01:23:08.131	0.93385	0.93396			6
2025.09.29	01:23:08.451	0.93387	0.93406			6
2025.09.29	01:23:08.758	0.93385				2
2025.09.29	01:23:09.109		0.93408			4
2025.09.29	01:23:09.418		0.93396			4
2025.09.29	01:23:09.719		0.93407			4
2025.09.29	01:23:10.023		0.93406			4
2025.09.29	01:23:10.335		0.93398			4
2025.09.29	01:23:10.645		0.93396			4
2025.09.29	01:23:10.959	0.93375	0.93393			6
2025.09.29	01:23:11.278	0.93379	0.93394			6
2025.09.29	01:23:11.622	0.93380	0.93393			6
2025.09.29	01:23:12.315	0.93383				2
2025.09.29	01:23:12.618	0.93379				2
2025.09.29	01:23:12.925	0.93380	0.93394			6
2025.09.29	01:23:13.264		0.93393			4
2025.09.29	01:23:13.590	0.93379	0.93394			6
2025.09.29	01:23:13.893	0.93380				2
2025.09.29	01:23:14.611	0.93381	0.93393			6
2025.09.29	01:23:14.953	0.93380	0.93394			6
2025.09.29	01:23:15.305		0.93393			4
2025.09.29	01:23:16.675	0.93381	0.93392			6
2025.09.29	01:23:17.012	0.93380	0.93394			6
2025.09.29	01:23:17.373		0.93393			4
