<DATE>	<TIME>	<BID>	<ASK>	<LAST>	<VOLUME>	<FLAGS>
2025.05.14	00:03:31.439	0.93843	0.93933			6
2025.05.14	00:03:47.666	0.93860				2
2025.05.14	00:04:00.177	0.93860				2
2025.05.14	00:04:15.310	0.93856	0.94071			6
2025.05.14	00:04:53.696		0.94023			4
2025.05.14	00:04:54.756	0.93857				2
2025.05.14	00:04:57.154	0.93856				2
2025.05.14	00:04:58.077	0.93857				2
2025.05.14	00:05:00.825	0.93857				2
2025.05.14	00:05:17.064	0.93856				2
2025.05.14	00:05:26.904	0.93870				2
2025.05.14	00:05:27.466	0.93874				2
2025.05.14	00:05:43.033	0.93875				2
2025.05.14	00:05:47.590	0.93890	0.94021			6
2025.05.14	00:05:57.895	0.93868	0.94023			6
2025.05.14	00:06:00.174	0.93868				2
2025.05.14	00:06:10.981	0.93874				2
2025.05.14	00:06:11.297	0.93868				2
2025.05.14	00:06:12.372	0.93872				2
2025.05.14	00:06:12.677	0.93868				2
2025.05.14	00:06:16.302	0.93849				2
2025.05.14	00:06:58.187		0.94023			4
2025.05.14	00:07:00.759	0.93849				2
2025.05.14	00:07:11.445	0.93848				2
2025.05.14	00:07:58.876		0.94023			4
2025.05.14	00:08:02.352	0.93848				2
2025.05.14	00:08:06.769	0.93853	0.94002			6
2025.05.14	00:08:12.463	0.93848	0.94023			6
2025.05.14	00:09:00.761	0.93848				2
2025.05.14	00:09:07.503	0.93846				2
2025.05.14	00:09:12.968		0.94023			4
2025.05.14	00:09:17.556		0.94005			4
2025.05.14	00:10:00.355	0.93846				2
2025.05.14	00:10:02.398	0.93839				2
2025.05.14	00:10:11.861	0.93841	0.94019			6
2025.05.14	00:10:22.682	0.93829	0.94007			6
2025.05.14	00:10:41.475		0.94003			4
2025.05.14	00:10:43.896	0.93830				2
2025.05.14	00:10:50.263	0.93829	0.94001			6
2025.05.14	00:10:52.385	0.93821	0.93989			6
2025.05.14	00:10:52.685	0.93829	0.93970			6
2025.05.14	00:10:54.407	0.93832				2
2025.05.14	00:10:58.128	0.93821	0.93989			6
2025.05.14	00:10:59.050	0.93832	0.93970			6
2025.05.14	00:11:00.607	0.93832				2
2025.05.14	00:11:05.031	0.93821	0.93989			6
2025.05.14	00:11:05.976	0.93832	0.93970			6
2025.05.14	00:11:07.618	0.93829				2
2025.05.14	00:11:12.111	0.93819	0.93977			6
2025.05.14	00:11:12.752	0.93829	0.93970			6
2025.05.14	00:11:18.997	0.93819	0.93977			6
2025.05.14	00:11:19.627	0.93830	0.93970			6
2025.05.14	00:11:25.948	0.93819	0.93977			6
2025.05.14	00:11:26.551	0.93830	0.93970			6
2025.05.14	00:11:46.125	0.93831				2
2025.05.14	00:11:56.626	0.93832				2
2025.05.14	00:12:00.757	0.93832				2
2025.05.14	00:12:02.262	0.93831				2
2025.05.14	00:12:07.136	0.93832				2
2025.05.14	00:12:23.626	0.93833				2
2025.05.14	00:12:30.757		0.93970			4
2025.05.14	00:12:40.126	0.93834				2
2025.05.14	00:12:49.133	0.93830				2
2025.05.14	00:12:50.324		0.93963			4
2025.05.14	00:13:00.202	0.93830				2
2025.05.14	00:13:11.162		0.93966			4
2025.05.14	00:13:14.928	0.93831				2
2025.05.14	00:13:31.625	0.93832				2
2025.05.14	00:13:48.923	0.93833				2
2025.05.14	00:13:53.028	0.93834				2
2025.05.14	00:13:55.328	0.93830	0.93970			6
2025.05.14	00:14:00.445	0.93830				2
2025.05.14	00:14:04.926		0.93973			4
2025.05.14	00:15:00.312	0.93830				2
2025.05.14	00:15:05.072		0.93973			4
2025.05.14	00:16:00.057	0.93830				2
2025.05.14	00:16:05.180		0.93973			4
2025.05.14	00:16:08.193		0.93962			4
2025.05.14	00:16:29.452		0.93955			4
2025.05.14	00:17:00.266	0.93830				2
2025.05.14	00:17:29.728		0.93955			4
2025.05.14	00:18:00.152	0.93830				2
2025.05.14	00:18:30.047		0.93955			4
2025.05.14	00:19:00.353	0.93830				2
2025.05.14	00:19:06.513	0.93836	0.93952			6
2025.05.14	00:19:07.021		0.94044			4
2025.05.14	00:19:54.426	0.93829	0.94023			6
2025.05.14	00:20:00.227	0.93829				2
2025.05.14	00:20:01.727	0.93836	0.94038			6
2025.05.14	00:20:02.478		0.94072			4
2025.05.14	00:20:03.546	0.93846	0.94036			6
2025.05.14	00:20:04.855	0.93836	0.94018			6
2025.05.14	00:20:15.622		0.94009			4
2025.05.14	00:20:15.942		0.94037			4
2025.05.14	00:20:16.264		0.94014			4
2025.05.14	00:20:16.900	0.93851	0.94002			6
2025.05.14	00:20:17.238	0.93849	0.94003			6
2025.05.14	00:21:00.426	0.93849				2
2025.05.14	00:21:17.431		0.94003			4
2025.05.14	00:21:34.281	0.93860				2
2025.05.14	00:21:41.980	0.93864				2
2025.05.14	00:21:44.826	0.93865				2
2025.05.14	00:21:46.177	0.93866				2
2025.05.14	00:21:47.478	0.93867				2
2025.05.14	00:21:48.904	0.93871	0.93997			6
2025.05.14	00:21:54.622	0.93873				2
2025.05.14	00:21:58.619		0.94019			4
2025.05.14	00:21:59.237		0.93998			4
2025.05.14	00:22:00.179	0.93873				2
2025.05.14	00:22:00.798		0.94019			4
2025.05.14	00:22:01.409		0.93998			4
2025.05.14	00:22:01.717		0.94019			4
2025.05.14	00:22:04.817	0.93882				2
2025.05.14	00:22:05.437		0.93998			4
2025.05.14	00:22:06.662		0.94019			4
2025.05.14	00:22:09.767		0.93997			4
2025.05.14	00:22:36.363		0.94059			4
2025.05.14	00:22:36.678		0.94060			4
2025.05.14	00:22:36.982		0.94062			4
2025.05.14	00:22:37.597		0.94057			4
2025.05.14	00:22:37.918		0.94062			4
2025.05.14	00:22:46.222		0.94060			4
2025.05.14	00:22:46.858		0.94062			4
2025.05.14	00:22:52.611		0.94060			4
2025.05.14	00:22:52.917		0.94062			4
2025.05.14	00:22:55.063		0.94058			4
2025.05.14	00:22:55.377		0.94062			4
2025.05.14	00:22:55.997		0.94027			4
2025.05.14	00:22:57.537		0.94033			4
2025.05.14	00:22:58.157		0.94039			4
2025.05.14	00:22:59.698	0.93886				2
2025.05.14	00:23:00.307	0.93886				2
2025.05.14	00:23:05.837	0.93873				2
2025.05.14	00:23:08.379		0.94062			4
2025.05.14	00:23:09.917		0.94034			4
2025.05.14	00:23:10.840		0.94037			4
2025.05.14	00:23:16.738		0.94014			4
2025.05.14	00:23:17.040	0.93885	0.94036			6
2025.05.14	00:23:38.688		0.94008			4
2025.05.14	00:23:48.324	0.93890				2
2025.05.14	00:23:55.208	0.93891				2
2025.05.14	00:23:59.627	0.93892				2
2025.05.14	00:24:01.125	0.93892				2
2025.05.14	00:24:07.626	0.93893				2
2025.05.14	00:24:14.833	0.93894				2
2025.05.14	00:24:23.924	0.93895				2
2025.05.14	00:24:30.644	0.93887				2
2025.05.14	00:24:34.724	0.93886				2
2025.05.14	00:24:39.131		0.94008			4
2025.05.14	00:25:00.317	0.93886				2
2025.05.14	00:25:06.937	0.93876				2
2025.05.14	00:25:11.027	0.93877				2
2025.05.14	00:25:17.325	0.93878				2
2025.05.14	00:25:23.326	0.93879				2
2025.05.14	00:25:27.945	0.93887				2
2025.05.14	00:25:33.478		0.94000			4
2025.05.14	00:25:37.663	0.93893				2
2025.05.14	00:26:00.453	0.93893				2
2025.05.14	00:26:29.523		0.93998			4
2025.05.14	00:27:00.230	0.93893				2
2025.05.14	00:27:00.534	0.93894				2
2025.05.14	00:27:13.330		0.94000			4
2025.05.14	00:27:54.498	0.93900	0.93998			6
2025.05.14	00:28:00.358	0.93900				2
2025.05.14	00:28:01.757	0.93898				2
2025.05.14	00:28:15.526	0.93899				2
2025.05.14	00:28:21.230	0.93900				2
2025.05.14	00:28:27.042	0.93901				2
2025.05.14	00:28:35.625	0.93902				2
2025.05.14	00:28:48.226	0.93903				2
2025.05.14	00:28:49.958	0.93904				2
2025.05.14	00:28:55.425		0.93998			4
2025.05.14	00:28:59.059	0.93903				2
2025.05.14	00:29:00.528	0.93904				2
2025.05.14	00:29:13.130	0.93905				2
2025.05.14	00:29:24.838	0.93906				2
2025.05.14	00:29:25.711	0.93897	0.93996			6
2025.05.14	00:29:31.131	0.93898				2
2025.05.14	00:29:31.526	0.93908	0.93995			6
2025.05.14	00:29:34.930	0.93888	0.93998			6
2025.05.14	00:29:35.231	0.93873				2
2025.05.14	00:29:37.925	0.93874				2
2025.05.14	00:29:39.540	0.93881	0.93986			6
2025.05.14	00:29:42.323	0.93885	0.93989			6
2025.05.14	00:29:47.284	0.93891	0.93993			6
2025.05.14	00:29:47.628	0.93892				2
2025.05.14	00:29:52.427	0.93893				2
2025.05.14	00:29:54.267	0.93894				2
2025.05.14	00:29:58.126	0.93895				2
2025.05.14	00:30:00.413	0.93895				2
2025.05.14	00:30:03.696	0.93866	0.93996			6
2025.05.14	00:30:06.008	0.93862				2
2025.05.14	00:30:09.229	0.93863				2
2025.05.14	00:30:13.127	0.93865				2
2025.05.14	00:30:14.058	0.93864				2
2025.05.14	00:30:15.280	0.93865				2
2025.05.14	00:30:15.583	0.93867				2
2025.05.14	00:30:16.188	0.93870	0.93985			6
2025.05.14	00:30:20.620	0.93871				2
2025.05.14	00:30:25.425	0.93872				2
2025.05.14	00:30:30.777	0.93873				2
2025.05.14	00:30:40.126	0.93874				2
2025.05.14	00:30:45.164	0.93866	0.93965			6
2025.05.14	00:30:46.770	0.93852				2
2025.05.14	00:30:54.161	0.93844				2
2025.05.14	00:30:57.422	0.93843				2
2025.05.14	00:31:00.432	0.93843				2
2025.05.14	00:31:07.661	0.93846				2
2025.05.14	00:31:08.328	0.93845				2
2025.05.14	00:31:29.703	0.93844	0.93951			6
2025.05.14	00:31:43.683		0.93960			4
2025.05.14	00:31:46.427	0.93840				2
2025.05.14	00:32:00.528	0.93840				2
2025.05.14	00:32:05.326		0.93962			4
2025.05.14	00:32:41.672	0.93839				2
2025.05.14	00:32:50.925		0.93957			4
2025.05.14	00:33:00.359	0.93839				2
2025.05.14	00:33:11.147		0.93961			4
2025.05.14	00:33:38.244	0.93832	0.93950			6
2025.05.14	00:33:38.678		0.93952			4
2025.05.14	00:33:44.089		0.93954			4
2025.05.14	00:33:48.547	0.93831	0.93957			6
2025.05.14	00:33:48.848		0.93965			4
2025.05.14	00:33:51.323		0.93968			4
2025.05.14	00:34:01.023	0.93831				2
2025.05.14	00:34:07.810	0.93829	0.93967			6
2025.05.14	00:34:38.766	0.93832	0.93966			6
2025.05.14	00:35:00.651	0.93832				2
2025.05.14	00:35:08.823		0.93967			4
2025.05.14	00:35:17.951		0.93965			4
2025.05.14	00:35:18.352	0.93829	0.93961			6
2025.05.14	00:35:26.627		0.93962			4
2025.05.14	00:35:26.965		0.93948			4
2025.05.14	00:35:27.402		0.93975			4
2025.05.14	00:35:27.924		0.93952			4
2025.05.14	00:35:33.345		0.93961			4
2025.05.14	00:35:33.665		0.93957			4
2025.05.14	00:35:34.626	0.93832	0.93967			6
2025.05.14	00:35:36.611		0.93965			4
2025.05.14	00:35:54.470	0.93829	0.93963			6
2025.05.14	00:35:55.470	0.93834	0.93962			6
2025.05.14	00:36:00.525	0.93834				2
2025.05.14	00:36:03.062		0.93961			4
2025.05.14	00:36:04.668		0.93965			4
2025.05.14	00:36:05.168	0.93846	0.93995			6
2025.05.14	00:36:09.488	0.93834				2
2025.05.14	00:36:11.028		0.93991			4
2025.05.14	00:36:22.616		0.93974			4
2025.05.14	00:36:35.480		0.93970			4
2025.05.14	00:36:37.420		0.93968			4
2025.05.14	00:36:44.327	0.93829	0.93954			6
2025.05.14	00:37:00.931	0.93829				2
2025.05.14	00:37:24.177		0.93959			4
2025.05.14	00:37:39.466	0.93830				2
2025.05.14	00:37:44.325		0.93958			4
2025.05.14	00:38:00.471	0.93830				2
2025.05.14	00:38:34.468	0.93833				2
2025.05.14	00:38:35.543		0.93954			4
2025.05.14	00:38:50.540		0.93958			4
2025.05.14	00:39:01.630	0.93833				2
2025.05.14	00:39:50.759		0.93958			4
2025.05.14	00:40:01.727	0.93833				2
2025.05.14	00:40:17.594		0.93956			4
2025.05.14	00:40:22.396		0.93952			4
2025.05.14	00:40:23.644		0.93956			4
2025.05.14	00:40:25.439		0.93959			4
2025.05.14	00:40:40.425		0.93960			4
2025.05.14	00:40:55.482		0.93958			4
2025.05.14	00:41:01.644	0.93833				2
2025.05.14	00:41:15.712		0.93960			4
2025.05.14	00:41:17.748		0.93969			4
2025.05.14	00:41:18.249		0.93968			4
2025.05.14	00:41:18.748		0.93965			4
2025.05.14	00:41:19.470	0.93831				2
2025.05.14	00:41:23.023	0.93820				2
2025.05.14	00:41:26.355		0.93968			4
2025.05.14	00:41:26.659		0.93967			4
2025.05.14	00:41:28.806	0.93831				2
2025.05.14	00:41:41.630		0.93965			4
2025.05.14	00:41:56.727		0.93966			4
2025.05.14	00:41:58.827		0.93959			4
2025.05.14	00:41:59.145		0.93965			4
2025.05.14	00:42:00.225	0.93831				2
2025.05.14	00:42:14.107		0.93964			4
2025.05.14	00:42:23.807	0.93837	0.93969			6
2025.05.14	00:42:24.228		0.93974			4
2025.05.14	00:42:39.279		0.93968			4
2025.05.14	00:43:00.525	0.93837				2
2025.05.14	00:43:06.379		0.93965			4
2025.05.14	00:43:18.820	0.93839				2
2025.05.14	00:43:25.225		0.93964			4
2025.05.14	00:43:25.980		0.93958			4
2025.05.14	00:43:26.476		0.93964			4
2025.05.14	00:43:31.543		0.93965			4
2025.05.14	00:43:46.082	0.93790	0.93918			6
2025.05.14	00:43:46.428		0.93896			4
2025.05.14	00:43:48.806	0.93829				2
2025.05.14	00:43:56.890		0.93899			4
2025.05.14	00:44:00.526	0.93829				2
2025.05.14	00:44:23.879		0.93925			4
2025.05.14	00:44:33.779		0.93956			4
2025.05.14	00:45:00.829	0.93829				2
2025.05.14	00:45:02.025	0.93821	0.93964			6
2025.05.14	00:45:04.800	0.93829	0.93956			6
2025.05.14	00:45:08.666	0.93847	0.93938			6
2025.05.14	00:45:55.217		0.93942			4
2025.05.14	00:46:00.756	0.93847				2
2025.05.14	00:46:03.785		0.93932			4
2025.05.14	00:46:18.779		0.93935			4
2025.05.14	00:46:26.207		0.93938			4
2025.05.14	00:46:41.207		0.93936			4
2025.05.14	00:47:00.227	0.93847				2
2025.05.14	00:47:02.300	0.93848	0.93949			6
2025.05.14	00:47:04.749	0.93829	0.93936			6
2025.05.14	00:47:10.357	0.93832				2
2025.05.14	00:47:16.347		0.93939			4
2025.05.14	00:47:26.046		0.93933			4
2025.05.14	00:47:32.521	0.93833				2
2025.05.14	00:47:53.014	0.93848				2
2025.05.14	00:48:00.355	0.93848				2
2025.05.14	00:48:01.386		0.93940			4
2025.05.14	00:48:11.153		0.93936			4
2025.05.14	00:48:44.761	0.93842				2
2025.05.14	00:49:00.830	0.93842				2
2025.05.14	00:49:01.454		0.93940			4
2025.05.14	00:49:11.205		0.93937			4
2025.05.14	00:49:31.491		0.93941			4
2025.05.14	00:49:39.527	0.93851				2
2025.05.14	00:49:55.288		0.93956			4
2025.05.14	00:49:56.211		0.93938			4
2025.05.14	00:50:00.228	0.93851				2
2025.05.14	00:50:04.125		0.93951			4
2025.05.14	00:50:04.771	0.93838	0.93953			6
2025.05.14	00:50:10.735		0.93954			4
2025.05.14	00:50:12.313	0.93854	0.93960			6
2025.05.14	00:50:22.409	0.93841	0.93950			6
2025.05.14	00:50:27.948		0.93940			4
2025.05.14	00:50:40.768		0.93952			4
2025.05.14	00:50:55.778		0.93945			4
2025.05.14	00:51:00.230	0.93841				2
2025.05.14	00:51:10.767		0.93940			4
2025.05.14	00:51:17.329	0.93846				2
2025.05.14	00:51:30.527		0.93951			4
2025.05.14	00:52:02.457	0.93846				2
2025.05.14	00:52:12.411	0.93848				2
2025.05.14	00:52:25.766		0.93942			4
2025.05.14	00:53:00.758	0.93848	0.93951			6
2025.05.14	00:53:07.412	0.93847				2
2025.05.14	00:53:10.765		0.93937			4
2025.05.14	00:53:25.768		0.93942			4
2025.05.14	00:54:00.217	0.93847				2
2025.05.14	00:54:01.001		0.93950			4
2025.05.14	00:54:34.836		0.93946			4
2025.05.14	00:55:00.397	0.93847				2
2025.05.14	00:55:04.511		0.93943			4
2025.05.14	00:55:31.080		0.93965			4
2025.05.14	00:55:39.438		0.93983			4
2025.05.14	00:55:52.426	0.93840	0.93976			6
2025.05.14	00:56:00.830	0.93840				2
2025.05.14	00:56:11.794	0.93844	0.93990			6
2025.05.14	00:56:13.737	0.93845				2
2025.05.14	00:56:16.731	0.93846				2
2025.05.14	00:56:25.425	0.93847				2
2025.05.14	00:56:36.525	0.93848				2
2025.05.14	00:56:56.761	0.93849				2
2025.05.14	00:57:00.304	0.93849				2
2025.05.14	00:57:00.658	0.93850				2
2025.05.14	00:57:06.798		0.93995			4
2025.05.14	00:57:09.656		0.93997			4
2025.05.14	00:57:12.226	0.93851				2
2025.05.14	00:57:35.813		0.93996			4
2025.05.14	00:57:36.826	0.93852				2
2025.05.14	00:57:40.956	0.93851				2
2025.05.14	00:57:41.729	0.93852				2
2025.05.14	00:57:42.082		0.93997			4
2025.05.14	00:57:46.868	0.93851				2
2025.05.14	00:58:01.795	0.93851				2
2025.05.14	00:58:10.656	0.93852				2
2025.05.14	00:58:11.631		0.93996			4
2025.05.14	00:58:13.682		0.93997			4
2025.05.14	00:58:18.136	0.93851				2
2025.05.14	00:58:20.029	0.93852				2
2025.05.14	00:58:21.326	0.93851				2
2025.05.14	00:58:22.727	0.93852				2
2025.05.14	00:58:36.036		0.93996			4
2025.05.14	00:58:39.425		0.93997			4
2025.05.14	00:58:56.798		0.93986			4
2025.05.14	00:59:00.200	0.93852				2
2025.05.14	00:59:10.696		0.93997			4
2025.05.14	00:59:12.168		0.93989			4
2025.05.14	00:59:13.342		0.93997			4
2025.05.14	00:59:15.210		0.93989			4
2025.05.14	00:59:15.543	0.93851	0.93997			6
2025.05.14	00:59:15.908	0.93852				2
2025.05.14	00:59:18.889	0.93850	0.93992			6
2025.05.14	00:59:31.477		0.93999			4
2025.05.14	00:59:31.782		0.93991			4
2025.05.14	00:59:33.622		0.93980			4
2025.05.14	00:59:33.937		0.93997			4
2025.05.14	00:59:34.246		0.93988			4
2025.05.14	00:59:34.860		0.93998			4
2025.05.14	00:59:35.178		0.93987			4
2025.05.14	00:59:40.718		0.93980			4
2025.05.14	00:59:41.020		0.93975			4
2025.05.14	00:59:41.338		0.93977			4
2025.05.14	00:59:43.499		0.93974			4
2025.05.14	00:59:43.813		0.93981			4
2025.05.14	00:59:44.120		0.93988			4
2025.05.14	00:59:44.487		0.93991			4
2025.05.14	00:59:44.787		0.93984			4
2025.05.14	00:59:45.172		0.93992			4
2025.05.14	00:59:45.676		0.93997			4
2025.05.14	00:59:47.203		0.93988			4
2025.05.14	00:59:47.817		0.93992			4
2025.05.14	00:59:49.826		0.93996			4
2025.05.14	00:59:50.191		0.93998			4
2025.05.14	00:59:50.501		0.93993			4
2025.05.14	00:59:51.797	0.93843				2
2025.05.14	00:59:53.406		0.93997			4
2025.05.14	01:00:00.310	0.93843	0.93968			6
2025.05.14	01:00:00.619		0.93957			4
2025.05.14	01:00:00.960		0.93938			4
2025.05.14	01:00:01.436	0.93831	0.93943			6
2025.05.14	01:00:01.740	0.93832	0.93936			6
2025.05.14	01:00:02.467	0.93833	0.93950			6
2025.05.14	01:00:02.812		0.93949			4
2025.05.14	01:00:03.421	0.93834	0.93951			6
2025.05.14	01:00:03.720		0.93950			4
2025.05.14	01:00:04.982	0.93831	0.93949			6
2025.05.14	01:00:07.485	0.93852	0.93936			6
2025.05.14	01:00:07.817		0.93946			4
2025.05.14	01:00:10.290	0.93854				2
2025.05.14	01:00:10.603	0.93856				2
2025.05.14	01:00:11.416	0.93861				2
2025.05.14	01:00:11.725	0.93857				2
2025.05.14	01:00:12.353		0.93944			4
2025.05.14	01:00:12.964	0.93859				2
2025.05.14	01:00:13.524	0.93863	0.93926			6
2025.05.14	01:00:14.961	0.93866	0.93928			6
2025.05.14	01:00:15.477	0.93868	0.93930			6
2025.05.14	01:00:18.828	0.93869	0.93931			6
2025.05.14	01:00:21.399	0.93870	0.93932			6
2025.05.14	01:00:22.138	0.93873	0.93929			6
2025.05.14	01:00:22.503	0.93872	0.93928			6
2025.05.14	01:00:23.330	0.93865	0.93946			6
2025.05.14	01:00:25.652	0.93871	0.93919			6
2025.05.14	01:00:25.977	0.93869	0.93917			6
2025.05.14	01:00:26.449	0.93872	0.93946			6
2025.05.14	01:00:26.886	0.93869				2
2025.05.14	01:00:30.228		0.93931			4
2025.05.14	01:00:30.824		0.93932			4
2025.05.14	01:00:32.039		0.93916			4
2025.05.14	01:00:32.427	0.93872	0.93918			6
2025.05.14	01:00:32.899	0.93880	0.93920			6
2025.05.14	01:00:33.209	0.93878				2
2025.05.14	01:00:33.538	0.93876				2
2025.05.14	01:00:34.373	0.93874				2
2025.05.14	01:00:35.028	0.93876				2
2025.05.14	01:00:35.628		0.93918			4
2025.05.14	01:00:36.036	0.93878				2
2025.05.14	01:00:36.341	0.93880				2
2025.05.14	01:00:36.927		0.93920			4
2025.05.14	01:00:37.427	0.93879				2
2025.05.14	01:00:39.065	0.93880	0.93921			6
2025.05.14	01:00:40.353		0.93920			4
2025.05.14	01:00:41.028		0.93922			4
2025.05.14	01:00:46.026		0.93920			4
2025.05.14	01:00:47.955		0.93946			4
2025.05.14	01:00:52.127	0.93881				2
2025.05.14	01:00:53.425	0.93882				2
2025.05.14	01:00:56.243		0.93949			4
2025.05.14	01:00:57.228	0.93887				2
2025.05.14	01:00:59.377	0.93889				2
2025.05.14	01:01:00.308	0.93881	0.93946			6
2025.05.14	01:01:00.646	0.93872				2
2025.05.14	01:01:00.962		0.93951			4
2025.05.14	01:01:02.094	0.93869	0.93936			6
2025.05.14	01:01:04.046	0.93867				2
2025.05.14	01:01:04.686	0.93872				2
2025.05.14	01:01:07.349	0.93883	0.93946			6
2025.05.14	01:01:07.669	0.93884	0.93947			6
2025.05.14	01:01:08.364	0.93875	0.93949			6
2025.05.14	01:01:09.238	0.93872	0.93929			6
2025.05.14	01:01:13.344		0.93938			4
2025.05.14	01:01:14.928		0.93931			4
2025.05.14	01:01:15.827		0.93926			4
2025.05.14	01:01:17.326		0.93938			4
2025.05.14	01:01:18.352		0.93930			4
2025.05.14	01:01:20.362	0.93873	0.93928			6
2025.05.14	01:01:20.746	0.93871	0.93946			6
2025.05.14	01:01:25.428		0.93917			4
2025.05.14	01:01:25.740		0.93916			4
2025.05.14	01:01:27.042	0.93872	0.93930			6
2025.05.14	01:01:27.361	0.93875	0.93932			6
2025.05.14	01:01:28.360	0.93872	0.93935			6
2025.05.14	01:01:30.354		0.93934			4
2025.05.14	01:01:32.366	0.93875	0.93931			6
2025.05.14	01:01:32.801	0.93871	0.93930			6
2025.05.14	01:01:33.456	0.93877	0.93929			6
2025.05.14	01:01:33.828		0.93932			4
2025.05.14	01:01:37.734		0.93931			4
2025.05.14	01:01:38.175		0.93929			4
2025.05.14	01:01:40.437		0.93930			4
2025.05.14	01:01:42.758		0.93933			4
2025.05.14	01:01:45.526		0.93932			4
2025.05.14	01:01:47.188		0.93931			4
2025.05.14	01:01:50.425		0.93930			4
2025.05.14	01:01:54.640		0.93932			4
2025.05.14	01:01:57.040		0.93933			4
2025.05.14	01:01:59.727		0.93927			4
2025.05.14	01:02:00.228	0.93877				2
2025.05.14	01:02:01.628		0.93932			4
2025.05.14	01:02:02.892		0.93933			4
2025.05.14	01:02:03.466		0.93930			4
2025.05.14	01:02:06.284		0.93932			4
2025.05.14	01:02:07.347		0.93929			4
2025.05.14	01:02:08.026		0.93928			4
2025.05.14	01:02:08.501		0.93924			4
2025.05.14	01:02:09.496		0.93923			4
2025.05.14	01:02:11.926		0.93922			4
2025.05.14	01:02:14.424		0.93923			4
2025.05.14	01:02:19.132		0.93922			4
2025.05.14	01:02:20.328		0.93929			4
2025.05.14	01:02:20.651		0.93932			4
2025.05.14	01:02:21.230		0.93931			4
2025.05.14	01:02:26.329		0.93930			4
2025.05.14	01:02:28.139		0.93931			4
2025.05.14	01:02:29.628		0.93930			4
2025.05.14	01:02:30.838		0.93931			4
2025.05.14	01:02:32.348		0.93930			4
2025.05.14	01:02:37.433		0.93929			4
2025.05.14	01:02:44.626		0.93928			4
2025.05.14	01:02:49.430		0.93927			4
2025.05.14	01:02:51.751	0.93884				2
2025.05.14	01:02:52.427		0.93926			4
2025.05.14	01:02:53.029		0.93927			4
2025.05.14	01:02:58.068		0.93930			4
2025.05.14	01:03:00.995	0.93884				2
2025.05.14	01:03:05.120		0.93929			4
2025.05.14	01:03:06.228		0.93928			4
2025.05.14	01:03:06.953		0.93931			4
2025.05.14	01:03:08.326		0.93930			4
2025.05.14	01:03:10.461		0.93921			4
2025.05.14	01:03:11.284	0.93878				2
2025.05.14	01:03:11.611	0.93884	0.93927			6
2025.05.14	01:03:11.922		0.93931			4
2025.05.14	01:03:12.350		0.93928			4
2025.05.14	01:03:12.668		0.93927			4
2025.05.14	01:03:15.907		0.93924			4
2025.05.14	01:03:16.709		0.93926			4
2025.05.14	01:03:23.265		0.93924			4
2025.05.14	01:03:25.126		0.93927			4
2025.05.14	01:03:30.465	0.93886				2
2025.05.14	01:03:30.883		0.93919			4
2025.05.14	01:03:31.191	0.93879				2
2025.05.14	01:03:32.325		0.93920			4
2025.05.14	01:03:33.508		0.93918			4
2025.05.14	01:03:36.980		0.93912			4
2025.05.14	01:03:40.428		0.93910			4
2025.05.14	01:03:41.103	0.93878				2
2025.05.14	01:04:00.229	0.93878				2
2025.05.14	01:04:02.767		0.93906			4
2025.05.14	01:04:13.127	0.93884				2
2025.05.14	01:04:13.727	0.93879				2
2025.05.14	01:04:31.729		0.93904			4
2025.05.14	01:04:35.492		0.93903			4
2025.05.14	01:04:35.820		0.93904			4
2025.05.14	01:04:38.354	0.93874	0.93897			6
2025.05.14	01:04:39.266	0.93865	0.93893			6
2025.05.14	01:04:40.758		0.93894			4
2025.05.14	01:04:41.757		0.93891			4
2025.05.14	01:04:42.136		0.93892			4
2025.05.14	01:04:44.027		0.93889			4
2025.05.14	01:04:44.374		0.93888			4
2025.05.14	01:04:45.957		0.93890			4
2025.05.14	01:04:46.907		0.93889			4
2025.05.14	01:04:49.157		0.93890			4
2025.05.14	01:04:50.731		0.93889			4
2025.05.14	01:04:51.308	0.93860				2
2025.05.14	01:04:53.154		0.93890			4
2025.05.14	01:05:00.228	0.93860				2
2025.05.14	01:05:05.328	0.93865				2
2025.05.14	01:05:05.640	0.93868	0.93898			6
2025.05.14	01:05:05.974	0.93865				2
2025.05.14	01:05:06.950	0.93868	0.93894			6
2025.05.14	01:05:08.157		0.93893			4
2025.05.14	01:05:08.461		0.93894			4
2025.05.14	01:05:14.979		0.93893			4
2025.05.14	01:05:20.331		0.93892			4
2025.05.14	01:05:21.357	0.93862	0.93884			6
2025.05.14	01:05:22.286		0.93883			4
2025.05.14	01:05:22.737		0.93890			4
2025.05.14	01:05:25.071		0.93888			4
2025.05.14	01:05:25.820		0.93886			4
2025.05.14	01:05:27.759		0.93885			4
2025.05.14	01:05:28.808		0.93886			4
2025.05.14	01:05:29.711		0.93887			4
2025.05.14	01:05:31.258		0.93886			4
2025.05.14	01:05:34.767		0.93889			4
2025.05.14	01:05:42.939	0.93875	0.93895			6
2025.05.14	01:05:43.484	0.93869	0.93894			6
2025.05.14	01:05:55.210		0.93891			4
2025.05.14	01:05:56.925	0.93873	0.93894			6
2025.05.14	01:05:58.631	0.93864				2
2025.05.14	01:05:59.736		0.93892			4
2025.05.14	01:06:00.112	0.93864				2
2025.05.14	01:06:01.899		0.93887			4
2025.05.14	01:06:25.138		0.93885			4
2025.05.14	01:06:26.750		0.93887			4
2025.05.14	01:06:27.463		0.93886			4
2025.05.14	01:06:32.359	0.93860	0.93883			6
2025.05.14	01:06:37.611		0.93884			4
2025.05.14	01:06:42.524	0.93859				2
2025.05.14	01:07:00.309	0.93859				2
2025.05.14	01:07:05.040		0.93885			4
2025.05.14	01:07:10.428		0.93881			4
2025.05.14	01:07:14.125		0.93882			4
2025.05.14	01:07:14.617		0.93883			4
2025.05.14	01:07:25.346	0.93855	0.93877			6
2025.05.14	01:07:25.653		0.93876			4
2025.05.14	01:07:28.036		0.93877			4
2025.05.14	01:07:29.409		0.93875			4
2025.05.14	01:07:29.936	0.93850				2
2025.05.14	01:07:30.917	0.93854	0.93878			6
2025.05.14	01:07:32.272		0.93873			4
2025.05.14	01:07:32.597		0.93875			4
2025.05.14	01:07:36.689	0.93853	0.93874			6
2025.05.14	01:07:41.754		0.93875			4
2025.05.14	01:07:43.510		0.93876			4
2025.05.14	01:07:48.325		0.93877			4
2025.05.14	01:07:48.696		0.93880			4
2025.05.14	01:07:50.549		0.93879			4
2025.05.14	01:08:00.388	0.93853				2
2025.05.14	01:08:06.289		0.93878			4
2025.05.14	01:08:13.125		0.93880			4
2025.05.14	01:08:13.440	0.93857	0.93881			6
2025.05.14	01:08:18.011	0.93858	0.93884			6
2025.05.14	01:08:19.079		0.93883			4
2025.05.14	01:08:22.730		0.93884			4
2025.05.14	01:08:23.038	0.93859	0.93885			6
2025.05.14	01:08:28.563		0.93881			4
2025.05.14	01:08:29.443	0.93858				2
2025.05.14	01:08:47.018		0.93880			4
2025.05.14	01:08:55.003	0.93859				2
2025.05.14	01:09:00.229	0.93859				2
2025.05.14	01:09:14.375	0.93855	0.93875			6
2025.05.14	01:09:21.226	0.93856	0.93876			6
2025.05.14	01:09:26.315		0.93880			4
2025.05.14	01:09:27.826	0.93857				2
2025.05.14	01:09:41.326	0.93858				2
2025.05.14	01:09:57.399	0.93859				2
2025.05.14	01:09:58.566	0.93858				2
2025.05.14	01:10:00.227	0.93859				2
2025.05.14	01:10:02.426		0.93879			4
2025.05.14	01:10:04.125	0.93858				2
2025.05.14	01:10:04.632		0.93878			4
2025.05.14	01:10:05.324	0.93859				2
2025.05.14	01:10:06.525	0.93858				2
2025.05.14	01:10:24.226	0.93859				2
2025.05.14	01:11:00.459	0.93859				2
2025.05.14	01:11:02.942		0.93879			4
2025.05.14	01:11:05.808	0.93855	0.93873			6
2025.05.14	01:11:10.762		0.93872			4
2025.05.14	01:11:12.580		0.93870			4
2025.05.14	01:11:13.001		0.93871			4
2025.05.14	01:11:17.651		0.93870			4
2025.05.14	01:11:18.503		0.93871			4
2025.05.14	01:11:34.944		0.93875			4
2025.05.14	01:11:37.781	0.93854	0.93874			6
2025.05.14	01:11:38.832	0.93857	0.93880			6
2025.05.14	01:11:43.593		0.93879			4
2025.05.14	01:12:00.355	0.93857				2
2025.05.14	01:12:01.934		0.93876			4
2025.05.14	01:12:02.348	0.93856				2
2025.05.14	01:12:03.350		0.93873			4
2025.05.14	01:12:10.476		0.93875			4
2025.05.14	01:12:18.458	0.93857				2
2025.05.14	01:12:33.524	0.93854				2
2025.05.14	01:12:40.759	0.93856	0.93876			6
2025.05.14	01:12:46.831	0.93857	0.93879			6
2025.05.14	01:12:49.129		0.93877			4
2025.05.14	01:12:49.453	0.93856	0.93876			6
2025.05.14	01:12:50.655	0.93855	0.93878			6
2025.05.14	01:12:53.942		0.93879			4
2025.05.14	01:12:55.003		0.93878			4
2025.05.14	01:12:56.925		0.93875			4
2025.05.14	01:12:58.351		0.93878			4
2025.05.14	01:13:00.322	0.93856				2
2025.05.14	01:13:07.140	0.93857	0.93881			6
2025.05.14	01:13:07.447		0.93879			4
2025.05.14	01:13:08.154		0.93878			4
2025.05.14	01:13:10.652		0.93877			4
2025.05.14	01:13:13.428	0.93856				2
2025.05.14	01:13:13.739	0.93855	0.93873			6
2025.05.14	01:13:14.057		0.93875			4
2025.05.14	01:13:17.325	0.93856	0.93878			6
2025.05.14	01:13:17.972	0.93857	0.93877			6
2025.05.14	01:13:21.926		0.93876			4
2025.05.14	01:13:22.243	0.93859	0.93880			6
2025.05.14	01:13:22.757		0.93881			4
2025.05.14	01:13:23.937		0.93879			4
2025.05.14	01:13:29.589		0.93876			4
2025.05.14	01:13:35.369		0.93875			4
2025.05.14	01:13:36.630	0.93856	0.93872			6
2025.05.14	01:13:37.728		0.93873			4
2025.05.14	01:13:51.313	0.93857	0.93877			6
2025.05.14	01:13:51.806	0.93856	0.93873			6
2025.05.14	01:13:53.946	0.93857	0.93874			6
2025.05.14	01:13:56.119		0.93873			4
2025.05.14	01:14:00.389	0.93857				2
2025.05.14	01:14:27.227		0.93874			4
2025.05.14	01:14:27.534		0.93876			4
2025.05.14	01:14:29.326	0.93858				2
2025.05.14	01:14:30.980		0.93877			4
2025.05.14	01:14:31.302	0.93857				2
2025.05.14	01:14:32.060		0.93878			4
2025.05.14	01:14:39.199		0.93876			4
2025.05.14	01:14:41.394		0.93873			4
2025.05.14	01:14:45.387		0.93875			4
2025.05.14	01:14:57.508		0.93873			4
2025.05.14	01:14:59.755		0.93876			4
2025.05.14	01:15:00.228	0.93857				2
2025.05.14	01:15:19.953	0.93856				2
2025.05.14	01:15:24.938		0.93877			4
2025.05.14	01:15:38.625	0.93857				2
2025.05.14	01:15:39.403	0.93856	0.93875			6
2025.05.14	01:15:39.721		0.93877			4
2025.05.14	01:15:40.831	0.93857				2
2025.05.14	01:15:46.087		0.93876			4
2025.05.14	01:15:47.626	0.93856				2
2025.05.14	01:15:51.192		0.93874			4
2025.05.14	01:16:00.187	0.93856				2
2025.05.14	01:16:03.841		0.93872			4
2025.05.14	01:16:06.283	0.93857	0.93874			6
2025.05.14	01:16:09.434		0.93875			4
2025.05.14	01:16:10.264	0.93856	0.93873			6
2025.05.14	01:16:29.628		0.93869			4
2025.05.14	01:16:32.604		0.93873			4
2025.05.14	01:16:41.810		0.93871			4
2025.05.14	01:16:44.348		0.93872			4
2025.05.14	01:16:50.278		0.93873			4
2025.05.14	01:16:52.117		0.93869			4
2025.05.14	01:16:52.579		0.93873			4
2025.05.14	01:17:00.594	0.93857	0.93874			6
2025.05.14	01:17:17.158		0.93873			4
2025.05.14	01:17:43.297	0.93858	0.93875			6
2025.05.14	01:17:43.696		0.93876			4
2025.05.14	01:17:44.327	0.93856	0.93873			6
2025.05.14	01:17:50.907	0.93857	0.93875			6
2025.05.14	01:17:51.383	0.93856				2
2025.05.14	01:17:51.905		0.93873			4
2025.05.14	01:17:52.221	0.93857	0.93871			6
2025.05.14	01:17:56.026	0.93856				2
2025.05.14	01:17:57.566		0.93870			4
2025.05.14	01:18:00.058	0.93856				2
2025.05.14	01:18:10.725		0.93871			4
2025.05.14	01:18:11.058		0.93870			4
2025.05.14	01:18:20.523		0.93867			4
2025.05.14	01:18:21.183	0.93853				2
2025.05.14	01:18:24.992		0.93866			4
2025.05.14	01:18:30.562	0.93855	0.93867			6
2025.05.14	01:18:35.635		0.93873			4
2025.05.14	01:18:52.236		0.93871			4
2025.05.14	01:18:58.114		0.93868			4
2025.05.14	01:19:00.717	0.93855	0.93869			6
2025.05.14	01:19:01.574		0.93871			4
2025.05.14	01:19:02.817	0.93857	0.93873			6
2025.05.14	01:19:05.449	0.93856				2
2025.05.14	01:19:06.230	0.93857				2
2025.05.14	01:19:08.028	0.93856				2
2025.05.14	01:19:08.371	0.93857				2
2025.05.14	01:19:09.010	0.93856				2
2025.05.14	01:19:10.426	0.93857				2
2025.05.14	01:19:20.394	0.93855	0.93870			6
2025.05.14	01:19:33.588		0.93871			4
2025.05.14	01:19:36.825	0.93857	0.93872			6
2025.05.14	01:19:47.267	0.93856				2
2025.05.14	01:19:47.697	0.93855	0.93870			6
2025.05.14	01:19:48.708	0.93854				2
2025.05.14	01:19:49.030	0.93855				2
2025.05.14	01:19:52.857	0.93853				2
2025.05.14	01:19:53.895	0.93854				2
2025.05.14	01:19:55.366		0.93869			4
2025.05.14	01:19:56.154	0.93855	0.93872			6
2025.05.14	01:19:57.530		0.93871			4
2025.05.14	01:20:00.226	0.93855				2
2025.05.14	01:20:00.888		0.93872			4
2025.05.14	01:20:09.776	0.93858				2
2025.05.14	01:20:13.127	0.93856				2
2025.05.14	01:20:14.349	0.93857				2
2025.05.14	01:20:16.155		0.93873			4
2025.05.14	01:20:19.493	0.93856	0.93872			6
2025.05.14	01:20:39.100	0.93858	0.93874			6
2025.05.14	01:21:00.727	0.93858				2
2025.05.14	01:21:04.727	0.93859				2
2025.05.14	01:21:07.598	0.93857	0.93877			6
2025.05.14	01:21:08.768	0.93858	0.93876			6
2025.05.14	01:21:09.224	0.93857				2
2025.05.14	01:21:09.775	0.93856				2
2025.05.14	01:21:10.940	0.93857				2
2025.05.14	01:21:13.771	0.93856	0.93877			6
2025.05.14	01:21:16.740	0.93857				2
2025.05.14	01:21:21.376	0.93858				2
2025.05.14	01:21:25.270	0.93859	0.93878			6
2025.05.14	01:21:27.727		0.93879			4
2025.05.14	01:21:28.039		0.93878			4
2025.05.14	01:21:31.561	0.93860				2
2025.05.14	01:21:33.227	0.93859				2
2025.05.14	01:21:34.429	0.93860				2
2025.05.14	01:21:37.371		0.93877			4
2025.05.14	01:21:38.539		0.93878			4
2025.05.14	01:21:39.507	0.93861				2
2025.05.14	01:21:41.352		0.93879			4
2025.05.14	01:21:44.025	0.93860				2
2025.05.14	01:21:45.622	0.93861	0.93880			6
2025.05.14	01:21:47.314		0.93879			4
2025.05.14	01:21:47.926		0.93880			4
2025.05.14	01:21:48.828		0.93879			4
2025.05.14	01:21:54.726	0.93860	0.93877			6
2025.05.14	01:21:55.636		0.93878			4
2025.05.14	01:21:56.165		0.93876			4
2025.05.14	01:21:56.924	0.93858	0.93874			6
2025.05.14	01:21:57.342	0.93857				2
2025.05.14	01:21:58.012		0.93873			4
2025.05.14	01:22:01.725	0.93857				2
2025.05.14	01:22:17.311	0.93858	0.93875			6
2025.05.14	01:22:17.622	0.93860	0.93878			6
2025.05.14	01:22:22.137	0.93861				2
2025.05.14	01:22:24.185		0.93877			4
2025.05.14	01:22:25.514	0.93860				2
2025.05.14	01:22:34.130	0.93861				2
2025.05.14	01:22:37.240		0.93878			4
2025.05.14	01:22:43.854	0.93860	0.93876			6
2025.05.14	01:22:48.827	0.93861				2
2025.05.14	01:22:54.975		0.93875			4
2025.05.14	01:22:56.958		0.93878			4
2025.05.14	01:22:58.124		0.93877			4
2025.05.14	01:23:00.373	0.93861				2
2025.05.14	01:23:02.805	0.93860				2
2025.05.14	01:23:08.351	0.93861				2
2025.05.14	01:23:23.912		0.93878			4
2025.05.14	01:23:28.010	0.93860	0.93879			6
2025.05.14	01:23:31.427		0.93878			4
2025.05.14	01:23:33.473		0.93879			4
2025.05.14	01:23:38.327		0.93878			4
2025.05.14	01:23:52.091	0.93859	0.93877			6
2025.05.14	01:23:54.825	0.93860	0.93878			6
2025.05.14	01:23:58.427		0.93877			4
2025.05.14	01:24:01.037	0.93860				2
2025.05.14	01:24:03.826		0.93876			4
2025.05.14	01:24:10.246		0.93877			4
2025.05.14	01:24:11.612	0.93859	0.93875			6
2025.05.14	01:24:13.714		0.93877			4
2025.05.14	01:24:21.226	0.93860	0.93875			6
2025.05.14	01:24:21.566	0.93858				2
2025.05.14	01:24:33.617	0.93861	0.93880			6
2025.05.14	01:24:33.984		0.93879			4
2025.05.14	01:24:34.301	0.93860				2
2025.05.14	01:24:36.857	0.93863	0.93883			6
2025.05.14	01:24:39.150	0.93864				2
2025.05.14	01:24:44.356	0.93867				2
2025.05.14	01:25:00.577	0.93866				2
2025.05.14	01:25:01.351	0.93867				2
2025.05.14	01:25:06.144		0.93884			4
2025.05.14	01:25:11.500		0.93883			4
2025.05.14	01:25:12.351	0.93866				2
2025.05.14	01:25:12.813	0.93867				2
2025.05.14	01:25:15.049	0.93866				2
2025.05.14	01:25:17.184	0.93867				2
2025.05.14	01:25:26.703	0.93866				2
2025.05.14	01:25:36.859		0.93882			4
2025.05.14	01:25:45.299		0.93883			4
2025.05.14	01:25:51.384	0.93867				2
2025.05.14	01:25:52.316	0.93866				2
2025.05.14	01:25:52.859	0.93867				2
2025.05.14	01:26:00.778	0.93867				2
2025.05.14	01:26:01.438	0.93866				2
2025.05.14	01:26:02.913	0.93858	0.93877			6
2025.05.14	01:26:03.218	0.93856	0.93876			6
2025.05.14	01:26:04.245	0.93857				2
2025.05.14	01:26:06.403		0.93873			4
2025.05.14	01:26:08.398		0.93875			4
2025.05.14	01:26:14.354	0.93858				2
2025.05.14	01:26:16.248		0.93874			4
2025.05.14	01:26:29.448		0.93875			4
2025.05.14	01:26:37.511	0.93859				2
2025.05.14	01:26:53.073	0.93860				2
2025.05.14	01:27:01.424	0.93860				2
2025.05.14	01:27:09.987		0.93878			4
2025.05.14	01:27:16.812	0.93857	0.93876			6
2025.05.14	01:27:17.122	0.93856	0.93875			6
2025.05.14	01:27:18.228		0.93876			4
2025.05.14	01:27:21.388		0.93875			4
2025.05.14	01:27:22.350	0.93857	0.93876			6
2025.05.14	01:27:22.652	0.93860	0.93879			6
2025.05.14	01:27:28.958	0.93861				2
2025.05.14	01:27:36.227		0.93878			4
2025.05.14	01:27:43.139		0.93877			4
2025.05.14	01:27:44.201	0.93860				2
2025.05.14	01:27:45.524		0.93876			4
2025.05.14	01:27:46.725		0.93877			4
2025.05.14	01:27:51.224	0.93861				2
2025.05.14	01:28:00.355	0.93861				2
2025.05.14	01:28:28.711	0.93860	0.93878			6
2025.05.14	01:28:29.822		0.93877			4
2025.05.14	01:28:30.931		0.93878			4
2025.05.14	01:28:47.033		0.93877			4
2025.05.14	01:28:47.925		0.93878			4
2025.05.14	01:28:49.021		0.93877			4
2025.05.14	01:28:55.429	0.93861	0.93878			6
2025.05.14	01:28:58.427		0.93877			4
2025.05.14	01:29:00.527	0.93861				2
2025.05.14	01:29:42.447	0.93858	0.93879			6
2025.05.14	01:29:43.478	0.93859				2
2025.05.14	01:29:52.126	0.93860				2
2025.05.14	01:30:00.306	0.93861				2
2025.05.14	01:30:00.758		0.93878			4
2025.05.14	01:30:01.917	0.93859	0.93876			6
2025.05.14	01:30:02.262	0.93862	0.93874			6
2025.05.14	01:30:03.496	0.93861	0.93873			6
2025.05.14	01:30:04.102	0.93862	0.93874			6
2025.05.14	01:30:04.709	0.93859	0.93875			6
2025.05.14	01:30:05.980	0.93864	0.93880			6
2025.05.14	01:30:08.742	0.93867	0.93883			6
2025.05.14	01:30:10.807	0.93868	0.93884			6
2025.05.14	01:30:15.713	0.93867	0.93883			6
2025.05.14	01:30:17.526		0.93882			4
2025.05.14	01:30:17.846	0.93868				2
2025.05.14	01:30:22.790	0.93867				2
2025.05.14	01:30:26.926	0.93868				2
2025.05.14	01:30:27.242	0.93867				2
2025.05.14	01:30:27.977	0.93868				2
2025.05.14	01:30:40.760		0.93883			4
2025.05.14	01:30:43.771		0.93882			4
2025.05.14	01:30:44.796	0.93869	0.93883			6
2025.05.14	01:30:45.112	0.93870				2
2025.05.14	01:30:45.425	0.93869				2
2025.05.14	01:30:50.524	0.93870				2
2025.05.14	01:31:01.589	0.93870				2
2025.05.14	01:31:27.177	0.93865	0.93880			6
2025.05.14	01:31:27.500		0.93883			4
2025.05.14	01:31:30.871	0.93867	0.93884			6
2025.05.14	01:31:31.176	0.93865	0.93881			6
2025.05.14	01:31:33.962		0.93882			4
2025.05.14	01:31:42.420	0.93864	0.93880			6
2025.05.14	01:31:43.544	0.93863				2
2025.05.14	01:31:44.513	0.93865	0.93882			6
2025.05.14	01:31:50.771	0.93866				2
2025.05.14	01:31:51.581	0.93865	0.93879			6
2025.05.14	01:31:51.886	0.93866	0.93882			6
2025.05.14	01:31:54.022	0.93865	0.93881			6
2025.05.14	01:31:56.026	0.93866				2
2025.05.14	01:31:57.576		0.93882			4
2025.05.14	01:31:59.028	0.93867				2
2025.05.14	01:31:59.924		0.93883			4
2025.05.14	01:32:00.265	0.93867				2
2025.05.14	01:32:00.976		0.93882			4
2025.05.14	01:32:10.501	0.93868				2
2025.05.14	01:32:11.026	0.93867				2
2025.05.14	01:32:11.394	0.93866				2
2025.05.14	01:32:11.700	0.93869				2
2025.05.14	01:32:13.128		0.93883			4
2025.05.14	01:32:14.273	0.93868				2
2025.05.14	01:32:15.826	0.93869				2
2025.05.14	01:32:21.174		0.93882			4
2025.05.14	01:32:26.628		0.93883			4
2025.05.14	01:32:28.426	0.93870	0.93884			6
2025.05.14	01:32:29.702	0.93873	0.93886			6
2025.05.14	01:32:31.865		0.93887			4
2025.05.14	01:32:42.826		0.93886			4
2025.05.14	01:32:45.828		0.93885			4
2025.05.14	01:33:00.230	0.93873				2
2025.05.14	01:33:05.260	0.93872				2
2025.05.14	01:33:22.937	0.93874	0.93886			6
2025.05.14	01:33:25.425		0.93887			4
2025.05.14	01:33:26.562		0.93888			4
2025.05.14	01:33:28.126		0.93887			4
2025.05.14	01:33:29.315	0.93875				2
2025.05.14	01:33:30.748		0.93888			4
2025.05.14	01:33:33.922		0.93887			4
2025.05.14	01:33:52.044	0.93874				2
2025.05.14	01:33:54.959	0.93872	0.93885			6
2025.05.14	01:33:59.875		0.93884			4
2025.05.14	01:34:01.127	0.93872				2
2025.05.14	01:34:03.826	0.93873	0.93885			6
2025.05.14	01:34:04.166	0.93872				2
2025.05.14	01:34:30.960	0.93873				2
2025.05.14	01:34:44.545	0.93874				2
2025.05.14	01:34:56.193	0.93872				2
2025.05.14	01:34:56.532		0.93884			4
2025.05.14	01:35:00.159	0.93872				2
2025.05.14	01:35:01.425	0.93875	0.93885			6
2025.05.14	01:35:01.732	0.93873				2
2025.05.14	01:35:09.062	0.93872				2
2025.05.14	01:35:09.591	0.93873				2
2025.05.14	01:35:15.225		0.93886			4
2025.05.14	01:35:18.868	0.93874	0.93887			6
2025.05.14	01:35:24.800	0.93875				2
2025.05.14	01:35:32.214	0.93874				2
2025.05.14	01:35:35.625	0.93876				2
2025.05.14	01:35:36.054	0.93875	0.93888			6
2025.05.14	01:35:37.426		0.93887			4
2025.05.14	01:35:38.701	0.93874				2
2025.05.14	01:35:50.448	0.93885	0.93896			6
2025.05.14	01:35:50.761	0.93881	0.93901			6
2025.05.14	01:35:51.068	0.93889	0.93906			6
2025.05.14	01:35:51.704		0.93905			4
2025.05.14	01:35:52.021		0.93899			4
2025.05.14	01:35:52.700		0.93900			4
2025.05.14	01:35:54.094		0.93899			4
2025.05.14	01:35:57.053	0.93888				2
2025.05.14	01:35:57.542	0.93889				2
2025.05.14	01:36:01.024	0.93889	0.93900			6
2025.05.14	01:36:01.849		0.93899			4
2025.05.14	01:36:02.152		0.93905			4
2025.05.14	01:36:03.795	0.93888				2
2025.05.14	01:36:04.416	0.93883	0.93900			6
2025.05.14	01:36:05.014	0.93884	0.93901			6
2025.05.14	01:36:12.021	0.93883	0.93900			6
2025.05.14	01:36:15.231	0.93884	0.93901			6
2025.05.14	01:36:21.223	0.93883	0.93898			6
2025.05.14	01:36:26.112	0.93882	0.93897			6
2025.05.14	01:36:26.872	0.93883	0.93898			6
2025.05.14	01:36:52.315	0.93882	0.93897			6
2025.05.14	01:36:54.553	0.93879	0.93892			6
2025.05.14	01:36:56.510		0.93893			4
2025.05.14	01:36:58.681	0.93873	0.93890			6
2025.05.14	01:36:59.873		0.93891			4
2025.05.14	01:37:00.359	0.93873				2
2025.05.14	01:37:08.696		0.93890			4
2025.05.14	01:37:17.013		0.93889			4
2025.05.14	01:37:18.136	0.93874				2
2025.05.14	01:37:27.554		0.93888			4
2025.05.14	01:37:44.241		0.93887			4
2025.05.14	01:37:57.111		0.93886			4
2025.05.14	01:38:01.631	0.93875				2
2025.05.14	01:38:05.202	0.93874	0.93885			6
2025.05.14	01:38:20.785	0.93873				2
2025.05.14	01:38:21.285	0.93874				2
2025.05.14	01:38:22.446		0.93884			4
2025.05.14	01:38:30.354		0.93885			4
2025.05.14	01:38:32.065	0.93873	0.93887			6
2025.05.14	01:38:34.425	0.93874				2
2025.05.14	01:38:41.700	0.93873				2
2025.05.14	01:38:42.225		0.93886			4
2025.05.14	01:38:43.780		0.93885			4
2025.05.14	01:38:47.074	0.93874	0.93886			6
2025.05.14	01:38:47.408	0.93875				2
2025.05.14	01:38:48.734	0.93874				2
2025.05.14	01:38:50.188		0.93885			4
2025.05.14	01:39:00.758	0.93874				2
2025.05.14	01:39:06.676	0.93873				2
2025.05.14	01:39:11.661	0.93874				2
2025.05.14	01:39:24.119		0.93884			4
2025.05.14	01:39:25.439		0.93885			4
2025.05.14	01:39:48.236	0.93871	0.93886			6
2025.05.14	01:39:54.540		0.93885			4
2025.05.14	01:39:55.603	0.93873				2
2025.05.14	01:40:00.363	0.93873				2
2025.05.14	01:40:04.873	0.93872				2
2025.05.14	01:40:27.149	0.93871				2
2025.05.14	01:40:28.214	0.93872				2
2025.05.14	01:40:29.155		0.93886			4
2025.05.14	01:40:32.931		0.93885			4
2025.05.14	01:40:34.522	0.93875	0.93886			6
2025.05.14	01:40:35.620	0.93874				2
2025.05.14	01:40:42.226		0.93885			4
2025.05.14	01:40:43.684		0.93886			4
2025.05.14	01:40:45.772		0.93885			4
2025.05.14	01:40:46.771		0.93886			4
2025.05.14	01:40:57.353	0.93875				2
2025.05.14	01:41:00.685	0.93881	0.93895			6
2025.05.14	01:41:02.124		0.93897			4
2025.05.14	01:41:02.664		0.93896			4
2025.05.14	01:41:03.194	0.93890	0.93901			6
2025.05.14	01:41:03.981		0.93902			4
2025.05.14	01:41:07.479	0.93889				2
2025.05.14	01:41:08.827	0.93888				2
2025.05.14	01:41:10.936	0.93895	0.93903			6
2025.05.14	01:41:11.240	0.93898				2
2025.05.14	01:41:12.289	0.93896				2
2025.05.14	01:41:16.537	0.93895				2
2025.05.14	01:41:19.822		0.93909			4
2025.05.14	01:41:21.713	0.93894				2
2025.05.14	01:41:30.668		0.93908			4
2025.05.14	01:41:31.232	0.93890	0.93904			6
2025.05.14	01:41:32.253	0.93891	0.93906			6
2025.05.14	01:41:34.126		0.93905			4
2025.05.14	01:41:38.054	0.93895	0.93907			6
2025.05.14	01:41:39.827		0.93908			4
2025.05.14	01:41:41.375	0.93894				2
2025.05.14	01:41:44.786		0.93907			4
2025.05.14	01:41:45.203	0.93892				2
2025.05.14	01:41:49.582		0.93906			4
2025.05.14	01:41:52.092	0.93893				2
2025.05.14	01:41:56.265	0.93892				2
2025.05.14	01:41:59.738	0.93894	0.93907			6
2025.05.14	01:42:01.427	0.93894	0.93906			6
2025.05.14	01:42:01.733	0.93892	0.93904			6
2025.05.14	01:42:04.747	0.93891				2
2025.05.14	01:42:13.943	0.93890				2
2025.05.14	01:42:15.508	0.93889	0.93902			6
2025.05.14	01:42:17.452	0.93894	0.93909			6
2025.05.14	01:42:17.762	0.93899	0.93912			6
2025.05.14	01:42:18.734	0.93895				2
2025.05.14	01:42:20.320		0.93911			4
2025.05.14	01:42:21.575	0.93894				2
2025.05.14	01:42:25.395	0.93897				2
2025.05.14	01:42:28.442	0.93898				2
2025.05.14	01:42:32.184		0.93910			4
2025.05.14	01:42:38.246	0.93897				2
2025.05.14	01:42:45.486	0.93896				2
2025.05.14	01:42:50.751	0.93894				2
2025.05.14	01:42:52.525	0.93895	0.93911			6
2025.05.14	01:42:55.599	0.93896				2
2025.05.14	01:43:00.525	0.93896				2
2025.05.14	01:43:01.446	0.93895				2
2025.05.14	01:43:03.476	0.93900	0.93914			6
2025.05.14	01:43:04.027	0.93898	0.93913			6
2025.05.14	01:43:08.515	0.93896				2
2025.05.14	01:43:09.826	0.93897				2
2025.05.14	01:43:22.026		0.93915			4
2025.05.14	01:43:26.327	0.93898				2
2025.05.14	01:43:28.060	0.93895	0.93912			6
2025.05.14	01:43:28.366		0.93913			4
2025.05.14	01:43:28.744	0.93894	0.93912			6
2025.05.14	01:43:32.912	0.93895				2
2025.05.14	01:43:33.601	0.93896	0.93914			6
2025.05.14	01:43:34.677	0.93895	0.93913			6
2025.05.14	01:43:36.526		0.93912			4
2025.05.14	01:43:37.908	0.93896				2
2025.05.14	01:43:40.857		0.93911			4
2025.05.14	01:43:42.353	0.93897	0.93912			6
2025.05.14	01:43:52.355	0.93896	0.93910			6
2025.05.14	01:43:56.131		0.93911			4
2025.05.14	01:43:57.528		0.93910			4
2025.05.14	01:44:01.124	0.93896				2
2025.05.14	01:44:02.035	0.93899				2
2025.05.14	01:44:04.287		0.93911			4
2025.05.14	01:44:04.737		0.93912			4
2025.05.14	01:44:05.622	0.93897				2
2025.05.14	01:44:09.334	0.93898	0.93913			6
2025.05.14	01:44:17.563	0.93899	0.93914			6
2025.05.14	01:44:20.731		0.93913			4
2025.05.14	01:44:32.346		0.93914			4
2025.05.14	01:44:42.356		0.93913			4
2025.05.14	01:44:45.491		0.93914			4
2025.05.14	01:44:46.113	0.93900	0.93915			6
2025.05.14	01:44:46.740	0.93899	0.93914			6
2025.05.14	01:44:49.962		0.93915			4
2025.05.14	01:44:50.965		0.93914			4
2025.05.14	01:44:51.664		0.93915			4
2025.05.14	01:44:53.542		0.93914			4
2025.05.14	01:44:56.933	0.93905	0.93920			6
2025.05.14	01:44:58.030		0.93921			4
2025.05.14	01:45:00.121	0.93905				2
2025.05.14	01:45:02.209	0.93904	0.93918			6
2025.05.14	01:45:02.917	0.93903	0.93917			6
2025.05.14	01:45:04.297	0.93902				2
2025.05.14	01:45:06.316	0.93901				2
2025.05.14	01:45:08.354	0.93905	0.93920			6
2025.05.14	01:45:09.028	0.93893	0.93909			6
2025.05.14	01:45:14.025	0.93895	0.93910			6
2025.05.14	01:45:15.380	0.93902	0.93914			6
2025.05.14	01:45:16.085	0.93906	0.93922			6
2025.05.14	01:45:25.625		0.93921			4
2025.05.14	01:45:32.256	0.93910				2
2025.05.14	01:45:32.558	0.93912	0.93924			6
2025.05.14	01:45:32.862	0.93907	0.93921			6
2025.05.14	01:45:34.218	0.93908	0.93922			6
2025.05.14	01:45:34.716	0.93901	0.93917			6
2025.05.14	01:45:35.426	0.93902				2
2025.05.14	01:45:43.448	0.93898	0.93916			6
2025.05.14	01:45:43.769	0.93899	0.93919			6
2025.05.14	01:45:45.436	0.93898				2
2025.05.14	01:45:47.609	0.93899				2
2025.05.14	01:45:57.813		0.93913			4
2025.05.14	01:46:00.359	0.93899				2
2025.05.14	01:46:05.219	0.93900				2
2025.05.14	01:46:17.548	0.93901				2
2025.05.14	01:46:36.332	0.93902				2
2025.05.14	01:46:53.133		0.93915			4
2025.05.14	01:46:53.512		0.93914			4
2025.05.14	01:46:54.003		0.93913			4
2025.05.14	01:46:54.309		0.93914			4
2025.05.14	01:47:03.274	0.93902				2
2025.05.14	01:47:06.374	0.93892	0.93908			6
2025.05.14	01:47:11.769	0.93891	0.93906			6
2025.05.14	01:47:13.762		0.93905			4
2025.05.14	01:47:20.052		0.93906			4
2025.05.14	01:47:24.496	0.93895	0.93910			6
2025.05.14	01:47:35.790		0.93911			4
2025.05.14	01:47:37.917		0.93910			4
2025.05.14	01:47:49.319		0.93909			4
2025.05.14	01:48:00.759	0.93895				2
2025.05.14	01:48:01.711	0.93896	0.93911			6
2025.05.14	01:48:02.925	0.93899	0.93912			6
2025.05.14	01:48:04.728		0.93913			4
2025.05.14	01:48:06.195		0.93912			4
2025.05.14	01:48:08.111	0.93898				2
2025.05.14	01:48:09.877	0.93899	0.93915			6
2025.05.14	01:48:19.376	0.93902	0.93917			6
2025.05.14	01:48:20.510	0.93901	0.93916			6
2025.05.14	01:48:23.517	0.93902	0.93917			6
2025.05.14	01:48:52.726	0.93903	0.93919			6
2025.05.14	01:48:53.343	0.93904				2
2025.05.14	01:48:53.675	0.93905	0.93920			6
2025.05.14	01:49:01.725	0.93905				2
2025.05.14	01:49:12.437		0.93919			4
2025.05.14	01:49:14.696		0.93920			4
2025.05.14	01:49:17.911	0.93906				2
2025.05.14	01:49:18.240	0.93904	0.93919			6
2025.05.14	01:49:19.594	0.93905				2
2025.05.14	01:49:21.799	0.93907	0.93923			6
2025.05.14	01:49:38.028		0.93922			4
2025.05.14	01:49:43.960	0.93899	0.93914			6
2025.05.14	01:49:44.679	0.93902	0.93916			6
2025.05.14	01:49:53.644	0.93908	0.93924			6
2025.05.14	01:50:00.757	0.93908				2
2025.05.14	01:50:02.481	0.93907	0.93922			6
2025.05.14	01:50:03.226	0.93911	0.93925			6
2025.05.14	01:50:06.609	0.93909	0.93924			6
2025.05.14	01:50:09.525	0.93910				2
2025.05.14	01:50:11.218	0.93909				2
2025.05.14	01:50:11.745	0.93910	0.93925			6
2025.05.14	01:50:13.790	0.93909				2
2025.05.14	01:50:15.554	0.93910				2
2025.05.14	01:50:16.627	0.93911	0.93928			6
2025.05.14	01:50:17.126	0.93910	0.93923			6
2025.05.14	01:50:18.471	0.93908	0.93919			6
2025.05.14	01:50:18.780	0.93906				2
2025.05.14	01:50:21.844	0.93907				2
2025.05.14	01:50:22.923	0.93906	0.93920			6
2025.05.14	01:50:24.227	0.93907				2
2025.05.14	01:50:26.371	0.93906	0.93919			6
2025.05.14	01:50:29.190	0.93907				2
2025.05.14	01:50:32.759	0.93905				2
2025.05.14	01:50:37.127	0.93904				2
2025.05.14	01:50:37.942		0.93920			4
2025.05.14	01:50:41.083	0.93902	0.93918			6
2025.05.14	01:50:41.458	0.93903				2
2025.05.14	01:50:49.026		0.93917			4
2025.05.14	01:50:51.724	0.93902				2
2025.05.14	01:50:52.960	0.93903				2
2025.05.14	01:50:54.845	0.93904				2
2025.05.14	01:50:57.757	0.93902				2
2025.05.14	01:51:00.205	0.93902				2
2025.05.14	01:51:02.810	0.93903				2
2025.05.14	01:51:03.252	0.93905				2
2025.05.14	01:51:07.279	0.93904				2
2025.05.14	01:51:07.588	0.93902	0.93916			6
2025.05.14	01:51:07.912	0.93903				2
2025.05.14	01:51:11.811	0.93905	0.93918			6
2025.05.14	01:51:15.147	0.93906				2
2025.05.14	01:51:17.112	0.93905	0.93917			6
2025.05.14	01:51:17.660	0.93904				2
2025.05.14	01:51:22.352	0.93905				2
2025.05.14	01:51:25.128	0.93903	0.93916			6
2025.05.14	01:51:27.086		0.93917			4
2025.05.14	01:51:28.692	0.93904				2
2025.05.14	01:51:31.836	0.93903	0.93916			6
2025.05.14	01:51:37.181	0.93902				2
2025.05.14	01:51:38.640	0.93903				2
2025.05.14	01:51:47.677		0.93914			4
2025.05.14	01:51:48.033	0.93902	0.93912			6
2025.05.14	01:51:55.726	0.93903				2
2025.05.14	01:52:02.625	0.93903				2
2025.05.14	01:52:07.229	0.93901	0.93911			6
2025.05.14	01:52:12.339		0.93910			4
2025.05.14	01:52:16.411	0.93899				2
2025.05.14	01:52:19.949	0.93898				2
2025.05.14	01:52:21.824	0.93897				2
2025.05.14	01:52:22.376	0.93896	0.93909			6
2025.05.14	01:52:24.526	0.93897				2
2025.05.14	01:52:25.349	0.93898	0.93910			6
2025.05.14	01:52:26.152	0.93900	0.93914			6
2025.05.14	01:52:28.293	0.93899	0.93911			6
2025.05.14	01:52:33.525	0.93902	0.93916			6
2025.05.14	01:52:33.845	0.93903	0.93919			6
2025.05.14	01:52:34.866	0.93902				2
2025.05.14	01:52:41.384	0.93903				2
2025.05.14	01:52:42.716	0.93902	0.93918			6
2025.05.14	01:52:44.350	0.93903				2
2025.05.14	01:52:44.659		0.93916			4
2025.05.14	01:52:45.062	0.93904	0.93918			6
2025.05.14	01:52:49.871	0.93902				2
2025.05.14	01:52:51.207	0.93903				2
2025.05.14	01:52:52.987		0.93917			4
2025.05.14	01:53:02.752	0.93903				2
2025.05.14	01:53:03.102	0.93901	0.93914			6
2025.05.14	01:53:06.415	0.93899	0.93911			6
2025.05.14	01:53:07.126	0.93896	0.93909			6
2025.05.14	01:53:10.377		0.93911			4
2025.05.14	01:53:12.183	0.93897				2
2025.05.14	01:53:14.895	0.93895	0.93909			6
2025.05.14	01:53:17.373		0.93908			4
2025.05.14	01:53:21.593		0.93906			4
2025.05.14	01:53:22.593		0.93908			4
2025.05.14	01:53:26.367	0.93896	0.93909			6
2025.05.14	01:53:35.852		0.93908			4
2025.05.14	01:53:44.654	0.93897				2
2025.05.14	01:53:56.275		0.93909			4
2025.05.14	01:54:00.588	0.93897	0.93910			6
2025.05.14	01:54:02.570	0.93898	0.93909			6
2025.05.14	01:54:04.706	0.93895	0.93908			6
2025.05.14	01:54:05.017	0.93893				2
2025.05.14	01:54:05.319	0.93895				2
2025.05.14	01:54:05.925	0.93901	0.93910			6
2025.05.14	01:54:09.457	0.93899				2
2025.05.14	01:54:09.944	0.93894	0.93908			6
2025.05.14	01:54:10.416	0.93895	0.93906			6
2025.05.14	01:54:13.938		0.93908			4
2025.05.14	01:54:21.179	0.93896	0.93910			6
2025.05.14	01:54:23.629	0.93897				2
2025.05.14	01:54:29.288		0.93911			4
2025.05.14	01:54:32.112	0.93892	0.93907			6
2025.05.14	01:54:32.767	0.93893				2
2025.05.14	01:54:33.426	0.93896				2
2025.05.14	01:54:33.839	0.93895				2
2025.05.14	01:54:34.545		0.93908			4
2025.05.14	01:54:35.119	0.93896				2
2025.05.14	01:54:35.636		0.93909			4
2025.05.14	01:54:36.658	0.93897	0.93910			6
2025.05.14	01:54:38.654		0.93911			4
2025.05.14	01:54:45.227	0.93898				2
2025.05.14	01:54:46.754	0.93897				2
2025.05.14	01:54:47.076	0.93898				2
2025.05.14	01:54:47.382	0.93899				2
2025.05.14	01:54:48.040	0.93900	0.93913			6
2025.05.14	01:54:50.712		0.93912			4
2025.05.14	01:54:57.299	0.93899	0.93910			6
2025.05.14	01:54:57.625	0.93900				2
2025.05.14	01:55:00.786	0.93898				2
2025.05.14	01:55:01.109		0.93909			4
2025.05.14	01:55:01.419	0.93897				2
2025.05.14	01:55:02.646	0.93898	0.93912			6
2025.05.14	01:55:03.049		0.93913			4
2025.05.14	01:55:04.182		0.93912			4
2025.05.14	01:55:11.538		0.93913			4
2025.05.14	01:55:12.526	0.93899				2
2025.05.14	01:55:15.878	0.93900	0.93912			6
2025.05.14	01:55:16.180	0.93899				2
2025.05.14	01:55:19.425	0.93900				2
2025.05.14	01:55:22.301	0.93901	0.93913			6
2025.05.14	01:55:23.927	0.93900				2
2025.05.14	01:55:26.704	0.93897	0.93912			6
2025.05.14	01:55:27.051	0.93899				2
2025.05.14	01:55:33.742	0.93898	0.93911			6
2025.05.14	01:55:46.727	0.93899				2
2025.05.14	01:55:50.598	0.93897	0.93910			6
2025.05.14	01:55:53.267		0.93912			4
2025.05.14	01:55:53.767	0.93902	0.93915			6
2025.05.14	01:55:54.112	0.93900				2
2025.05.14	01:55:58.176	0.93899	0.93914			6
2025.05.14	01:56:00.676	0.93899				2
2025.05.14	01:56:07.288	0.93900	0.93915			6
2025.05.14	01:56:20.411	0.93901				2
2025.05.14	01:56:25.126	0.93900				2
2025.05.14	01:56:26.252	0.93899	0.93912			6
2025.05.14	01:56:39.746		0.93914			4
2025.05.14	01:56:41.580	0.93900				2
2025.05.14	01:56:41.884	0.93907	0.93916			6
2025.05.14	01:56:42.200	0.93902				2
2025.05.14	01:56:42.519	0.93901				2
2025.05.14	01:56:45.418		0.93915			4
2025.05.14	01:56:50.147	0.93900				2
2025.05.14	01:57:00.759	0.93900				2
2025.05.14	01:57:12.705	0.93899	0.93913			6
2025.05.14	01:57:14.162	0.93900				2
2025.05.14	01:57:16.528		0.93914			4
2025.05.14	01:57:18.853		0.93913			4
2025.05.14	01:57:20.073		0.93914			4
2025.05.14	01:57:25.986	0.93901	0.93915			6
2025.05.14	01:57:29.740	0.93902	0.93916			6
2025.05.14	01:57:30.721	0.93901	0.93915			6
2025.05.14	01:57:31.720	0.93902	0.93916			6
2025.05.14	01:57:40.416	0.93903				2
2025.05.14	01:57:42.411	0.93902				2
2025.05.14	01:58:00.749	0.93902				2
2025.05.14	01:58:04.892	0.93899	0.93914			6
2025.05.14	01:58:06.500	0.93901	0.93915			6
2025.05.14	01:58:27.293		0.93916			4
2025.05.14	01:58:37.397	0.93899	0.93913			6
2025.05.14	01:58:37.705	0.93900				2
2025.05.14	01:58:45.227	0.93901	0.93915			6
2025.05.14	01:58:45.585	0.93900				2
2025.05.14	01:58:53.522	0.93907	0.93921			6
2025.05.14	01:59:02.027	0.93907				2
2025.05.14	01:59:03.730	0.93906	0.93918			6
2025.05.14	01:59:04.089		0.93920			4
2025.05.14	01:59:07.121	0.93908	0.93922			6
2025.05.14	01:59:09.198	0.93907	0.93921			6
2025.05.14	01:59:10.462	0.93909	0.93923			6
2025.05.14	01:59:12.225	0.93908	0.93922			6
2025.05.14	01:59:14.035		0.93923			4
2025.05.14	01:59:15.154	0.93909	0.93924			6
2025.05.14	01:59:22.381	0.93908	0.93921			6
2025.05.14	01:59:25.744		0.93920			4
2025.05.14	01:59:27.387	0.93904	0.93916			6
2025.05.14	01:59:27.711	0.93907				2
2025.05.14	01:59:28.021		0.93919			4
2025.05.14	01:59:31.826	0.93904	0.93917			6
2025.05.14	01:59:41.573		0.93916			4
2025.05.14	01:59:45.059	0.93903				2
2025.05.14	01:59:45.449		0.93917			4
2025.05.14	01:59:45.779	0.93904				2
2025.05.14	01:59:48.543	0.93905				2
2025.05.14	01:59:50.539	0.93904	0.93919			6
2025.05.14	01:59:56.102	0.93906				2
2025.05.14	01:59:56.419	0.93905				2
2025.05.14	02:00:00.096	0.93905				2
2025.05.14	02:00:01.846	0.93907	0.93923			6
2025.05.14	02:00:05.370	0.93906	0.93922			6
2025.05.14	02:00:06.368	0.93907				2
2025.05.14	02:00:07.323	0.93908	0.93923			6
2025.05.14	02:00:11.593	0.93913	0.93927			6
2025.05.14	02:00:12.702	0.93914	0.93930			6
2025.05.14	02:00:14.925	0.93913	0.93929			6
2025.05.14	02:00:15.228	0.93910	0.93926			6
2025.05.14	02:00:16.396		0.93925			4
2025.05.14	02:00:17.332	0.93911	0.93927			6
2025.05.14	02:00:22.170	0.93910	0.93926			6
2025.05.14	02:00:24.110	0.93909	0.93924			6
2025.05.14	02:00:31.278	0.93911	0.93925			6
2025.05.14	02:00:32.042	0.93910				2
2025.05.14	02:00:32.680		0.93924			4
2025.05.14	02:00:36.388		0.93923			4
2025.05.14	02:00:36.700	0.93907	0.93920			6
2025.05.14	02:00:37.031		0.93921			4
2025.05.14	02:00:45.290	0.93908	0.93924			6
2025.05.14	02:00:49.108	0.93911	0.93926			6
2025.05.14	02:00:50.001	0.93909	0.93924			6
2025.05.14	02:00:51.766	0.93910	0.93925			6
2025.05.14	02:00:55.622	0.93909				2
2025.05.14	02:01:00.391	0.93909				2
2025.05.14	02:01:00.779	0.93907	0.93921			6
2025.05.14	02:01:07.267		0.93924			4
2025.05.14	02:01:10.659		0.93923			4
2025.05.14	02:01:10.963	0.93906	0.93924			6
2025.05.14	02:01:11.591	0.93907				2
2025.05.14	02:01:14.399		0.93920			4
2025.05.14	02:01:15.628	0.93908	0.93921			6
2025.05.14	02:01:16.609	0.93905	0.93919			6
2025.05.14	02:01:16.920		0.93917			4
2025.05.14	02:01:18.726	0.93909	0.93920			6
2025.05.14	02:01:19.037	0.93908				2
2025.05.14	02:01:19.337		0.93919			4
2025.05.14	02:01:20.421	0.93907	0.93918			6
2025.05.14	02:01:31.539	0.93905				2
2025.05.14	02:01:32.932	0.93904				2
2025.05.14	02:01:41.602	0.93909	0.93925			6
2025.05.14	02:01:41.947	0.93907	0.93923			6
2025.05.14	02:01:45.270	0.93916	0.93925			6
2025.05.14	02:01:45.579	0.93910	0.93928			6
2025.05.14	02:01:50.056	0.93908	0.93923			6
2025.05.14	02:01:51.777	0.93910	0.93926			6
2025.05.14	02:01:52.101	0.93909				2
2025.05.14	02:01:56.254		0.93923			4
2025.05.14	02:01:57.446		0.93926			4
2025.05.14	02:01:58.808	0.93908	0.93923			6
2025.05.14	02:01:59.787	0.93914				2
2025.05.14	02:02:00.098	0.93909				2
2025.05.14	02:02:01.896	0.93908	0.93922			6
2025.05.14	02:02:02.356		0.93921			4
2025.05.14	02:02:07.514	0.93907				2
2025.05.14	02:02:10.184	0.93908				2
2025.05.14	02:02:25.664	0.93907	0.93920			6
2025.05.14	02:02:27.732	0.93905	0.93918			6
2025.05.14	02:02:29.519	0.93910	0.93915			6
2025.05.14	02:02:31.063	0.93913	0.93918			6
2025.05.14	02:02:31.366	0.93910	0.93915			6
2025.05.14	02:02:31.673	0.93909	0.93914			6
2025.05.14	02:02:31.972	0.93905	0.93918			6
2025.05.14	02:02:41.662	0.93906				2
2025.05.14	02:02:47.190	0.93905				2
2025.05.14	02:02:48.297	0.93906				2
2025.05.14	02:03:00.164	0.93906				2
2025.05.14	02:03:15.431	0.93907				2
2025.05.14	02:03:18.433	0.93904				2
2025.05.14	02:03:20.728	0.93905				2
2025.05.14	02:03:23.914		0.93919			4
2025.05.14	02:03:27.359	0.93900	0.93913			6
2025.05.14	02:03:37.479	0.93907	0.93918			6
2025.05.14	02:03:37.799	0.93901				2
2025.05.14	02:03:38.125	0.93902				2
2025.05.14	02:03:42.376		0.93917			4
2025.05.14	02:03:46.739	0.93903				2
2025.05.14	02:03:48.896		0.93918			4
2025.05.14	02:03:49.205		0.93915			4
2025.05.14	02:03:50.468		0.93918			4
2025.05.14	02:03:51.236	0.93901	0.93914			6
2025.05.14	02:03:55.173	0.93903	0.93918			6
2025.05.14	02:03:59.325		0.93917			4
2025.05.14	02:04:01.071	0.93903				2
2025.05.14	02:04:05.593	0.93902				2
2025.05.14	02:04:06.084	0.93903	0.93916			6
2025.05.14	02:04:11.994	0.93904				2
2025.05.14	02:04:24.387	0.93901	0.93915			6
2025.05.14	02:04:24.701	0.93899				2
2025.05.14	02:04:28.341	0.93905	0.93910			6
2025.05.14	02:04:30.798	0.93899	0.93915			6
2025.05.14	02:04:31.568	0.93900	0.93916			6
2025.05.14	02:04:34.998	0.93899				2
2025.05.14	02:04:35.953	0.93900	0.93917			6
2025.05.14	02:04:39.226		0.93916			4
2025.05.14	02:04:43.022	0.93898				2
2025.05.14	02:04:47.920		0.93915			4
2025.05.14	02:04:48.354		0.93916			4
2025.05.14	02:05:00.371	0.93898				2
2025.05.14	02:05:16.070	0.93896	0.93913			6
2025.05.14	02:05:18.378	0.93895	0.93912			6
2025.05.14	02:05:20.365		0.93909			4
2025.05.14	02:05:21.071		0.93910			4
2025.05.14	02:05:21.376	0.93896	0.93911			6
2025.05.14	02:05:22.905		0.93908			4
2025.05.14	02:05:23.775	0.93895	0.93909			6
2025.05.14	02:05:37.830	0.93897				2
2025.05.14	02:05:38.443	0.93898	0.93913			6
2025.05.14	02:05:38.809		0.93912			4
2025.05.14	02:05:39.253		0.93911			4
2025.05.14	02:05:40.078		0.93914			4
2025.05.14	02:05:40.406		0.93913			4
2025.05.14	02:05:42.427	0.93897	0.93914			6
2025.05.14	02:05:45.514		0.93913			4
2025.05.14	02:05:47.592	0.93898	0.93914			6
2025.05.14	02:05:48.683	0.93897	0.93913			6
2025.05.14	02:05:53.476	0.93898				2
2025.05.14	02:05:57.367	0.93897	0.93912			6
2025.05.14	02:06:00.405	0.93897				2
2025.05.14	02:06:01.407	0.93898	0.93913			6
2025.05.14	02:06:01.718	0.93897	0.93911			6
2025.05.14	02:06:02.216	0.93898	0.93912			6
2025.05.14	02:06:02.520	0.93897				2
2025.05.14	02:06:04.422	0.93898	0.93913			6
2025.05.14	02:06:05.230	0.93897				2
2025.05.14	02:06:09.224		0.93912			4
2025.05.14	02:06:17.401	0.93898	0.93911			6
2025.05.14	02:06:23.171	0.93897	0.93912			6
2025.05.14	02:06:24.085	0.93899	0.93913			6
2025.05.14	02:06:24.505	0.93898	0.93912			6
2025.05.14	02:06:25.500		0.93913			4
2025.05.14	02:06:29.728	0.93899				2
2025.05.14	02:06:31.287	0.93900	0.93914			6
2025.05.14	02:06:32.628	0.93899	0.93913			6
2025.05.14	02:06:41.199	0.93898	0.93912			6
2025.05.14	02:06:49.252	0.93897				2
2025.05.14	02:06:58.204	0.93896				2
2025.05.14	02:07:00.070	0.93897	0.93910			6
2025.05.14	02:07:00.567	0.93896				2
2025.05.14	02:07:06.206	0.93895	0.93908			6
2025.05.14	02:07:13.503		0.93906			4
2025.05.14	02:07:14.090	0.93889	0.93904			6
2025.05.14	02:07:14.393	0.93891				2
2025.05.14	02:07:18.128	0.93890				2
2025.05.14	02:07:30.364		0.93905			4
2025.05.14	02:07:33.314		0.93902			4
2025.05.14	02:07:33.619		0.93904			4
2025.05.14	02:07:33.963	0.93891	0.93906			6
2025.05.14	02:07:34.267	0.93889	0.93901			6
2025.05.14	02:07:37.374	0.93890	0.93906			6
2025.05.14	02:07:38.769		0.93905			4
2025.05.14	02:07:40.351		0.93902			4
2025.05.14	02:07:40.659	0.93889				2
2025.05.14	02:07:41.572		0.93904			4
2025.05.14	02:07:49.319	0.93888	0.93903			6
2025.05.14	02:07:50.320	0.93887	0.93904			6
2025.05.14	02:07:50.636		0.93903			4
2025.05.14	02:07:57.607	0.93888				2
2025.05.14	02:08:00.320	0.93887				2
2025.05.14	02:08:04.264		0.93899			4
2025.05.14	02:08:09.826		0.93901			4
2025.05.14	02:08:10.469	0.93888				2
2025.05.14	02:08:11.632		0.93905			4
2025.05.14	02:08:12.276		0.93903			4
2025.05.14	02:08:13.070	0.93887				2
2025.05.14	02:08:18.572	0.93888	0.93905			6
2025.05.14	02:08:20.356		0.93902			4
2025.05.14	02:08:22.477	0.93887				2
2025.05.14	02:08:23.154		0.93905			4
2025.05.14	02:08:24.758	0.93888				2
2025.05.14	02:08:25.061	0.93893	0.93907			6
2025.05.14	02:08:25.370	0.93892				2
2025.05.14	02:08:34.837	0.93891	0.93906			6
2025.05.14	02:08:37.305	0.93893	0.93908			6
2025.05.14	02:08:42.922	0.93897	0.93911			6
2025.05.14	02:08:43.238	0.93896	0.93912			6
2025.05.14	02:08:45.503	0.93895				2
2025.05.14	02:08:50.261		0.93910			4
2025.05.14	02:08:50.566	0.93896	0.93913			6
2025.05.14	02:08:56.069	0.93895	0.93912			6
2025.05.14	02:09:00.350	0.93895				2
2025.05.14	02:09:21.587	0.93898				2
2025.05.14	02:09:30.995	0.93897	0.93913			6
2025.05.14	02:09:43.395	0.93898	0.93914			6
2025.05.14	02:09:46.647	0.93899				2
2025.05.14	02:09:49.196	0.93901	0.93915			6
2025.05.14	02:09:49.497	0.93899	0.93914			6
2025.05.14	02:09:49.914	0.93902	0.93915			6
2025.05.14	02:09:50.280	0.93899	0.93914			6
2025.05.14	02:09:58.104		0.93912			4
2025.05.14	02:10:00.758	0.93899	0.93913			6
2025.05.14	02:10:02.575	0.93897	0.93914			6
2025.05.14	02:10:02.881	0.93900	0.93918			6
2025.05.14	02:10:05.534	0.93898	0.93916			6
2025.05.14	02:10:05.897	0.93900	0.93918			6
2025.05.14	02:10:08.822	0.93898	0.93916			6
2025.05.14	02:10:10.370	0.93901	0.93915			6
2025.05.14	02:10:27.456	0.93899	0.93916			6
2025.05.14	02:10:28.631	0.93904	0.93918			6
2025.05.14	02:10:28.941	0.93900	0.93916			6
2025.05.14	02:10:29.244	0.93899				2
2025.05.14	02:10:35.930	0.93903				2
2025.05.14	02:10:36.285	0.93899				2
2025.05.14	02:10:38.494	0.93904				2
2025.05.14	02:10:38.834		0.93917			4
2025.05.14	02:10:39.527	0.93899				2
2025.05.14	02:10:42.543		0.93915			4
2025.05.14	02:10:43.987	0.93898	0.93916			6
2025.05.14	02:10:47.338	0.93901	0.93915			6
2025.05.14	02:10:48.859	0.93898				2
2025.05.14	02:10:52.747	0.93901				2
2025.05.14	02:10:53.253	0.93902	0.93916			6
2025.05.14	02:10:53.555	0.93898				2
2025.05.14	02:11:01.527	0.93898				2
2025.05.14	02:11:07.426	0.93899				2
2025.05.14	02:11:16.492		0.93915			4
2025.05.14	02:11:20.003	0.93902	0.93916			6
2025.05.14	02:11:20.384	0.93900	0.93915			6
2025.05.14	02:11:23.593	0.93901	0.93917			6
2025.05.14	02:11:31.441	0.93902	0.93914			6
2025.05.14	02:11:32.899	0.93900	0.93912			6
2025.05.14	02:11:34.280	0.93901	0.93916			6
2025.05.14	02:11:49.384	0.93902				2
2025.05.14	02:11:50.475	0.93899	0.93915			6
2025.05.14	02:11:50.779	0.93896	0.93911			6
2025.05.14	02:11:52.240	0.93897	0.93915			6
2025.05.14	02:12:01.765	0.93895	0.93913			6
2025.05.14	02:12:03.786		0.93912			4
2025.05.14	02:12:27.373	0.93894				2
2025.05.14	02:12:28.227	0.93893	0.93909			6
2025.05.14	02:12:31.201	0.93894	0.93912			6
2025.05.14	02:12:32.418	0.93893	0.93911			6
2025.05.14	02:12:35.197	0.93894	0.93912			6
2025.05.14	02:12:36.288	0.93893	0.93911			6
2025.05.14	02:12:45.320		0.93910			4
2025.05.14	02:12:48.497		0.93911			4
2025.05.14	02:13:00.593	0.93893	0.93910			6
2025.05.14	02:13:06.017	0.93894				2
2025.05.14	02:13:18.633	0.93893	0.93906			6
2025.05.14	02:13:19.382	0.93891	0.93908			6
2025.05.14	02:13:20.354		0.93905			4
2025.05.14	02:13:23.661		0.93906			4
2025.05.14	02:13:24.966	0.93893	0.93907			6
2025.05.14	02:13:32.415	0.93895	0.93913			6
2025.05.14	02:13:34.352	0.93893	0.93907			6
2025.05.14	02:13:39.090	0.93891	0.93909			6
2025.05.14	02:13:39.810	0.93892	0.93907			6
2025.05.14	02:13:55.450	0.93891				2
2025.05.14	02:13:56.191		0.93909			4
2025.05.14	02:14:00.370	0.93891				2
2025.05.14	02:14:01.092	0.93893	0.93911			6
2025.05.14	02:14:02.124	0.93895	0.93909			6
2025.05.14	02:14:02.475		0.93913			4
2025.05.14	02:14:03.646		0.93910			4
2025.05.14	02:14:04.378		0.93912			4
2025.05.14	02:14:06.083		0.93910			4
2025.05.14	02:14:06.883		0.93912			4
2025.05.14	02:14:17.386		0.93909			4
2025.05.14	02:14:17.691		0.93912			4
2025.05.14	02:14:21.796		0.93913			4
2025.05.14	02:14:22.560		0.93912			4
2025.05.14	02:14:23.806	0.93894	0.93907			6
2025.05.14	02:14:24.454		0.93909			4
2025.05.14	02:14:25.040		0.93907			4
2025.05.14	02:14:25.935		0.93909			4
2025.05.14	02:14:28.984	0.93893	0.93906			6
2025.05.14	02:14:29.565	0.93894	0.93907			6
2025.05.14	02:14:30.373	0.93895				2
2025.05.14	02:14:33.951		0.93909			4
2025.05.14	02:14:50.856	0.93894	0.93908			6
2025.05.14	02:14:58.031	0.93893	0.93907			6
2025.05.14	02:15:01.727	0.93893				2
2025.05.14	02:15:14.960	0.93894	0.93906			6
2025.05.14	02:15:20.753		0.93907			4
2025.05.14	02:15:21.582		0.93905			4
2025.05.14	02:15:22.580		0.93907			4
2025.05.14	02:15:29.662		0.93908			4
2025.05.14	02:15:32.473		0.93907			4
2025.05.14	02:15:33.346	0.93893				2
2025.05.14	02:15:33.661		0.93904			4
2025.05.14	02:15:34.342		0.93907			4
2025.05.14	02:15:44.472	0.93894				2
2025.05.14	02:15:47.945	0.93895	0.93909			6
2025.05.14	02:15:48.526	0.93894	0.93908			6
2025.05.14	02:15:50.152		0.93906			4
2025.05.14	02:15:51.484		0.93908			4
2025.05.14	02:15:52.587	0.93892	0.93905			6
2025.05.14	02:15:54.052	0.93894	0.93907			6
2025.05.14	02:15:54.360	0.93895	0.93909			6
2025.05.14	02:15:54.784	0.93893	0.93906			6
2025.05.14	02:15:56.839	0.93894	0.93908			6
2025.05.14	02:15:57.239	0.93893	0.93905			6
2025.05.14	02:16:00.284	0.93893				2
2025.05.14	02:16:02.081	0.93892	0.93904			6
2025.05.14	02:16:02.485	0.93893				2
2025.05.14	02:16:06.712	0.93894	0.93908			6
2025.05.14	02:16:22.377	0.93893	0.93907			6
2025.05.14	02:16:28.120	0.93898	0.93912			6
2025.05.14	02:16:28.435	0.93899	0.93913			6
2025.05.14	02:16:29.784	0.93898	0.93912			6
2025.05.14	02:16:42.426	0.93897	0.93911			6
2025.05.14	02:16:42.958	0.93895	0.93909			6
2025.05.14	02:16:52.489	0.93898	0.93912			6
2025.05.14	02:16:52.849	0.93897	0.93910			6
2025.05.14	02:16:54.440	0.93896				2
2025.05.14	02:17:01.393	0.93896				2
2025.05.14	02:17:33.783	0.93895	0.93909			6
2025.05.14	02:17:34.878	0.93893	0.93907			6
2025.05.14	02:17:39.141	0.93892	0.93906			6
2025.05.14	02:17:51.321	0.93893	0.93907			6
2025.05.14	02:17:55.953	0.93894	0.93908			6
2025.05.14	02:17:57.196	0.93897	0.93911			6
2025.05.14	02:17:58.950	0.93896	0.93910			6
2025.05.14	02:18:00.350	0.93896				2
2025.05.14	02:18:02.253	0.93897	0.93911			6
2025.05.14	02:18:23.010		0.93910			4
2025.05.14	02:18:23.749	0.93890	0.93901			6
2025.05.14	02:18:31.059		0.93903			4
2025.05.14	02:18:32.608		0.93901			4
2025.05.14	02:18:34.040		0.93903			4
2025.05.14	02:18:34.562		0.93901			4
2025.05.14	02:18:41.082		0.93903			4
2025.05.14	02:18:46.242		0.93900			4
2025.05.14	02:18:46.951		0.93903			4
2025.05.14	02:18:49.388	0.93891	0.93905			6
2025.05.14	02:18:53.000	0.93893	0.93906			6
2025.05.14	02:18:53.310		0.93907			4
2025.05.14	02:18:55.376		0.93905			4
2025.05.14	02:18:57.415		0.93902			4
2025.05.14	02:18:57.723	0.93891				2
2025.05.14	02:18:58.590	0.93893	0.93907			6
2025.05.14	02:18:59.053		0.93904			4
2025.05.14	02:18:59.556		0.93907			4
2025.05.14	02:19:00.434	0.93893	0.93905			6
2025.05.14	02:19:00.760		0.93907			4
2025.05.14	02:19:02.650	0.93892	0.93906			6
2025.05.14	02:19:03.241	0.93890	0.93904			6
2025.05.14	02:19:08.375	0.93889	0.93903			6
2025.05.14	02:19:12.934	0.93888	0.93902			6
2025.05.14	02:19:30.608	0.93889	0.93903			6
2025.05.14	02:19:45.330	0.93886	0.93898			6
2025.05.14	02:19:47.377		0.93900			4
2025.05.14	02:19:53.164		0.93897			4
2025.05.14	02:19:53.544		0.93899			4
2025.05.14	02:19:54.157		0.93897			4
2025.05.14	02:19:56.279	0.93889	0.93903			6
2025.05.14	02:19:59.778	0.93888	0.93902			6
2025.05.14	02:20:00.371	0.93889	0.93901			6
2025.05.14	02:20:00.676		0.93903			4
2025.05.14	02:20:02.517	0.93888	0.93902			6
2025.05.14	02:20:08.727	0.93890				2
2025.05.14	02:20:09.080		0.93904			4
2025.05.14	02:20:09.567		0.93900			4
2025.05.14	02:20:10.237		0.93901			4
2025.05.14	02:20:14.114		0.93902			4
2025.05.14	02:20:16.110		0.93901			4
2025.05.14	02:20:18.110		0.93902			4
2025.05.14	02:20:19.110		0.93901			4
2025.05.14	02:20:22.110		0.93902			4
2025.05.14	02:20:27.109		0.93903			4
2025.05.14	02:20:28.257	0.93891	0.93904			6
2025.05.14	02:20:37.847	0.93890				2
2025.05.14	02:20:58.242	0.93891	0.93905			6
2025.05.14	02:21:01.475	0.93891				2
2025.05.14	02:21:05.299	0.93890	0.93904			6
2025.05.14	02:21:07.324	0.93891				2
2025.05.14	02:21:08.415	0.93890				2
2025.05.14	02:21:31.244	0.93892				2
2025.05.14	02:21:31.557	0.93891				2
2025.05.14	02:21:34.548		0.93905			4
2025.05.14	02:21:35.862	0.93893	0.93907			6
2025.05.14	02:21:38.143	0.93892	0.93906			6
2025.05.14	02:21:41.117	0.93890	0.93904			6
2025.05.14	02:21:51.667	0.93891	0.93905			6
2025.05.14	02:21:55.274	0.93893	0.93907			6
2025.05.14	02:22:00.371	0.93893				2
2025.05.14	02:22:03.204	0.93892	0.93906			6
2025.05.14	02:22:24.262	0.93893	0.93907			6
2025.05.14	02:22:55.228	0.93894	0.93908			6
2025.05.14	02:23:03.974	0.93893	0.93907			6
2025.05.14	02:23:13.529	0.93896	0.93909			6
2025.05.14	02:23:13.989	0.93895				2
2025.05.14	02:23:14.407		0.93908			4
2025.05.14	02:23:14.721		0.93909			4
2025.05.14	02:23:24.334	0.93894	0.93908			6
2025.05.14	02:23:39.588	0.93897	0.93910			6
2025.05.14	02:23:40.320	0.93899	0.93913			6
2025.05.14	02:23:41.714	0.93900	0.93914			6
2025.05.14	02:23:42.361	0.93898	0.93912			6
2025.05.14	02:23:44.221	0.93897	0.93911			6
2025.05.14	02:23:44.606	0.93898	0.93912			6
2025.05.14	02:23:46.660	0.93897	0.93911			6
2025.05.14	02:23:57.972		0.93910			4
2025.05.14	02:24:01.630	0.93897	0.93909			6
2025.05.14	02:24:09.875		0.93910			4
2025.05.14	02:24:15.506		0.93909			4
2025.05.14	02:24:19.564	0.93900	0.93914			6
2025.05.14	02:24:19.867	0.93899	0.93913			6
2025.05.14	02:24:26.185	0.93900				2
2025.05.14	02:24:30.459		0.93912			4
2025.05.14	02:24:33.582	0.93899	0.93910			6
2025.05.14	02:24:37.816	0.93898				2
2025.05.14	02:24:38.353	0.93899				2
2025.05.14	02:24:39.595	0.93897	0.93909			6
2025.05.14	02:24:40.261		0.93906			4
2025.05.14	02:24:41.244	0.93898	0.93908			6
2025.05.14	02:24:41.973	0.93899				2
2025.05.14	02:24:42.278	0.93898	0.93910			6
2025.05.14	02:24:43.396		0.93909			4
2025.05.14	02:24:48.733		0.93907			4
2025.05.14	02:24:51.778	0.93897	0.93906			6
2025.05.14	02:24:57.206		0.93907			4
2025.05.14	02:24:58.347		0.93906			4
2025.05.14	02:25:00.214	0.93897				2
2025.05.14	02:25:03.804		0.93909			4
2025.05.14	02:25:07.559		0.93907			4
2025.05.14	02:25:10.020		0.93906			4
2025.05.14	02:25:13.003	0.93898				2
2025.05.14	02:25:17.418	0.93897				2
2025.05.14	02:25:21.023		0.93907			4
2025.05.14	02:25:22.756	0.93896	0.93906			6
2025.05.14	02:25:24.090	0.93897				2
2025.05.14	02:25:39.954	0.93895				2
2025.05.14	02:25:40.280	0.93898	0.93907			6
2025.05.14	02:25:40.582	0.93897				2
2025.05.14	02:25:41.208	0.93898				2
2025.05.14	02:25:42.250	0.93897				2
2025.05.14	02:25:42.558	0.93898				2
2025.05.14	02:25:46.311	0.93897				2
2025.05.14	02:25:47.300	0.93896				2
2025.05.14	02:25:48.347	0.93895	0.93908			6
2025.05.14	02:25:49.068	0.93896				2
2025.05.14	02:25:49.379	0.93895	0.93907			6
2025.05.14	02:25:50.315	0.93896				2
2025.05.14	02:25:51.592	0.93894				2
2025.05.14	02:25:53.371	0.93895				2
2025.05.14	02:25:53.707	0.93894				2
2025.05.14	02:25:55.434	0.93895				2
2025.05.14	02:25:57.058	0.93894				2
2025.05.14	02:26:00.204	0.93894				2
2025.05.14	02:26:06.632		0.93906			4
2025.05.14	02:26:11.570	0.93893				2
2025.05.14	02:26:13.693		0.93907			4
2025.05.14	02:26:21.893		0.93905			4
2025.05.14	02:26:30.727	0.93889	0.93902			6
2025.05.14	02:26:35.266	0.93891	0.93905			6
2025.05.14	02:26:36.369		0.93903			4
2025.05.14	02:26:53.935	0.93892	0.93905			6
2025.05.14	02:26:54.991		0.93906			4
2025.05.14	02:27:00.013	0.93892				2
2025.05.14	02:27:02.450		0.93905			4
2025.05.14	02:27:05.260		0.93906			4
2025.05.14	02:27:10.738		0.93905			4
2025.05.14	02:27:13.123	0.93891				2
2025.05.14	02:27:13.450	0.93892	0.93906			6
2025.05.14	02:27:22.820	0.93891	0.93905			6
2025.05.14	02:27:39.322	0.93892				2
2025.05.14	02:27:40.597	0.93893	0.93907			6
2025.05.14	02:27:41.810	0.93892	0.93906			6
2025.05.14	02:28:00.390	0.93893	0.93907			6
2025.05.14	02:28:08.248	0.93892	0.93906			6
2025.05.14	02:28:16.436	0.93893				2
2025.05.14	02:28:24.738	0.93892				2
2025.05.14	02:28:26.320	0.93893				2
2025.05.14	02:28:43.884	0.93892				2
2025.05.14	02:28:51.977	0.93893				2
2025.05.14	02:28:52.375	0.93892				2
2025.05.14	02:28:53.619	0.93893				2
2025.05.14	02:28:55.718	0.93891	0.93905			6
2025.05.14	02:28:56.743	0.93892	0.93906			6
2025.05.14	02:29:00.350	0.93892				2
2025.05.14	02:29:59.232		0.93906			4
2025.05.14	02:30:00.396	0.93892				2
2025.05.14	02:30:01.521	0.93890	0.93904			6
2025.05.14	02:30:06.285		0.93903			4
2025.05.14	02:30:21.285		0.93904			4
2025.05.14	02:30:28.268	0.93888	0.93901			6
2025.05.14	02:30:29.667		0.93902			4
2025.05.14	02:30:30.762	0.93889				2
2025.05.14	02:30:31.198	0.93887	0.93901			6
2025.05.14	02:30:33.949		0.93900			4
2025.05.14	02:30:34.832	0.93888	0.93902			6
2025.05.14	02:30:45.326	0.93889				2
2025.05.14	02:30:52.024	0.93888				2
2025.05.14	02:31:01.142	0.93889				2
2025.05.14	02:31:04.501	0.93891	0.93904			6
2025.05.14	02:31:04.817		0.93903			4
2025.05.14	02:31:06.325	0.93890				2
2025.05.14	02:31:08.404	0.93891	0.93904			6
2025.05.14	02:31:11.510	0.93894	0.93907			6
2025.05.14	02:31:12.427		0.93906			4
2025.05.14	02:31:15.836		0.93907			4
2025.05.14	02:31:23.117	0.93893	0.93906			6
2025.05.14	02:31:23.544	0.93892				2
2025.05.14	02:31:24.297	0.93893				2
2025.05.14	02:31:25.497	0.93892				2
2025.05.14	02:31:31.688	0.93893				2
2025.05.14	02:31:39.577	0.93892				2
2025.05.14	02:31:40.270	0.93893	0.93905			6
2025.05.14	02:31:40.820	0.93891				2
2025.05.14	02:31:41.129	0.93893	0.93907			6
2025.05.14	02:31:41.877	0.93892	0.93906			6
2025.05.14	02:31:51.614	0.93894				2
2025.05.14	02:31:53.367	0.93892				2
2025.05.14	02:31:54.424	0.93894				2
2025.05.14	02:32:01.785	0.93893	0.93907			6
2025.05.14	02:32:02.895	0.93892	0.93906			6
2025.05.14	02:32:04.003	0.93895				2
2025.05.14	02:32:12.017		0.93907			4
2025.05.14	02:32:12.356	0.93892	0.93906			6
2025.05.14	02:32:13.380	0.93895	0.93907			6
2025.05.14	02:32:22.704	0.93896				2
2025.05.14	02:32:27.785	0.93895	0.93909			6
2025.05.14	02:32:31.863	0.93894	0.93908			6
2025.05.14	02:33:00.550	0.93895	0.93909			6
2025.05.14	02:33:01.691		0.93908			4
2025.05.14	02:33:02.900	0.93893	0.93907			6
2025.05.14	02:33:04.414	0.93894				2
2025.05.14	02:33:12.782	0.93895	0.93909			6
2025.05.14	02:33:14.423	0.93894	0.93907			6
2025.05.14	02:33:17.955	0.93895				2
2025.05.14	02:33:22.876	0.93896				2
2025.05.14	02:33:33.458	0.93893	0.93906			6
2025.05.14	02:33:43.967	0.93894				2
2025.05.14	02:33:53.678	0.93893				2
2025.05.14	02:33:54.443		0.93905			4
2025.05.14	02:33:57.904	0.93892				2
2025.05.14	02:34:02.351	0.93892				2
2025.05.14	02:34:04.410		0.93906			4
2025.05.14	02:34:05.777	0.93893				2
2025.05.14	02:34:07.406	0.93894				2
2025.05.14	02:34:13.082	0.93893	0.93907			6
2025.05.14	02:34:21.785	0.93892	0.93906			6
2025.05.14	02:34:22.148	0.93893	0.93907			6
2025.05.14	02:34:44.440		0.93906			4
2025.05.14	02:35:06.500	0.93893				2
2025.05.14	02:35:14.783		0.93907			4
2025.05.14	02:35:15.283	0.93895	0.93908			6
2025.05.14	02:35:17.324	0.93896				2
2025.05.14	02:35:30.270	0.93895				2
2025.05.14	02:35:34.728	0.93896				2
2025.05.14	02:35:35.037		0.93910			4
2025.05.14	02:35:41.297		0.93909			4
2025.05.14	02:35:44.873	0.93897				2
2025.05.14	02:35:45.828		0.93910			4
2025.05.14	02:35:46.384		0.93911			4
2025.05.14	02:35:53.145	0.93898				2
2025.05.14	02:35:55.224		0.93912			4
2025.05.14	02:35:55.527		0.93911			4
2025.05.14	02:35:56.422	0.93897				2
2025.05.14	02:36:01.191	0.93897	0.93910			6
2025.05.14	02:36:01.642	0.93895	0.93908			6
2025.05.14	02:36:02.114		0.93907			4
2025.05.14	02:36:02.433	0.93894				2
2025.05.14	02:36:04.375	0.93892	0.93906			6
2025.05.14	02:36:06.105	0.93895				2
2025.05.14	02:36:06.427	0.93892				2
2025.05.14	02:36:14.666	0.93895				2
2025.05.14	02:36:15.131		0.93907			4
2025.05.14	02:36:15.671	0.93894	0.93908			6
2025.05.14	02:36:17.191	0.93893	0.93907			6
2025.05.14	02:36:22.150	0.93894	0.93906			6
2025.05.14	02:36:24.141		0.93908			4
2025.05.14	02:36:24.841	0.93893	0.93907			6
2025.05.14	02:36:25.900	0.93892	0.93905			6
2025.05.14	02:36:26.220	0.93893	0.93906			6
2025.05.14	02:36:34.499	0.93894				2
2025.05.14	02:36:35.721	0.93893				2
2025.05.14	02:36:44.468		0.93905			4
2025.05.14	02:36:45.776		0.93906			4
2025.05.14	02:36:46.811	0.93892				2
2025.05.14	02:36:49.325	0.93893				2
2025.05.14	02:36:49.701	0.93896	0.93908			6
2025.05.14	02:36:50.991		0.93907			4
2025.05.14	02:36:51.349	0.93894	0.93906			6
2025.05.14	02:37:02.344	0.93894				2
2025.05.14	02:37:04.129		0.93907			4
2025.05.14	02:37:04.654	0.93893	0.93906			6
2025.05.14	02:37:05.663	0.93894				2
2025.05.14	02:37:12.397	0.93895	0.93907			6
2025.05.14	02:37:16.417	0.93894	0.93906			6
2025.05.14	02:37:17.103	0.93896	0.93907			6
2025.05.14	02:37:18.197	0.93894	0.93906			6
2025.05.14	02:37:22.342	0.93896	0.93909			6
2025.05.14	02:37:22.794	0.93897				2
2025.05.14	02:37:29.616	0.93896	0.93908			6
2025.05.14	02:37:37.816	0.93898				2
2025.05.14	02:37:40.093		0.93910			4
2025.05.14	02:37:43.401	0.93899	0.93911			6
2025.05.14	02:37:46.966	0.93901				2
2025.05.14	02:37:47.371	0.93898				2
2025.05.14	02:37:47.679	0.93899	0.93913			6
2025.05.14	02:37:48.451	0.93901	0.93914			6
2025.05.14	02:37:49.141	0.93902	0.93915			6
2025.05.14	02:37:58.048	0.93904				2
2025.05.14	02:37:59.248	0.93903	0.93917			6
2025.05.14	02:38:00.044	0.93903	0.93915			6
2025.05.14	02:38:02.297	0.93904	0.93917			6
2025.05.14	02:38:06.383	0.93903				2
2025.05.14	02:38:07.647	0.93904				2
2025.05.14	02:38:13.477	0.93905				2
2025.05.14	02:38:16.634		0.93918			4
2025.05.14	02:38:17.600		0.93917			4
2025.05.14	02:38:23.048		0.93916			4
2025.05.14	02:38:25.728	0.93903				2
2025.05.14	02:38:30.167	0.93902				2
2025.05.14	02:38:37.556	0.93903				2
2025.05.14	02:38:47.783		0.93917			4
2025.05.14	02:38:49.142		0.93916			4
2025.05.14	02:38:54.012	0.93904	0.93915			6
2025.05.14	02:38:57.350	0.93903	0.93917			6
2025.05.14	02:38:57.663	0.93906	0.93915			6
2025.05.14	02:38:57.979	0.93903				2
2025.05.14	02:38:58.657		0.93916			4
2025.05.14	02:39:00.349	0.93903				2
2025.05.14	02:39:04.996		0.93915			4
2025.05.14	02:39:16.680	0.93904				2
2025.05.14	02:39:22.688	0.93905	0.93917			6
2025.05.14	02:39:22.998	0.93904				2
2025.05.14	02:39:23.564	0.93905				2
2025.05.14	02:39:26.406	0.93908	0.93918			6
2025.05.14	02:39:26.730	0.93907				2
2025.05.14	02:39:34.598	0.93908				2
2025.05.14	02:39:46.354	0.93907				2
2025.05.14	02:39:47.306		0.93919			4
2025.05.14	02:39:47.622	0.93909	0.93920			6
2025.05.14	02:39:51.594	0.93912	0.93919			6
2025.05.14	02:39:52.350	0.93908				2
2025.05.14	02:39:57.946	0.93910	0.93918			6
2025.05.14	02:39:58.250	0.93906				2
2025.05.14	02:40:00.356	0.93905				2
2025.05.14	02:40:08.824		0.93917			4
2025.05.14	02:40:11.080	0.93906				2
2025.05.14	02:40:21.519		0.93918			4
2025.05.14	02:40:22.531	0.93907				2
2025.05.14	02:40:24.566		0.93917			4
2025.05.14	02:40:46.796	0.93909	0.93918			6
2025.05.14	02:40:49.025	0.93908				2
2025.05.14	02:41:00.294	0.93908				2
2025.05.14	02:41:03.553		0.93917			4
2025.05.14	02:41:05.119		0.93918			4
2025.05.14	02:41:05.490		0.93919			4
2025.05.14	02:41:09.992	0.93907				2
2025.05.14	02:41:13.621	0.93905				2
2025.05.14	02:41:14.044	0.93907				2
2025.05.14	02:41:17.608	0.93910	0.93924			6
2025.05.14	02:41:23.497	0.93912	0.93926			6
2025.05.14	02:41:26.508	0.93911	0.93925			6
2025.05.14	02:41:39.735	0.93912				2
2025.05.14	02:41:40.439	0.93911				2
2025.05.14	02:41:50.113	0.93909	0.93923			6
2025.05.14	02:42:00.534	0.93909				2
2025.05.14	02:42:01.675		0.93924			4
2025.05.14	02:42:02.064		0.93923			4
2025.05.14	02:42:11.775	0.93907	0.93918			6
2025.05.14	02:42:15.394	0.93910	0.93921			6
2025.05.14	02:42:16.140	0.93909				2
2025.05.14	02:42:16.452	0.93907				2
2025.05.14	02:42:17.318	0.93908				2
2025.05.14	02:42:17.649	0.93907	0.93920			6
2025.05.14	02:42:24.288		0.93921			4
2025.05.14	02:42:28.493	0.93913	0.93924			6
2025.05.14	02:42:33.383	0.93910				2
2025.05.14	02:42:34.304	0.93911	0.93922			6
2025.05.14	02:42:49.746	0.93912	0.93924			6
2025.05.14	02:42:51.539	0.93907	0.93921			6
2025.05.14	02:42:51.893	0.93909	0.93920			6
2025.05.14	02:42:52.408	0.93908				2
2025.05.14	02:42:55.557	0.93906	0.93917			6
2025.05.14	02:43:00.382	0.93910	0.93921			6
2025.05.14	02:43:00.750	0.93908				2
2025.05.14	02:43:01.158	0.93905	0.93918			6
2025.05.14	02:43:02.181	0.93910	0.93920			6
2025.05.14	02:43:02.515	0.93909	0.93921			6
2025.05.14	02:43:06.766	0.93908	0.93920			6
2025.05.14	02:43:08.856		0.93921			4
2025.05.14	02:43:12.047	0.93909				2
2025.05.14	02:43:25.225	0.93911				2
2025.05.14	02:43:25.876	0.93909				2
2025.05.14	02:43:29.251	0.93908				2
2025.05.14	02:43:31.609		0.93920			4
2025.05.14	02:43:37.341	0.93909	0.93919			6
2025.05.14	02:43:37.644		0.93918			4
2025.05.14	02:43:38.364	0.93908	0.93919			6
2025.05.14	02:43:38.725		0.93918			4
2025.05.14	02:43:41.737	0.93907				2
2025.05.14	02:43:44.133	0.93905				2
2025.05.14	02:43:45.707	0.93906				2
2025.05.14	02:43:49.808	0.93904				2
2025.05.14	02:43:51.850	0.93906				2
2025.05.14	02:43:52.154	0.93904				2
2025.05.14	02:43:53.935		0.93917			4
2025.05.14	02:43:55.209	0.93906				2
2025.05.14	02:44:00.410	0.93906				2
2025.05.14	02:44:01.198	0.93905				2
2025.05.14	02:44:02.585		0.93915			4
2025.05.14	02:44:07.213		0.93916			4
2025.05.14	02:44:17.105	0.93903	0.93915			6
2025.05.14	02:44:17.976	0.93905	0.93916			6
2025.05.14	02:44:21.792		0.93917			4
2025.05.14	02:44:22.184	0.93904				2
2025.05.14	02:44:38.199	0.93906	0.93918			6
2025.05.14	02:44:55.416	0.93905	0.93916			6
2025.05.14	02:44:56.773	0.93906				2
2025.05.14	02:44:58.023	0.93907	0.93917			6
2025.05.14	02:44:58.757	0.93906				2
2025.05.14	02:45:00.371	0.93906				2
2025.05.14	02:45:02.849	0.93908				2
2025.05.14	02:45:03.155	0.93910	0.93918			6
2025.05.14	02:45:03.470		0.93920			4
2025.05.14	02:45:05.700	0.93908				2
2025.05.14	02:45:07.752		0.93918			4
2025.05.14	02:45:14.908	0.93907				2
2025.05.14	02:45:15.213		0.93917			4
2025.05.14	02:45:15.862		0.93918			4
2025.05.14	02:45:16.888	0.93905				2
2025.05.14	02:45:17.842	0.93906				2
2025.05.14	02:45:23.463	0.93905	0.93919			6
2025.05.14	02:45:24.375	0.93906				2
2025.05.14	02:45:25.016	0.93908				2
2025.05.14	02:45:25.383	0.93905				2
2025.05.14	02:45:30.533	0.93908				2
2025.05.14	02:45:31.193	0.93907	0.93920			6
2025.05.14	02:45:32.411	0.93906				2
2025.05.14	02:45:34.106	0.93909				2
2025.05.14	02:45:35.856		0.93921			4
2025.05.14	02:45:40.541		0.93920			4
2025.05.14	02:45:42.055	0.93910	0.93922			6
2025.05.14	02:45:42.911		0.93921			4
2025.05.14	02:45:48.842	0.93908	0.93920			6
2025.05.14	02:45:49.962		0.93921			4
2025.05.14	02:45:51.071	0.93911				2
2025.05.14	02:45:53.451	0.93908	0.93920			6
2025.05.14	02:45:56.488	0.93912	0.93922			6
2025.05.14	02:45:57.086	0.93911	0.93923			6
2025.05.14	02:45:57.411		0.93921			4
2025.05.14	02:45:57.878		0.93923			4
2025.05.14	02:45:58.460	0.93909	0.93922			6
2025.05.14	02:45:59.888		0.93921			4
2025.05.14	02:46:00.282	0.93909				2
2025.05.14	02:46:01.656	0.93914	0.93924			6
2025.05.14	02:46:01.976	0.93912				2
2025.05.14	02:46:02.344	0.93908	0.93922			6
2025.05.14	02:46:02.659	0.93910	0.93924			6
2025.05.14	02:46:15.286	0.93911	0.93925			6
2025.05.14	02:46:16.344	0.93912				2
2025.05.14	02:46:16.753	0.93911				2
2025.05.14	02:46:19.694	0.93914	0.93927			6
2025.05.14	02:46:23.273	0.93910	0.93924			6
2025.05.14	02:46:26.941	0.93909	0.93923			6
2025.05.14	02:46:29.044	0.93911	0.93924			6
2025.05.14	02:46:29.378	0.93910	0.93923			6
2025.05.14	02:46:32.656	0.93909	0.93921			6
2025.05.14	02:46:38.711		0.93923			4
2025.05.14	02:46:42.424		0.93922			4
2025.05.14	02:46:54.156	0.93908	0.93920			6
2025.05.14	02:46:56.436	0.93909	0.93921			6
2025.05.14	02:46:56.774		0.93923			4
2025.05.14	02:47:00.889	0.93909				2
2025.05.14	02:47:04.133	0.93908	0.93921			6
2025.05.14	02:47:04.541		0.93922			4
2025.05.14	02:47:04.983	0.93902	0.93915			6
2025.05.14	02:47:13.629		0.93914			4
2025.05.14	02:47:14.345	0.93900				2
2025.05.14	02:47:14.692	0.93902	0.93916			6
2025.05.14	02:47:15.433		0.93915			4
2025.05.14	02:47:17.042		0.93916			4
2025.05.14	02:47:21.283	0.93901	0.93915			6
2025.05.14	02:47:21.781	0.93902	0.93916			6
2025.05.14	02:47:23.565	0.93900	0.93914			6
2025.05.14	02:47:26.103	0.93902				2
2025.05.14	02:47:26.591		0.93913			4
2025.05.14	02:47:28.730		0.93916			4
2025.05.14	02:47:29.993		0.93913			4
2025.05.14	02:47:35.778		0.93916			4
2025.05.14	02:47:37.896	0.93903	0.93917			6
2025.05.14	02:47:38.987		0.93914			4
2025.05.14	02:47:39.331		0.93916			4
2025.05.14	02:47:39.717	0.93902				2
2025.05.14	02:47:47.008	0.93901	0.93915			6
2025.05.14	02:47:52.732	0.93903	0.93916			6
2025.05.14	02:47:54.287		0.93915			4
2025.05.14	02:47:55.750		0.93914			4
2025.05.14	02:47:56.438		0.93917			4
2025.05.14	02:48:00.224	0.93903				2
2025.05.14	02:48:01.586		0.93916			4
2025.05.14	02:48:02.150	0.93902	0.93913			6
2025.05.14	02:48:02.470		0.93916			4
2025.05.14	02:48:06.302		0.93913			4
2025.05.14	02:48:08.002	0.93903				2
2025.05.14	02:48:09.116		0.93916			4
2025.05.14	02:48:14.677	0.93905	0.93914			6
2025.05.14	02:48:14.977	0.93903	0.93916			6
2025.05.14	02:48:16.619	0.93902				2
2025.05.14	02:48:24.901	0.93901	0.93915			6
2025.05.14	02:48:26.744	0.93899	0.93913			6
2025.05.14	02:48:32.488	0.93903	0.93917			6
2025.05.14	02:48:35.233	0.93901	0.93913			6
2025.05.14	02:48:35.541	0.93900	0.93911			6
2025.05.14	02:48:42.967	0.93901	0.93914			6
2025.05.14	02:48:50.270	0.93903	0.93913			6
2025.05.14	02:48:55.477	0.93901	0.93915			6
2025.05.14	02:48:55.780	0.93902	0.93916			6
2025.05.14	02:48:56.664		0.93913			4
2025.05.14	02:49:00.585	0.93902				2
2025.05.14	02:49:03.679		0.93916			4
2025.05.14	02:49:10.644	0.93901	0.93914			6
2025.05.14	02:49:11.680		0.93915			4
2025.05.14	02:49:13.384	0.93902	0.93913			6
2025.05.14	02:49:17.962		0.93914			4
2025.05.14	02:49:18.326		0.93913			4
2025.05.14	02:49:19.167	0.93901				2
2025.05.14	02:49:20.413	0.93903				2
2025.05.14	02:49:21.751		0.93914			4
2025.05.14	02:49:22.250		0.93913			4
2025.05.14	02:49:24.506		0.93914			4
2025.05.14	02:49:25.251		0.93913			4
2025.05.14	02:49:27.750		0.93914			4
2025.05.14	02:49:29.038		0.93913			4
2025.05.14	02:49:29.698	0.93902				2
2025.05.14	02:49:32.392		0.93914			4
2025.05.14	02:49:36.729		0.93913			4
2025.05.14	02:49:37.123		0.93914			4
2025.05.14	02:49:40.321		0.93913			4
2025.05.14	02:49:41.252		0.93912			4
2025.05.14	02:49:45.253		0.93913			4
2025.05.14	02:49:45.750		0.93912			4
2025.05.14	02:49:47.342		0.93913			4
2025.05.14	02:49:48.240		0.93914			4
2025.05.14	02:50:00.284	0.93899	0.93912			6
2025.05.14	02:50:00.598	0.93900	0.93914			6
2025.05.14	02:50:08.142	0.93902	0.93916			6
2025.05.14	02:50:16.318		0.93915			4
2025.05.14	02:50:18.291		0.93916			4
2025.05.14	02:50:20.102	0.93904	0.93919			6
2025.05.14	02:50:21.700	0.93905				2
2025.05.14	02:50:26.447	0.93902	0.93917			6
2025.05.14	02:50:28.402	0.93909	0.93925			6
2025.05.14	02:50:29.919	0.93908	0.93926			6
2025.05.14	02:50:37.409	0.93902	0.93920			6
2025.05.14	02:50:37.733	0.93903	0.93919			6
2025.05.14	02:50:46.368	0.93907	0.93921			6
2025.05.14	02:50:47.379		0.93923			4
2025.05.14	02:50:47.683	0.93906	0.93922			6
2025.05.14	02:50:50.364		0.93921			4
2025.05.14	02:51:03.468	0.93906				2
2025.05.14	02:51:04.747		0.93920			4
2025.05.14	02:51:10.228	0.93907	0.93922			6
2025.05.14	02:51:14.721		0.93920			4
2025.05.14	02:51:19.374	0.93906				2
2025.05.14	02:51:24.367	0.93909	0.93922			6
2025.05.14	02:51:29.697	0.93910	0.93924			6
2025.05.14	02:51:33.311	0.93911				2
2025.05.14	02:51:37.330	0.93909	0.93922			6
2025.05.14	02:51:40.330	0.93908				2
2025.05.14	02:51:43.465	0.93909				2
2025.05.14	02:51:52.373		0.93923			4
2025.05.14	02:51:52.699	0.93910				2
2025.05.14	02:51:53.005	0.93911	0.93925			6
2025.05.14	02:51:57.681	0.93909	0.93923			6
2025.05.14	02:51:58.634	0.93911	0.93925			6
2025.05.14	02:52:00.530	0.93910	0.93924			6
2025.05.14	02:52:03.379	0.93911				2
2025.05.14	02:52:05.108	0.93910	0.93923			6
2025.05.14	02:52:05.421	0.93908	0.93921			6
2025.05.14	02:52:05.723		0.93922			4
2025.05.14	02:52:08.786	0.93909				2
2025.05.14	02:52:11.327	0.93908	0.93919			6
2025.05.14	02:52:13.019		0.93920			4
2025.05.14	02:52:14.979	0.93907	0.93919			6
2025.05.14	02:52:18.835	0.93906				2
2025.05.14	02:52:30.697	0.93904	0.93918			6
2025.05.14	02:52:33.992	0.93905				2
2025.05.14	02:52:34.395	0.93903	0.93917			6
2025.05.14	02:52:48.529	0.93904				2
2025.05.14	02:52:58.508		0.93916			4
2025.05.14	02:53:00.355	0.93904				2
2025.05.14	02:53:00.726	0.93902				2
2025.05.14	02:53:01.585	0.93901	0.93915			6
2025.05.14	02:53:10.912	0.93902	0.93916			6
2025.05.14	02:53:11.519		0.93914			4
2025.05.14	02:53:14.288		0.93915			4
2025.05.14	02:53:16.257		0.93916			4
2025.05.14	02:53:20.377	0.93901	0.93914			6
2025.05.14	02:53:21.040		0.93915			4
2025.05.14	02:53:30.905		0.93914			4
2025.05.14	02:53:32.634	0.93900				2
2025.05.14	02:53:42.540	0.93901	0.93915			6
2025.05.14	02:54:00.317	0.93901				2
2025.05.14	02:54:01.291	0.93900	0.93914			6
2025.05.14	02:54:01.689	0.93901	0.93915			6
2025.05.14	02:54:03.370	0.93902	0.93916			6
2025.05.14	02:54:04.092	0.93901	0.93915			6
2025.05.14	02:54:17.667	0.93903	0.93917			6
2025.05.14	02:54:17.990	0.93902	0.93916			6
2025.05.14	02:54:27.474		0.93915			4
2025.05.14	02:54:31.465		0.93916			4
2025.05.14	02:54:31.786		0.93915			4
2025.05.14	02:54:32.400		0.93916			4
2025.05.14	02:54:51.252	0.93901	0.93914			6
2025.05.14	02:54:51.598	0.93899	0.93913			6
2025.05.14	02:54:51.920	0.93902	0.93916			6
2025.05.14	02:54:52.247	0.93901	0.93915			6
2025.05.14	02:54:54.836	0.93900	0.93914			6
2025.05.14	02:55:00.066	0.93900				2
2025.05.14	02:55:11.948	0.93899	0.93913			6
2025.05.14	02:55:12.311	0.93900	0.93914			6
2025.05.14	02:55:14.005	0.93899	0.93913			6
2025.05.14	02:55:17.788	0.93898	0.93912			6
2025.05.14	02:55:26.657	0.93896	0.93910			6
2025.05.14	02:55:30.758	0.93898				2
2025.05.14	02:55:31.060	0.93896				2
2025.05.14	02:55:31.361	0.93895	0.93909			6
2025.05.14	02:55:37.303	0.93896	0.93910			6
2025.05.14	02:55:46.613	0.93897	0.93911			6
2025.05.14	02:55:48.170		0.93910			4
2025.05.14	02:55:50.283	0.93896	0.93909			6
2025.05.14	02:56:05.166	0.93896				2
2025.05.14	02:56:17.133		0.93910			4
2025.05.14	02:56:23.563	0.93897				2
2025.05.14	02:56:24.180		0.93911			4
2025.05.14	02:56:26.376		0.93910			4
2025.05.14	02:56:31.727	0.93896				2
2025.05.14	02:56:33.370	0.93897				2
2025.05.14	02:56:34.190	0.93895	0.93908			6
2025.05.14	02:56:34.921	0.93896				2
2025.05.14	02:56:47.801	0.93895				2
2025.05.14	02:56:48.189	0.93896	0.93910			6
2025.05.14	02:56:48.504	0.93894	0.93908			6
2025.05.14	02:56:52.234	0.93895	0.93909			6
2025.05.14	02:56:59.042	0.93894	0.93908			6
2025.05.14	02:57:00.300	0.93895				2
2025.05.14	02:57:02.851	0.93894				2
2025.05.14	02:57:13.453	0.93893	0.93907			6
2025.05.14	02:57:25.699	0.93894	0.93908			6
2025.05.14	02:57:26.761	0.93893	0.93907			6
2025.05.14	02:57:29.495	0.93894				2
2025.05.14	02:57:37.188		0.93908			4
2025.05.14	02:57:37.489	0.93901	0.93913			6
2025.05.14	02:57:38.838	0.93904	0.93915			6
2025.05.14	02:57:39.716	0.93906				2
2025.05.14	02:57:42.091	0.93898	0.93911			6
2025.05.14	02:57:44.321	0.93899				2
2025.05.14	02:57:50.020	0.93902	0.93912			6
2025.05.14	02:57:50.368	0.93903	0.93916			6
2025.05.14	02:57:50.698	0.93902				2
2025.05.14	02:57:51.057	0.93901	0.93915			6
2025.05.14	02:57:53.606	0.93903				2
2025.05.14	02:57:54.414		0.93914			4
2025.05.14	02:57:58.875	0.93902				2
2025.05.14	02:58:00.594	0.93902				2
2025.05.14	02:58:04.477	0.93903				2
2025.05.14	02:58:05.335	0.93902				2
2025.05.14	02:58:06.477	0.93903				2
2025.05.14	02:58:11.732		0.93913			4
2025.05.14	02:58:14.674		0.93914			4
2025.05.14	02:58:16.420	0.93899	0.93910			6
2025.05.14	02:58:23.385		0.93911			4
2025.05.14	02:58:33.559	0.93901				2
2025.05.14	02:58:34.511	0.93902	0.93913			6
2025.05.14	02:58:35.256	0.93908	0.93916			6
2025.05.14	02:58:36.300	0.93906				2
2025.05.14	02:58:36.623	0.93908				2
2025.05.14	02:58:39.085	0.93907				2
2025.05.14	02:58:43.621		0.93917			4
2025.05.14	02:58:51.245	0.93906	0.93916			6
2025.05.14	02:58:51.559		0.93917			4
2025.05.14	02:58:53.303	0.93905				2
2025.05.14	02:58:54.923		0.93915			4
2025.05.14	02:59:00.585	0.93905				2
2025.05.14	02:59:01.982	0.93904	0.93914			6
2025.05.14	02:59:13.335	0.93903				2
2025.05.14	02:59:22.726	0.93899	0.93910			6
2025.05.14	02:59:24.672		0.93909			4
2025.05.14	02:59:25.129		0.93910			4
2025.05.14	02:59:26.138	0.93900				2
2025.05.14	02:59:26.866	0.93898	0.93908			6
2025.05.14	02:59:27.170	0.93899	0.93910			6
2025.05.14	02:59:27.478	0.93898	0.93908			6
2025.05.14	02:59:28.117	0.93903	0.93915			6
2025.05.14	02:59:29.867	0.93901				2
2025.05.14	02:59:31.425	0.93902				2
2025.05.14	02:59:32.301	0.93901				2
2025.05.14	02:59:32.643	0.93902				2
2025.05.14	02:59:35.557	0.93903	0.93917			6
2025.05.14	02:59:43.121	0.93902	0.93915			6
2025.05.14	02:59:45.279	0.93905	0.93916			6
2025.05.14	02:59:45.718	0.93904				2
2025.05.14	02:59:47.269	0.93903	0.93915			6
2025.05.14	02:59:48.095	0.93902				2
2025.05.14	02:59:48.428	0.93901				2
2025.05.14	02:59:48.931	0.93902				2
2025.05.14	02:59:49.250	0.93903				2
2025.05.14	02:59:54.824	0.93901				2
2025.05.14	02:59:55.377	0.93904				2
2025.05.14	02:59:55.734	0.93902				2
2025.05.14	02:59:56.343	0.93904				2
2025.05.14	02:59:57.846	0.93900	0.93912			6
2025.05.14	02:59:58.617	0.93901				2
2025.05.14	03:00:00.386	0.93900				2
2025.05.14	03:00:01.600	0.93899				2
2025.05.14	03:00:01.918	0.93902				2
2025.05.14	03:00:02.225	0.93900	0.93913			6
2025.05.14	03:00:02.668	0.93897	0.93909			6
2025.05.14	03:00:02.989	0.93896				2
2025.05.14	03:00:09.416	0.93897	0.93910			6
2025.05.14	03:00:09.781		0.93909			4
2025.05.14	03:00:11.811		0.93910			4
2025.05.14	03:00:12.683	0.93898	0.93912			6
2025.05.14	03:00:13.006	0.93896	0.93911			6
2025.05.14	03:00:13.320	0.93895	0.93910			6
2025.05.14	03:00:13.639	0.93894				2
2025.05.14	03:00:13.949		0.93908			4
2025.05.14	03:00:14.353	0.93896				2
2025.05.14	03:00:16.844	0.93893	0.93909			6
2025.05.14	03:00:17.158	0.93894				2
2025.05.14	03:00:17.530		0.93908			4
2025.05.14	03:00:17.855	0.93896				2
2025.05.14	03:00:20.662	0.93897	0.93909			6
2025.05.14	03:00:20.964	0.93894				2
2025.05.14	03:00:21.311	0.93897				2
2025.05.14	03:00:21.636	0.93894	0.93908			6
2025.05.14	03:00:22.254	0.93893	0.93907			6
2025.05.14	03:00:24.745	0.93895				2
2025.05.14	03:00:28.298	0.93891	0.93905			6
2025.05.14	03:00:29.569	0.93898	0.93910			6
2025.05.14	03:00:30.350	0.93897				2
2025.05.14	03:00:32.465	0.93895	0.93908			6
2025.05.14	03:00:33.093		0.93909			4
2025.05.14	03:00:34.355	0.93896	0.93908			6
2025.05.14	03:00:37.626	0.93897	0.93909			6
2025.05.14	03:00:38.025		0.93910			4
2025.05.14	03:00:38.533	0.93905	0.93917			6
2025.05.14	03:00:38.839	0.93908				2
2025.05.14	03:00:40.349		0.93918			4
2025.05.14	03:00:40.684	0.93909	0.93922			6
2025.05.14	03:00:41.592		0.93920			4
2025.05.14	03:00:42.973	0.93908				2
2025.05.14	03:00:44.810	0.93911	0.93923			6
2025.05.14	03:00:46.343		0.93924			4
2025.05.14	03:00:47.916	0.93913				2
2025.05.14	03:00:48.347		0.93923			4
2025.05.14	03:00:51.108	0.93909				2
2025.05.14	03:00:51.702	0.93910	0.93924			6
2025.05.14	03:00:53.216		0.93923			4
2025.05.14	03:00:53.850	0.93908	0.93922			6
2025.05.14	03:00:54.554	0.93906	0.93918			6
2025.05.14	03:00:55.591	0.93905	0.93917			6
2025.05.14	03:00:56.748	0.93906				2
2025.05.14	03:00:57.705	0.93905				2
2025.05.14	03:00:58.349	0.93906				2
2025.05.14	03:00:58.913	0.93905				2
2025.05.14	03:01:00.596	0.93906				2
2025.05.14	03:01:00.974	0.93907				2
2025.05.14	03:01:01.723	0.93906				2
2025.05.14	03:01:03.471	0.93907	0.93918			6
2025.05.14	03:01:04.909	0.93906				2
2025.05.14	03:01:07.503		0.93917			4
2025.05.14	03:01:11.248	0.93904	0.93915			6
2025.05.14	03:01:11.551	0.93905	0.93916			6
2025.05.14	03:01:12.567		0.93917			4
2025.05.14	03:01:13.017	0.93904	0.93916			6
2025.05.14	03:01:13.319	0.93906				2
2025.05.14	03:01:13.622	0.93905	0.93917			6
2025.05.14	03:01:14.578	0.93906	0.93920			6
2025.05.14	03:01:14.901	0.93913	0.93917			6
2025.05.14	03:01:15.509		0.93918			4
2025.05.14	03:01:16.273	0.93909				2
2025.05.14	03:01:17.300	0.93912				2
2025.05.14	03:01:18.063	0.93909	0.93917			6
2025.05.14	03:01:19.311	0.93910	0.93919			6
