<DATE>	<TIME>	<BID>	<ASK>	<LAST>	<VOLUME>	<FLAGS>
2025.06.12	00:03:30.493	0.94150	0.94290			6
2025.06.12	00:04:00.573	0.94150				2
2025.06.12	00:04:30.571		0.94290			4
2025.06.12	00:05:00.503	0.94150				2
2025.06.12	00:05:30.745		0.94290			4
2025.06.12	00:06:00.367	0.94150				2
2025.06.12	00:06:36.361		0.94290			4
2025.06.12	00:07:00.317	0.94150				2
2025.06.12	00:07:39.057		0.94290			4
2025.06.12	00:08:02.989	0.94150				2
2025.06.12	00:08:40.082		0.94290			4
2025.06.12	00:09:00.317	0.94150				2
2025.06.12	00:09:40.923		0.94290			4
2025.06.12	00:10:00.342	0.94150				2
2025.06.12	00:10:11.630	0.94116	0.94347			6
2025.06.12	00:10:52.580	0.94148	0.94291			6
2025.06.12	00:10:53.886	0.94150	0.94290			6
2025.06.12	00:10:59.081	0.94116	0.94347			6
2025.06.12	00:10:59.700	0.94150	0.94290			6
2025.06.12	00:11:00.084	0.94150				2
2025.06.12	00:11:04.018	0.94151				2
2025.06.12	00:11:04.319	0.94152				2
2025.06.12	00:11:04.639	0.94150				2
2025.06.12	00:11:04.943	0.94152				2
2025.06.12	00:11:05.878	0.94153				2
2025.06.12	00:11:06.414	0.94129	0.94334			6
2025.06.12	00:11:06.722	0.94138	0.94325			6
2025.06.12	00:11:07.028	0.94153	0.94290			6
2025.06.12	00:11:08.248	0.94151				2
2025.06.12	00:11:09.248	0.94150				2
2025.06.12	00:11:09.752	0.94151				2
2025.06.12	00:11:10.619	0.94150				2
2025.06.12	00:11:11.634	0.94153				2
2025.06.12	00:11:11.940	0.94150				2
2025.06.12	00:11:12.714	0.94153				2
2025.06.12	00:11:13.023	0.94129	0.94334			6
2025.06.12	00:11:13.648	0.94140	0.94320			6
2025.06.12	00:11:13.947	0.94150	0.94290			6
2025.06.12	00:11:14.700	0.94153				2
2025.06.12	00:11:15.018	0.94150				2
2025.06.12	00:11:16.657	0.94152				2
2025.06.12	00:11:16.959	0.94151				2
2025.06.12	00:11:17.278	0.94154				2
2025.06.12	00:11:17.579	0.94150				2
2025.06.12	00:11:20.315	0.94129	0.94334			6
2025.06.12	00:11:21.273	0.94151	0.94290			6
2025.06.12	00:11:21.578	0.94150				2
2025.06.12	00:11:27.424	0.94139	0.94321			6
2025.06.12	00:11:27.742	0.94141	0.94322			6
2025.06.12	00:11:28.346	0.94150	0.94290			6
2025.06.12	00:12:00.317	0.94150				2
2025.06.12	00:12:07.313	0.94151				2
2025.06.12	00:12:16.087	0.94152				2
2025.06.12	00:12:28.686		0.94290			4
2025.06.12	00:12:32.589	0.94153				2
2025.06.12	00:12:33.864	0.94160				2
2025.06.12	00:12:37.986	0.94161				2
2025.06.12	00:12:39.022		0.94291			4
2025.06.12	00:12:39.787	0.94160				2
2025.06.12	00:12:47.245	0.94161				2
2025.06.12	00:12:50.176	0.94156				2
2025.06.12	00:12:59.587	0.94157				2
2025.06.12	00:13:03.789	0.94157				2
2025.06.12	00:13:07.997	0.94158				2
2025.06.12	00:13:11.903	0.94168				2
2025.06.12	00:13:13.004	0.94166				2
2025.06.12	00:13:17.889	0.94167				2
2025.06.12	00:13:24.003	0.94168				2
2025.06.12	00:13:26.757	0.94171	0.94278			6
2025.06.12	00:13:37.094	0.94172				2
2025.06.12	00:13:37.404	0.94171				2
2025.06.12	00:13:37.706	0.94177	0.94277			6
2025.06.12	00:13:44.540	0.94156				2
2025.06.12	00:13:46.353		0.94291			4
2025.06.12	00:14:00.319	0.94156				2
2025.06.12	00:14:29.021		0.94290			4
2025.06.12	00:14:34.687	0.94155				2
2025.06.12	00:14:41.009	0.94156				2
2025.06.12	00:14:45.077	0.94154				2
2025.06.12	00:14:47.892	0.94155				2
2025.06.12	00:14:58.691	0.94152				2
2025.06.12	00:15:00.100	0.94153				2
2025.06.12	00:15:02.347	0.94152				2
2025.06.12	00:15:26.530	0.94153				2
2025.06.12	00:15:27.787	0.94154				2
2025.06.12	00:15:30.193		0.94290			4
2025.06.12	00:15:30.880	0.94153				2
2025.06.12	00:16:00.317	0.94153				2
2025.06.12	00:16:04.148	0.94140	0.94276			6
2025.06.12	00:16:08.890		0.94275			4
2025.06.12	00:16:12.687		0.94274			4
2025.06.12	00:16:15.486		0.94275			4
2025.06.12	00:16:22.130		0.94274			4
2025.06.12	00:16:23.738		0.94268			4
2025.06.12	00:16:34.619		0.94267			4
2025.06.12	00:16:48.786		0.94266			4
2025.06.12	00:16:53.596	0.94138	0.94255			6
2025.06.12	00:16:56.354		0.94254			4
2025.06.12	00:16:58.046		0.94253			4
2025.06.12	00:17:01.013	0.94138	0.94252			6
2025.06.12	00:17:05.283		0.94254			4
2025.06.12	00:17:06.753		0.94262			4
2025.06.12	00:17:09.234		0.94263			4
2025.06.12	00:17:11.029		0.94262			4
2025.06.12	00:17:13.898		0.94261			4
2025.06.12	00:17:20.105		0.94263			4
2025.06.12	00:17:33.186		0.94262			4
2025.06.12	00:17:39.276	0.94140				2
2025.06.12	00:17:53.664		0.94261			4
2025.06.12	00:17:58.089		0.94260			4
2025.06.12	00:18:00.187	0.94140				2
2025.06.12	00:18:06.756		0.94252			4
2025.06.12	00:18:09.846		0.94253			4
2025.06.12	00:18:10.186		0.94252			4
2025.06.12	00:18:11.193		0.94253			4
2025.06.12	00:18:12.191		0.94252			4
2025.06.12	00:18:15.186		0.94253			4
2025.06.12	00:18:20.243		0.94252			4
2025.06.12	00:18:22.268		0.94248			4
2025.06.12	00:18:23.665		0.94247			4
2025.06.12	00:18:27.599		0.94246			4
2025.06.12	00:18:34.276	0.94138				2
2025.06.12	00:18:45.488		0.94245			4
2025.06.12	00:18:47.192		0.94271			4
2025.06.12	00:18:48.358		0.94267			4
2025.06.12	00:18:48.785		0.94255			4
2025.06.12	00:18:49.699	0.94159	0.94320			6
2025.06.12	00:18:54.968	0.94160				2
2025.06.12	00:19:00.190	0.94161				2
2025.06.12	00:19:01.086		0.94291			4
2025.06.12	00:19:04.818		0.94290			4
2025.06.12	00:19:07.871		0.94291			4
2025.06.12	00:19:08.185	0.94158	0.94293			6
2025.06.12	00:19:09.492	0.94160	0.94291			6
2025.06.12	00:19:09.807		0.94292			4
2025.06.12	00:19:15.790	0.94159				2
2025.06.12	00:19:19.008	0.94158	0.94293			6
2025.06.12	00:19:26.888	0.94159				2
2025.06.12	00:19:33.193	0.94158				2
2025.06.12	00:19:44.552		0.94294			4
2025.06.12	00:19:48.302	0.94154	0.94297			6
2025.06.12	00:19:51.711	0.94152	0.94299			6
2025.06.12	00:19:52.354	0.94156	0.94296			6
2025.06.12	00:19:52.988	0.94163	0.94300			6
2025.06.12	00:20:00.315	0.94163				2
2025.06.12	00:20:03.196	0.94162	0.94301			6
2025.06.12	00:20:03.721	0.94163	0.94300			6
2025.06.12	00:20:05.279	0.94162				2
2025.06.12	00:20:11.288	0.94144	0.94292			6
2025.06.12	00:20:14.055	0.94148	0.94288			6
2025.06.12	00:20:15.096	0.94149	0.94287			6
2025.06.12	00:20:15.647	0.94162	0.94301			6
2025.06.12	00:20:17.003	0.94160	0.94302			6
2025.06.12	00:20:18.313	0.94161				2
2025.06.12	00:20:26.154	0.94152	0.94303			6
2025.06.12	00:20:26.458	0.94153				2
2025.06.12	00:20:59.891	0.94119	0.94275			6
2025.06.12	00:21:00.316	0.94119				2
2025.06.12	00:21:01.063	0.94123	0.94270			6
2025.06.12	00:21:02.850		0.94271			4
2025.06.12	00:21:21.028	0.94122	0.94272			6
2025.06.12	00:21:34.925	0.94123	0.94271			6
2025.06.12	00:21:44.168	0.94126	0.94269			6
2025.06.12	00:21:53.287	0.94125	0.94270			6
2025.06.12	00:22:00.089	0.94125				2
2025.06.12	00:22:03.210	0.94145	0.94269			6
2025.06.12	00:22:04.352	0.94151				2
2025.06.12	00:22:04.837	0.94147				2
2025.06.12	00:23:00.053	0.94147				2
2025.06.12	00:23:02.987		0.94266			4
2025.06.12	00:24:00.191	0.94147				2
2025.06.12	00:24:04.047		0.94266			4
2025.06.12	00:24:15.202		0.94264			4
2025.06.12	00:24:16.903		0.94265			4
2025.06.12	00:24:18.050		0.94266			4
2025.06.12	00:24:18.477		0.94265			4
2025.06.12	00:24:19.859		0.94264			4
2025.06.12	00:24:22.089		0.94265			4
2025.06.12	00:24:25.685		0.94264			4
2025.06.12	00:24:38.287		0.94263			4
2025.06.12	00:24:39.229		0.94264			4
2025.06.12	00:24:41.286		0.94265			4
2025.06.12	00:24:49.087		0.94264			4
2025.06.12	00:25:00.306	0.94147				2
2025.06.12	00:25:00.859		0.94263			4
2025.06.12	00:25:07.393		0.94262			4
2025.06.12	00:25:14.564	0.94144	0.94261			6
2025.06.12	00:25:18.477		0.94260			4
2025.06.12	00:25:31.524		0.94262			4
2025.06.12	00:25:34.991		0.94261			4
2025.06.12	00:25:36.787		0.94262			4
2025.06.12	00:25:38.899		0.94263			4
2025.06.12	00:25:48.476		0.94262			4
2025.06.12	00:25:51.143		0.94261			4
2025.06.12	00:26:00.492	0.94144				2
2025.06.12	00:26:01.917		0.94266			4
2025.06.12	00:26:03.215		0.94267			4
2025.06.12	00:26:04.084	0.94175				2
2025.06.12	00:26:09.193	0.94181				2
2025.06.12	00:26:11.407		0.94295			4
2025.06.12	00:26:18.441	0.94173				2
2025.06.12	00:26:19.022	0.94174	0.94314			6
2025.06.12	00:26:19.389		0.94316			4
2025.06.12	00:26:21.474	0.94173				2
2025.06.12	00:26:22.040		0.94320			4
2025.06.12	00:26:39.373	0.94172				2
2025.06.12	00:26:41.142	0.94173				2
2025.06.12	00:27:00.789	0.94173				2
2025.06.12	00:27:12.787	0.94174				2
2025.06.12	00:27:14.209	0.94175				2
2025.06.12	00:27:17.198	0.94176				2
2025.06.12	00:27:19.022		0.94316			4
2025.06.12	00:27:20.598	0.94174				2
2025.06.12	00:27:21.469	0.94173				2
2025.06.12	00:27:23.535	0.94174				2
2025.06.12	00:27:24.197	0.94173				2
2025.06.12	00:27:41.891	0.94174				2
2025.06.12	00:27:44.241	0.94175				2
2025.06.12	00:27:52.654	0.94174				2
2025.06.12	00:27:54.195	0.94173				2
2025.06.12	00:27:56.590	0.94172				2
2025.06.12	00:27:59.190	0.94173				2
2025.06.12	00:28:00.315	0.94173				2
2025.06.12	00:28:02.533	0.94182				2
2025.06.12	00:28:02.887	0.94181				2
2025.06.12	00:28:10.398	0.94182				2
2025.06.12	00:28:12.277	0.94181				2
2025.06.12	00:28:17.196	0.94182				2
2025.06.12	00:28:19.021		0.94315			4
2025.06.12	00:28:24.232		0.94320			4
2025.06.12	00:28:25.565	0.94176				2
2025.06.12	00:28:26.408		0.94316			4
2025.06.12	00:28:33.486	0.94177				2
2025.06.12	00:28:49.857	0.94176				2
2025.06.12	00:28:52.722	0.94172				2
2025.06.12	00:29:00.401	0.94173				2
2025.06.12	00:29:00.789	0.94175				2
2025.06.12	00:29:01.141	0.94174				2
2025.06.12	00:29:01.848	0.94172				2
2025.06.12	00:29:02.195	0.94176				2
2025.06.12	00:29:03.187	0.94177				2
2025.06.12	00:29:09.863	0.94176				2
2025.06.12	00:29:17.854	0.94178				2
2025.06.12	00:29:21.222	0.94182				2
2025.06.12	00:29:26.407		0.94314			4
2025.06.12	00:29:30.866	0.94183				2
2025.06.12	00:29:36.265	0.94182				2
2025.06.12	00:29:39.196	0.94181				2
2025.06.12	00:29:47.195	0.94182				2
2025.06.12	00:30:00.384	0.94183				2
2025.06.12	00:30:10.916		0.94309			4
2025.06.12	00:30:13.289	0.94182				2
2025.06.12	00:30:35.589	0.94183				2
2025.06.12	00:30:37.645	0.94182				2
2025.06.12	00:30:41.185	0.94181				2
2025.06.12	00:30:44.456	0.94182				2
2025.06.12	00:31:00.360	0.94182				2
2025.06.12	00:31:02.196	0.94183				2
2025.06.12	00:31:06.111		0.94312			4
2025.06.12	00:31:24.195	0.94182				2
2025.06.12	00:31:52.345	0.94183				2
2025.06.12	00:32:01.117	0.94183	0.94314			6
2025.06.12	00:32:56.114		0.94307			4
2025.06.12	00:32:59.406	0.94185				2
2025.06.12	00:33:02.294	0.94185				2
2025.06.12	00:33:05.318	0.94183				2
2025.06.12	00:33:09.196	0.94182				2
2025.06.12	00:33:10.520	0.94186	0.94314			6
2025.06.12	00:33:26.254	0.94189				2
2025.06.12	00:33:30.288	0.94187				2
2025.06.12	00:33:32.199	0.94188				2
2025.06.12	00:33:35.557	0.94189				2
2025.06.12	00:33:36.190	0.94188				2
2025.06.12	00:33:51.966	0.94200				2
2025.06.12	00:33:52.358	0.94204				2
2025.06.12	00:33:58.563	0.94205	0.94313			6
2025.06.12	00:33:59.704	0.94204				2
2025.06.12	00:34:01.092	0.94204				2
2025.06.12	00:34:01.414		0.94300			4
2025.06.12	00:34:07.090	0.94205				2
2025.06.12	00:34:21.842	0.94202				2
2025.06.12	00:34:23.100	0.94191				2
2025.06.12	00:34:23.643	0.94192				2
2025.06.12	00:34:26.354		0.94313			4
2025.06.12	00:34:38.144	0.94191				2
2025.06.12	00:34:40.162	0.94190				2
2025.06.12	00:34:53.096	0.94188				2
2025.06.12	00:35:08.241	0.94188				2
2025.06.12	00:35:09.016	0.94197				2
2025.06.12	00:35:11.811		0.94306			4
2025.06.12	00:35:12.922	0.94196				2
2025.06.12	00:35:24.059	0.94197				2
2025.06.12	00:35:27.113	0.94198				2
2025.06.12	00:35:28.692	0.94197				2
2025.06.12	00:35:44.293	0.94198				2
2025.06.12	00:35:44.795	0.94196				2
2025.06.12	00:35:46.171	0.94197				2
2025.06.12	00:35:51.305	0.94196				2
2025.06.12	00:36:00.201	0.94196				2
2025.06.12	00:36:01.305	0.94198				2
2025.06.12	00:36:04.249	0.94197				2
2025.06.12	00:36:06.314	0.94196				2
2025.06.12	00:36:11.810		0.94301			4
2025.06.12	00:36:19.987	0.94195				2
2025.06.12	00:36:21.306	0.94193				2
2025.06.12	00:36:25.085	0.94194				2
2025.06.12	00:36:28.488	0.94193				2
2025.06.12	00:36:30.241	0.94194				2
2025.06.12	00:36:56.880	0.94195				2
2025.06.12	00:37:01.171	0.94195				2
2025.06.12	00:37:11.949		0.94301			4
2025.06.12	00:37:38.424	0.94200				2
2025.06.12	00:37:39.526	0.94202				2
2025.06.12	00:37:56.547	0.94204				2
2025.06.12	00:38:01.388	0.94204				2
2025.06.12	00:38:06.310	0.94202				2
2025.06.12	00:38:09.790	0.94203				2
2025.06.12	00:38:11.811		0.94302			4
2025.06.12	00:38:16.096	0.94200				2
2025.06.12	00:38:28.091	0.94201				2
2025.06.12	00:38:31.469	0.94206				2
2025.06.12	00:38:47.405	0.94205				2
2025.06.12	00:38:52.387	0.94204				2
2025.06.12	00:38:56.881	0.94206				2
2025.06.12	00:38:59.587	0.94207				2
2025.06.12	00:39:00.566	0.94207				2
2025.06.12	00:39:11.812		0.94301			4
2025.06.12	00:39:32.659	0.94205				2
2025.06.12	00:39:37.460	0.94206				2
2025.06.12	00:39:41.881	0.94207				2
2025.06.12	00:39:49.842	0.94203				2
2025.06.12	00:39:55.388	0.94188				2
2025.06.12	00:39:56.755	0.94191				2
2025.06.12	00:40:00.566	0.94186				2
2025.06.12	00:40:01.392	0.94190				2
2025.06.12	00:40:01.895	0.94191				2
2025.06.12	00:40:10.222	0.94188				2
2025.06.12	00:40:11.810	0.94186				2
2025.06.12	00:40:12.491	0.94188	0.94301			6
2025.06.12	00:40:13.036	0.94186				2
2025.06.12	00:40:16.299	0.94184				2
2025.06.12	00:40:16.688	0.94187				2
2025.06.12	00:40:19.466	0.94184				2
2025.06.12	00:40:23.288	0.94185				2
2025.06.12	00:40:26.286	0.94186				2
2025.06.12	00:40:28.087	0.94185				2
2025.06.12	00:40:31.514	0.94191				2
2025.06.12	00:40:32.572	0.94187				2
2025.06.12	00:40:38.887	0.94185				2
2025.06.12	00:40:46.314	0.94190				2
2025.06.12	00:40:46.689	0.94189				2
2025.06.12	00:40:49.827	0.94188				2
2025.06.12	00:40:50.288	0.94185				2
2025.06.12	00:41:00.788	0.94186				2
2025.06.12	00:41:01.361	0.94184				2
2025.06.12	00:41:01.689	0.94190				2
2025.06.12	00:41:02.349	0.94191				2
2025.06.12	00:41:02.670	0.94190				2
2025.06.12	00:41:03.099	0.94191				2
2025.06.12	00:41:03.933	0.94189				2
2025.06.12	00:41:06.600	0.94190				2
2025.06.12	00:41:12.192	0.94188				2
2025.06.12	00:41:14.287	0.94191	0.94301			6
2025.06.12	00:41:23.287	0.94189				2
2025.06.12	00:41:26.885	0.94188				2
2025.06.12	00:41:33.124	0.94187				2
2025.06.12	00:41:33.488	0.94191				2
2025.06.12	00:41:34.355	0.94188				2
2025.06.12	00:41:49.985	0.94190				2
2025.06.12	00:41:58.688	0.94191				2
2025.06.12	00:42:00.315	0.94191				2
2025.06.12	00:42:06.023	0.94184				2
2025.06.12	00:42:14.838		0.94301			4
2025.06.12	00:42:25.199	0.94185				2
2025.06.12	00:42:36.905	0.94184				2
2025.06.12	00:43:00.575	0.94184				2
2025.06.12	00:43:16.909		0.94301			4
2025.06.12	00:43:51.431	0.94125	0.94312			6
2025.06.12	00:43:51.800	0.94136	0.94319			6
2025.06.12	00:43:52.102	0.94100	0.94308			6
2025.06.12	00:43:52.802		0.94309			4
2025.06.12	00:43:53.191	0.94102	0.94310			6
2025.06.12	00:43:53.500	0.94116	0.94301			6
2025.06.12	00:43:53.835	0.94127	0.94299			6
2025.06.12	00:43:54.178	0.94118	0.94300			6
2025.06.12	00:43:54.482	0.94112	0.94299			6
2025.06.12	00:43:54.786	0.94121	0.94290			6
2025.06.12	00:43:55.100	0.94123	0.94293			6
2025.06.12	00:43:55.408	0.94118	0.94292			6
2025.06.12	00:43:55.735	0.94120	0.94287			6
2025.06.12	00:43:56.039	0.94110	0.94295			6
2025.06.12	00:43:56.438	0.94106	0.94296			6
2025.06.12	00:43:56.812	0.94105				2
2025.06.12	00:43:57.186	0.94111	0.94295			6
2025.06.12	00:43:57.488	0.94119	0.94285			6
2025.06.12	00:43:57.942	0.94121	0.94283			6
2025.06.12	00:43:58.690	0.94114	0.94294			6
2025.06.12	00:43:59.069	0.94123	0.94284			6
2025.06.12	00:43:59.507		0.94286			4
2025.06.12	00:44:00.105	0.94130	0.94277			6
2025.06.12	00:44:00.418	0.94122	0.94285			6
2025.06.12	00:44:00.788		0.94288			4
2025.06.12	00:44:01.099	0.94127	0.94284			6
2025.06.12	00:44:01.867	0.94124	0.94281			6
2025.06.12	00:44:04.006	0.94141	0.94297			6
2025.06.12	00:44:04.386	0.94139	0.94296			6
2025.06.12	00:44:05.285	0.94113	0.94283			6
2025.06.12	00:44:08.096	0.94114	0.94281			6
2025.06.12	00:44:10.069	0.94113	0.94282			6
2025.06.12	00:44:10.880	0.94114	0.94281			6
2025.06.12	00:44:11.288	0.94121				2
2025.06.12	00:44:21.098	0.94143	0.94297			6
2025.06.12	00:44:21.487	0.94120	0.94283			6
2025.06.12	00:44:21.933	0.94117	0.94286			6
2025.06.12	00:44:24.488	0.94118				2
2025.06.12	00:44:29.397	0.94105	0.94284			6
2025.06.12	00:44:29.888	0.94102				2
2025.06.12	00:44:38.039	0.94166	0.94320			6
2025.06.12	00:44:38.364	0.94168				2
2025.06.12	00:44:39.057	0.94173				2
2025.06.12	00:44:39.719	0.94174				2
2025.06.12	00:44:40.508	0.94171				2
2025.06.12	00:44:42.558	0.94165				2
2025.06.12	00:44:45.889	0.94148	0.94308			6
2025.06.12	00:44:47.347		0.94307			4
2025.06.12	00:44:48.356		0.94303			4
2025.06.12	00:44:48.792	0.94150				2
2025.06.12	00:44:59.716	0.94148	0.94308			6
2025.06.12	00:45:00.297	0.94148	0.94310			6
2025.06.12	00:45:02.191	0.94165	0.94332			6
2025.06.12	00:45:04.614	0.94152	0.94310			6
2025.06.12	00:45:08.898	0.94170	0.94292			6
2025.06.12	00:45:15.263		0.94290			4
2025.06.12	00:45:15.697		0.94289			4
2025.06.12	00:45:17.584		0.94291			4
2025.06.12	00:45:21.099		0.94289			4
2025.06.12	00:45:22.700	0.94161	0.94294			6
2025.06.12	00:45:23.094		0.94297			4
2025.06.12	00:45:23.705	0.94153	0.94300			6
2025.06.12	00:45:24.103	0.94154	0.94296			6
2025.06.12	00:45:25.222	0.94163	0.94276			6
2025.06.12	00:45:25.898	0.94175	0.94280			6
2025.06.12	00:45:26.219	0.94157	0.94272			6
2025.06.12	00:45:26.925	0.94158	0.94269			6
2025.06.12	00:45:27.239	0.94164	0.94273			6
2025.06.12	00:45:27.651	0.94161	0.94272			6
2025.06.12	00:45:27.959	0.94167	0.94271			6
2025.06.12	00:45:28.266		0.94270			4
2025.06.12	00:45:28.933	0.94163	0.94269			6
2025.06.12	00:45:29.296		0.94276			4
2025.06.12	00:45:29.795		0.94279			4
2025.06.12	00:45:30.314	0.94170	0.94273			6
2025.06.12	00:45:30.619	0.94162	0.94274			6
2025.06.12	00:45:31.029	0.94168	0.94268			6
2025.06.12	00:45:31.717	0.94158	0.94278			6
2025.06.12	00:45:32.717	0.94157	0.94271			6
2025.06.12	00:45:33.092		0.94272			4
2025.06.12	00:45:34.722		0.94263			4
2025.06.12	00:45:35.039	0.94164	0.94277			6
2025.06.12	00:45:35.472		0.94276			4
2025.06.12	00:45:35.778		0.94282			4
2025.06.12	00:45:37.100		0.94276			4
2025.06.12	00:45:37.628		0.94257			4
2025.06.12	00:45:38.107	0.94165				2
2025.06.12	00:46:00.414	0.94165				2
2025.06.12	00:46:03.712	0.94189				2
2025.06.12	00:46:04.088	0.94190				2
2025.06.12	00:46:05.764	0.94191				2
2025.06.12	00:46:06.410		0.94262			4
2025.06.12	00:46:19.689	0.94192				2
2025.06.12	00:46:31.306	0.94194				2
2025.06.12	00:46:45.108	0.94191				2
2025.06.12	00:46:48.788	0.94192				2
2025.06.12	00:46:49.600	0.94195				2
2025.06.12	00:46:52.387	0.94196				2
2025.06.12	00:46:53.473	0.94195				2
2025.06.12	00:46:59.288	0.94196				2
2025.06.12	00:47:00.112	0.94197				2
2025.06.12	00:47:02.209	0.94201	0.94297			6
2025.06.12	00:47:03.445	0.94202				2
2025.06.12	00:47:04.657	0.94197	0.94262			6
2025.06.12	00:47:14.589	0.94198				2
2025.06.12	00:47:16.987	0.94197				2
2025.06.12	00:47:22.689	0.94194				2
2025.06.12	00:47:32.886	0.94195				2
2025.06.12	00:47:52.688	0.94196				2
2025.06.12	00:47:54.522	0.94204				2
2025.06.12	00:47:58.686	0.94205				2
2025.06.12	00:48:00.116	0.94206				2
2025.06.12	00:48:01.407		0.94267			4
2025.06.12	00:48:02.887	0.94207				2
2025.06.12	00:48:13.296	0.94208				2
2025.06.12	00:48:17.646	0.94213				2
2025.06.12	00:48:21.811		0.94272			4
2025.06.12	00:48:28.078	0.94212				2
2025.06.12	00:48:30.111	0.94214				2
2025.06.12	00:48:33.191	0.94215				2
2025.06.12	00:48:40.817	0.94213				2
2025.06.12	00:48:42.789	0.94214				2
2025.06.12	00:48:45.861	0.94212				2
2025.06.12	00:48:46.878	0.94182				2
2025.06.12	00:48:49.598	0.94179	0.94261			6
2025.06.12	00:49:00.188	0.94179				2
2025.06.12	00:49:51.017		0.94261			4
2025.06.12	00:50:00.318	0.94179				2
2025.06.12	00:50:26.396	0.94174				2
2025.06.12	00:50:27.187	0.94171				2
2025.06.12	00:50:27.626	0.94170				2
2025.06.12	00:50:42.487	0.94171				2
2025.06.12	00:50:50.042		0.94274			4
2025.06.12	00:50:51.492		0.94273			4
2025.06.12	00:50:54.646	0.94170	0.94275			6
2025.06.12	00:50:57.632	0.94169	0.94276			6
2025.06.12	00:50:58.070	0.94170	0.94275			6
2025.06.12	00:51:01.986	0.94170				2
2025.06.12	00:51:03.958	0.94171	0.94274			6
2025.06.12	00:51:12.614	0.94170				2
2025.06.12	00:51:14.288	0.94171				2
2025.06.12	00:51:24.679	0.94170	0.94275			6
2025.06.12	00:51:28.542	0.94169	0.94276			6
2025.06.12	00:51:29.553	0.94173	0.94275			6
2025.06.12	00:51:30.041	0.94171	0.94276			6
2025.06.12	00:51:30.406	0.94173	0.94275			6
2025.06.12	00:51:32.688	0.94172	0.94276			6
2025.06.12	00:51:36.378	0.94173	0.94275			6
2025.06.12	00:51:43.086		0.94274			4
2025.06.12	00:51:48.963	0.94174	0.94273			6
2025.06.12	00:51:54.486	0.94175	0.94272			6
2025.06.12	00:51:57.790		0.94273			4
2025.06.12	00:52:00.915	0.94175				2
2025.06.12	00:52:04.689	0.94174				2
2025.06.12	00:52:05.083	0.94175				2
2025.06.12	00:52:05.585	0.94176				2
2025.06.12	00:52:06.357	0.94175				2
2025.06.12	00:52:07.574	0.94174				2
2025.06.12	00:52:07.881		0.94274			4
2025.06.12	00:52:08.217	0.94175	0.94273			6
2025.06.12	00:52:10.988	0.94176				2
2025.06.12	00:52:24.748	0.94175	0.94274			6
2025.06.12	00:52:27.790	0.94177				2
2025.06.12	00:52:33.965	0.94178	0.94273			6
2025.06.12	00:52:35.438	0.94177	0.94275			6
2025.06.12	00:52:37.387		0.94274			4
2025.06.12	00:52:45.189	0.94173				2
2025.06.12	00:52:51.340		0.94273			4
2025.06.12	00:52:53.985		0.94274			4
2025.06.12	00:53:03.963	0.94174	0.94273			6
2025.06.12	00:53:05.294	0.94173				2
2025.06.12	00:53:06.787	0.94174				2
2025.06.12	00:53:11.891	0.94173	0.94272			6
2025.06.12	00:53:20.286	0.94172	0.94274			6
2025.06.12	00:53:22.686	0.94171				2
2025.06.12	00:53:26.887	0.94172				2
2025.06.12	00:53:29.624	0.94174	0.94271			6
2025.06.12	00:53:33.487	0.94173	0.94272			6
2025.06.12	00:53:35.434	0.94171	0.94274			6
2025.06.12	00:53:36.903	0.94172				2
2025.06.12	00:53:39.641	0.94171	0.94275			6
2025.06.12	00:53:41.323		0.94274			4
2025.06.12	00:53:48.969	0.94172	0.94273			6
2025.06.12	00:53:50.438	0.94177	0.94269			6
2025.06.12	00:53:51.139	0.94176	0.94270			6
2025.06.12	00:54:00.570	0.94176				2
2025.06.12	00:54:05.439	0.94170	0.94271			6
2025.06.12	00:54:06.788		0.94272			4
2025.06.12	00:54:08.889	0.94171				2
2025.06.12	00:54:13.687		0.94271			4
2025.06.12	00:54:18.098	0.94170	0.94272			6
2025.06.12	00:54:19.689	0.94171	0.94271			6
2025.06.12	00:54:20.441	0.94169	0.94273			6
2025.06.12	00:54:21.489	0.94170	0.94272			6
2025.06.12	00:54:24.644	0.94172	0.94270			6
2025.06.12	00:54:30.525	0.94171	0.94271			6
2025.06.12	00:54:31.746	0.94173	0.94270			6
2025.06.12	00:54:33.488	0.94172				2
2025.06.12	00:54:35.136	0.94171	0.94271			6
2025.06.12	00:54:35.445	0.94172	0.94270			6
2025.06.12	00:54:38.636	0.94171	0.94271			6
2025.06.12	00:54:39.708	0.94172				2
2025.06.12	00:54:42.164	0.94169	0.94273			6
2025.06.12	00:54:53.644	0.94171	0.94271			6
2025.06.12	00:54:54.236	0.94164	0.94275			6
2025.06.12	00:54:55.164		0.94272			4
2025.06.12	00:54:57.087	0.94150	0.94258			6
2025.06.12	00:55:00.387	0.94150				2
2025.06.12	00:55:04.833	0.94179				2
2025.06.12	00:55:06.686	0.94188				2
2025.06.12	00:55:07.633	0.94180				2
2025.06.12	00:55:08.251	0.94169				2
2025.06.12	00:55:08.617	0.94172				2
2025.06.12	00:55:12.070	0.94168				2
2025.06.12	00:55:13.066	0.94169				2
2025.06.12	00:55:13.533	0.94167				2
2025.06.12	00:55:14.171	0.94166				2
2025.06.12	00:55:18.669	0.94169				2
2025.06.12	00:55:19.026	0.94168				2
2025.06.12	00:55:22.439	0.94183				2
2025.06.12	00:55:24.372	0.94165				2
2025.06.12	00:55:25.078	0.94172	0.94268			6
2025.06.12	00:55:25.408	0.94185	0.94267			6
2025.06.12	00:55:26.708		0.94268			4
2025.06.12	00:55:31.087	0.94187	0.94269			6
2025.06.12	00:55:31.978	0.94185	0.94271			6
2025.06.12	00:55:33.367	0.94184				2
2025.06.12	00:55:34.027	0.94186				2
2025.06.12	00:55:34.372	0.94189	0.94269			6
2025.06.12	00:55:36.351	0.94192	0.94271			6
2025.06.12	00:55:41.612	0.94191				2
2025.06.12	00:55:42.236	0.94190				2
2025.06.12	00:55:42.751	0.94191				2
2025.06.12	00:55:43.142	0.94189				2
2025.06.12	00:55:45.489	0.94197				2
2025.06.12	00:55:47.806	0.94196				2
2025.06.12	00:55:56.586	0.94194				2
2025.06.12	00:56:00.082	0.94194				2
2025.06.12	00:56:00.392	0.94196				2
2025.06.12	00:56:06.357	0.94195				2
2025.06.12	00:56:11.745	0.94189				2
2025.06.12	00:56:15.706	0.94196				2
2025.06.12	00:56:16.018	0.94175				2
2025.06.12	00:56:16.377	0.94178				2
2025.06.12	00:56:16.685	0.94175				2
2025.06.12	00:56:17.576	0.94187				2
2025.06.12	00:56:17.886	0.94175				2
2025.06.12	00:56:21.173	0.94198				2
2025.06.12	00:56:23.183	0.94191				2
2025.06.12	00:56:23.497	0.94198				2
2025.06.12	00:56:24.280	0.94194				2
2025.06.12	00:56:24.720	0.94180	0.94270			6
2025.06.12	00:56:25.030	0.94175				2
2025.06.12	00:56:25.455	0.94198				2
2025.06.12	00:56:25.759	0.94174				2
2025.06.12	00:56:26.081	0.94165				2
2025.06.12	00:56:26.388	0.94201				2
2025.06.12	00:56:26.698	0.94174				2
2025.06.12	00:56:27.009	0.94201				2
2025.06.12	00:56:27.318	0.94191				2
2025.06.12	00:56:27.939	0.94176				2
2025.06.12	00:56:28.548	0.94165				2
2025.06.12	00:56:28.858	0.94176				2
2025.06.12	00:56:29.479	0.94200				2
2025.06.12	00:56:30.836	0.94201				2
2025.06.12	00:56:36.618	0.94194				2
2025.06.12	00:56:37.690	0.94192				2
2025.06.12	00:56:40.540	0.94191				2
2025.06.12	00:56:45.495	0.94192				2
2025.06.12	00:56:47.287	0.94190				2
2025.06.12	00:56:47.587	0.94192				2
2025.06.12	00:56:58.086	0.94191				2
2025.06.12	00:56:58.855	0.94190				2
2025.06.12	00:57:00.915	0.94190				2
2025.06.12	00:57:01.877	0.94189				2
2025.06.12	00:57:02.237	0.94191				2
2025.06.12	00:57:02.889	0.94189				2
2025.06.12	00:57:06.787	0.94188				2
2025.06.12	00:57:08.888	0.94190				2
2025.06.12	00:57:09.492	0.94188				2
2025.06.12	00:57:15.192	0.94200				2
2025.06.12	00:57:25.257		0.94271			4
2025.06.12	00:57:29.196	0.94194				2
2025.06.12	00:57:30.126	0.94196				2
2025.06.12	00:57:37.775	0.94197				2
2025.06.12	00:57:38.286	0.94202				2
2025.06.12	00:57:47.589	0.94200				2
2025.06.12	00:57:49.294	0.94203				2
2025.06.12	00:58:00.482	0.94203				2
2025.06.12	00:58:00.794	0.94201				2
2025.06.12	00:58:02.361	0.94203				2
2025.06.12	00:58:02.885	0.94198				2
2025.06.12	00:58:03.301	0.94203				2
2025.06.12	00:58:03.788	0.94198				2
2025.06.12	00:58:06.518	0.94201				2
2025.06.12	00:58:06.834	0.94203				2
2025.06.12	00:58:07.170	0.94198				2
2025.06.12	00:58:09.793	0.94203				2
2025.06.12	00:58:12.089	0.94202				2
2025.06.12	00:58:13.150	0.94205				2
2025.06.12	00:58:15.110	0.94207				2
2025.06.12	00:58:23.590	0.94205				2
2025.06.12	00:58:24.193	0.94201				2
2025.06.12	00:58:25.868		0.94271			4
2025.06.12	00:58:52.300	0.94199				2
2025.06.12	00:58:52.659	0.94200				2
2025.06.12	00:58:53.290	0.94197				2
2025.06.12	00:58:56.875	0.94201				2
2025.06.12	00:58:58.773	0.94200				2
2025.06.12	00:59:00.253	0.94200				2
2025.06.12	00:59:01.400	0.94201				2
2025.06.12	00:59:02.007	0.94200				2
2025.06.12	00:59:06.661	0.94199				2
2025.06.12	00:59:12.644	0.94198				2
2025.06.12	00:59:13.223	0.94201				2
2025.06.12	00:59:21.388	0.94197				2
2025.06.12	00:59:22.923	0.94195				2
2025.06.12	00:59:25.256		0.94269			4
2025.06.12	00:59:43.987	0.94194				2
2025.06.12	00:59:47.658	0.94195				2
2025.06.12	00:59:51.921	0.94191				2
2025.06.12	00:59:52.239	0.94195				2
2025.06.12	00:59:55.902	0.94196				2
2025.06.12	00:59:57.006	0.94195				2
2025.06.12	00:59:59.289	0.94194				2
2025.06.12	01:00:00.308	0.94205	0.94276			6
2025.06.12	01:00:00.644	0.94204				2
2025.06.12	01:00:00.980	0.94197				2
2025.06.12	01:00:01.284	0.94190				2
2025.06.12	01:00:01.586	0.94196				2
2025.06.12	01:00:02.218	0.94189	0.94273			6
2025.06.12	01:00:02.578	0.94183	0.94285			6
2025.06.12	01:00:02.890		0.94284			4
2025.06.12	01:00:03.190	0.94189	0.94290			6
2025.06.12	01:00:03.495	0.94202	0.94299			6
2025.06.12	01:00:03.798	0.94196	0.94292			6
2025.06.12	01:00:04.100	0.94197				2
2025.06.12	01:00:04.405	0.94206	0.94298			6
2025.06.12	01:00:04.708	0.94212	0.94304			6
2025.06.12	01:00:05.010	0.94206	0.94270			6
2025.06.12	01:00:06.620	0.94210				2
2025.06.12	01:00:07.391		0.94263			4
2025.06.12	01:00:10.086		0.94270			4
2025.06.12	01:00:10.399	0.94206	0.94265			6
2025.06.12	01:00:12.222	0.94205				2
2025.06.12	01:00:12.893	0.94204				2
2025.06.12	01:00:25.316	0.94218	0.94254			6
2025.06.12	01:00:26.260	0.94222	0.94256			6
2025.06.12	01:00:26.563	0.94225	0.94255			6
2025.06.12	01:00:26.885	0.94222	0.94253			6
2025.06.12	01:00:27.192	0.94218	0.94248			6
2025.06.12	01:00:29.665	0.94216				2
2025.06.12	01:00:30.221	0.94207	0.94253			6
2025.06.12	01:00:31.687	0.94209				2
2025.06.12	01:00:32.291	0.94208	0.94242			6
2025.06.12	01:00:32.919	0.94201				2
2025.06.12	01:00:34.028	0.94203				2
2025.06.12	01:00:34.354	0.94201				2
2025.06.12	01:00:36.327		0.94247			4
2025.06.12	01:00:36.640		0.94246			4
2025.06.12	01:00:36.992		0.94243			4
2025.06.12	01:00:37.299		0.94236			4
2025.06.12	01:00:39.113		0.94227			4
2025.06.12	01:00:39.639		0.94235			4
2025.06.12	01:00:40.986		0.94241			4
2025.06.12	01:00:41.339		0.94246			4
2025.06.12	01:00:42.664		0.94248			4
2025.06.12	01:00:56.542		0.94255			4
2025.06.12	01:00:57.262		0.94249			4
2025.06.12	01:01:00.308	0.94201	0.94256			6
2025.06.12	01:01:00.888		0.94255			4
2025.06.12	01:01:02.969		0.94256			4
2025.06.12	01:01:06.524		0.94255			4
2025.06.12	01:01:06.920		0.94254			4
2025.06.12	01:01:07.964		0.94255			4
2025.06.12	01:01:08.455		0.94254			4
2025.06.12	01:01:11.348		0.94256			4
2025.06.12	01:01:14.620		0.94241			4
2025.06.12	01:01:14.939		0.94240			4
2025.06.12	01:01:20.380		0.94249			4
2025.06.12	01:01:25.290		0.94246			4
2025.06.12	01:01:28.949		0.94235			4
2025.06.12	01:01:32.008		0.94241			4
2025.06.12	01:01:34.289		0.94235			4
2025.06.12	01:01:36.408		0.94248			4
2025.06.12	01:01:36.719		0.94247			4
2025.06.12	01:01:37.067	0.94203	0.94249			6
2025.06.12	01:01:37.699	0.94210				2
2025.06.12	01:01:38.063	0.94214	0.94251			6
2025.06.12	01:01:38.367	0.94213				2
2025.06.12	01:01:38.684	0.94216				2
2025.06.12	01:01:39.697	0.94212				2
2025.06.12	01:01:39.998	0.94213				2
2025.06.12	01:01:40.317	0.94201				2
2025.06.12	01:01:40.687	0.94215				2
2025.06.12	01:01:41.009	0.94216				2
2025.06.12	01:01:41.753	0.94210				2
2025.06.12	01:01:42.973	0.94201				2
2025.06.12	01:01:43.325	0.94216				2
2025.06.12	01:01:45.836	0.94215				2
2025.06.12	01:01:46.688	0.94201				2
2025.06.12	01:01:47.305	0.94211				2
2025.06.12	01:01:47.661	0.94201				2
2025.06.12	01:01:48.304	0.94213				2
2025.06.12	01:01:48.620	0.94207				2
2025.06.12	01:01:49.238	0.94201				2
2025.06.12	01:01:49.919	0.94206				2
2025.06.12	01:01:50.518	0.94201				2
2025.06.12	01:01:50.852	0.94214				2
2025.06.12	01:01:51.173	0.94201				2
2025.06.12	01:01:51.799	0.94215				2
2025.06.12	01:01:52.152	0.94204				2
2025.06.12	01:01:52.473	0.94221				2
2025.06.12	01:01:53.655	0.94214				2
2025.06.12	01:01:53.995	0.94213	0.94245			6
2025.06.12	01:01:55.188	0.94212	0.94236			6
2025.06.12	01:01:55.525	0.94211				2
2025.06.12	01:01:55.983	0.94215	0.94252			6
2025.06.12	01:01:57.484	0.94208	0.94251			6
2025.06.12	01:01:58.200	0.94207				2
2025.06.12	01:01:58.849	0.94217	0.94252			6
2025.06.12	01:01:59.221	0.94216				2
2025.06.12	01:02:00.254	0.94217				2
2025.06.12	01:02:01.017	0.94208				2
2025.06.12	01:02:04.389	0.94206				2
2025.06.12	01:02:04.987		0.94251			4
2025.06.12	01:02:05.387		0.94252			4
2025.06.12	01:02:07.965	0.94208				2
2025.06.12	01:02:08.313	0.94211				2
2025.06.12	01:02:09.476	0.94212				2
2025.06.12	01:02:12.188	0.94207				2
2025.06.12	01:02:13.387	0.94206				2
2025.06.12	01:02:14.644	0.94207				2
2025.06.12	01:02:18.188	0.94208				2
2025.06.12	01:02:19.558	0.94202	0.94250			6
2025.06.12	01:02:19.988	0.94206				2
2025.06.12	01:02:20.663	0.94209				2
2025.06.12	01:02:21.443	0.94207				2
2025.06.12	01:02:24.789	0.94206				2
2025.06.12	01:02:25.783	0.94205				2
2025.06.12	01:02:26.126	0.94201				2
2025.06.12	01:02:27.132	0.94205				2
2025.06.12	01:02:27.496	0.94206				2
2025.06.12	01:02:27.799	0.94207				2
2025.06.12	01:02:28.775	0.94211	0.94251			6
2025.06.12	01:02:29.139	0.94205	0.94250			6
2025.06.12	01:02:29.819	0.94206				2
2025.06.12	01:02:30.522	0.94205				2
2025.06.12	01:02:32.541	0.94210	0.94249			6
2025.06.12	01:02:33.204	0.94207	0.94245			6
2025.06.12	01:02:33.524	0.94205	0.94246			6
2025.06.12	01:02:33.883	0.94210	0.94249			6
2025.06.12	01:02:34.184	0.94207	0.94245			6
2025.06.12	01:02:34.926	0.94206				2
2025.06.12	01:02:36.495		0.94246			4
2025.06.12	01:02:37.122		0.94245			4
2025.06.12	01:02:37.515		0.94246			4
2025.06.12	01:02:38.587		0.94245			4
2025.06.12	01:02:41.412	0.94209	0.94247			6
2025.06.12	01:02:41.719	0.94208	0.94246			6
2025.06.12	01:02:47.238	0.94210	0.94248			6
2025.06.12	01:02:49.088	0.94201	0.94246			6
2025.06.12	01:02:49.431		0.94244			4
2025.06.12	01:02:49.739	0.94206	0.94246			6
2025.06.12	01:02:50.274	0.94201				2
2025.06.12	01:02:50.588	0.94210	0.94247			6
2025.06.12	01:02:51.002	0.94207	0.94246			6
2025.06.12	01:02:51.317	0.94205	0.94244			6
2025.06.12	01:02:51.629	0.94201	0.94246			6
2025.06.12	01:02:52.003		0.94245			4
2025.06.12	01:02:52.320	0.94209	0.94246			6
2025.06.12	01:02:52.687	0.94211	0.94248			6
2025.06.12	01:02:54.194	0.94201	0.94246			6
2025.06.12	01:02:55.312	0.94203				2
2025.06.12	01:02:56.623	0.94206				2
2025.06.12	01:02:56.973	0.94201				2
2025.06.12	01:02:57.291	0.94210	0.94247			6
2025.06.12	01:02:57.721	0.94206	0.94246			6
2025.06.12	01:02:58.037	0.94211	0.94247			6
2025.06.12	01:02:59.288	0.94210	0.94246			6
2025.06.12	01:02:59.717	0.94201	0.94244			6
2025.06.12	01:03:00.021	0.94201				2
2025.06.12	01:03:00.412	0.94210	0.94246			6
2025.06.12	01:03:00.791	0.94201	0.94244			6
2025.06.12	01:03:01.099	0.94211	0.94247			6
2025.06.12	01:03:01.607	0.94201	0.94244			6
2025.06.12	01:03:02.373	0.94204				2
2025.06.12	01:03:02.853	0.94209	0.94245			6
2025.06.12	01:03:03.162	0.94208	0.94244			6
2025.06.12	01:03:03.502	0.94201	0.94243			6
2025.06.12	01:03:08.738		0.94245			4
2025.06.12	01:03:09.182		0.94244			4
2025.06.12	01:03:10.988		0.94243			4
2025.06.12	01:03:13.210	0.94205	0.94244			6
2025.06.12	01:03:14.085	0.94206	0.94243			6
2025.06.12	01:03:14.413	0.94210	0.94245			6
2025.06.12	01:03:14.885	0.94201	0.94244			6
2025.06.12	01:03:18.488	0.94207				2
2025.06.12	01:03:19.089	0.94201				2
2025.06.12	01:03:19.398	0.94207				2
2025.06.12	01:03:19.701	0.94201	0.94243			6
2025.06.12	01:03:20.004	0.94212	0.94248			6
2025.06.12	01:03:20.336	0.94207	0.94244			6
2025.06.12	01:03:20.664	0.94201				2
2025.06.12	01:03:21.015		0.94243			4
2025.06.12	01:03:21.364	0.94207				2
2025.06.12	01:03:21.690	0.94201				2
2025.06.12	01:03:22.018	0.94210	0.94245			6
2025.06.12	01:03:22.689	0.94201	0.94244			6
2025.06.12	01:03:23.286	0.94212	0.94249			6
2025.06.12	01:03:23.603	0.94202	0.94243			6
2025.06.12	01:03:24.112	0.94210	0.94245			6
2025.06.12	01:03:24.791	0.94202	0.94243			6
2025.06.12	01:03:25.111	0.94201				2
2025.06.12	01:03:25.979	0.94203	0.94244			6
2025.06.12	01:03:26.333	0.94210	0.94245			6
2025.06.12	01:03:26.888	0.94201	0.94244			6
2025.06.12	01:03:27.545	0.94202	0.94243			6
2025.06.12	01:03:28.037	0.94201				2
2025.06.12	01:03:28.381	0.94212	0.94249			6
2025.06.12	01:03:28.689	0.94203	0.94243			6
2025.06.12	01:03:29.290	0.94201				2
2025.06.12	01:03:29.611	0.94213	0.94248			6
2025.06.12	01:03:29.962	0.94201	0.94244			6
2025.06.12	01:03:30.945	0.94214	0.94249			6
2025.06.12	01:03:32.424	0.94208	0.94243			6
2025.06.12	01:03:33.126	0.94213	0.94249			6
2025.06.12	01:03:38.135		0.94248			4
2025.06.12	01:03:38.590	0.94209	0.94244			6
2025.06.12	01:03:39.002	0.94201	0.94243			6
2025.06.12	01:03:39.514	0.94202				2
2025.06.12	01:03:41.514	0.94203	0.94242			6
2025.06.12	01:03:43.391	0.94201	0.94245			6
2025.06.12	01:03:43.869	0.94205				2
2025.06.12	01:03:48.189	0.94207				2
2025.06.12	01:03:48.769	0.94208	0.94244			6
2025.06.12	01:03:49.596	0.94201				2
2025.06.12	01:03:49.899	0.94214	0.94248			6
2025.06.12	01:03:50.210	0.94204	0.94246			6
2025.06.12	01:03:50.839	0.94216	0.94250			6
2025.06.12	01:03:52.389	0.94215	0.94248			6
2025.06.12	01:03:53.172	0.94216	0.94250			6
2025.06.12	01:03:53.924	0.94215	0.94248			6
2025.06.12	01:03:54.256	0.94216	0.94250			6
2025.06.12	01:03:54.623	0.94206	0.94244			6
2025.06.12	01:03:55.325	0.94198				2
2025.06.12	01:03:55.643	0.94214	0.94247			6
2025.06.12	01:03:55.945	0.94204	0.94245			6
2025.06.12	01:03:56.288	0.94215	0.94248			6
2025.06.12	01:03:56.665	0.94204	0.94245			6
2025.06.12	01:03:57.187	0.94215				2
2025.06.12	01:03:57.500	0.94204				2
2025.06.12	01:03:58.196	0.94207				2
2025.06.12	01:03:58.499	0.94213	0.94246			6
2025.06.12	01:03:59.615	0.94205	0.94245			6
2025.06.12	01:03:59.919	0.94216	0.94246			6
2025.06.12	01:04:00.262	0.94216				2
2025.06.12	01:04:01.598	0.94212				2
2025.06.12	01:04:01.943	0.94209	0.94242			6
2025.06.12	01:04:02.288	0.94202	0.94241			6
2025.06.12	01:04:02.618	0.94211	0.94246			6
2025.06.12	01:04:03.557	0.94214				2
2025.06.12	01:04:06.083		0.94247			4
2025.06.12	01:04:10.385		0.94246			4
2025.06.12	01:04:15.490	0.94213				2
2025.06.12	01:04:16.164	0.94214				2
2025.06.12	01:04:19.087	0.94215				2
2025.06.12	01:04:20.385		0.94247			4
2025.06.12	01:04:20.710		0.94246			4
2025.06.12	01:04:23.288	0.94214				2
2025.06.12	01:04:25.387	0.94215				2
2025.06.12	01:04:26.118	0.94213				2
2025.06.12	01:04:27.877	0.94212				2
2025.06.12	01:04:30.997	0.94213				2
2025.06.12	01:04:33.948	0.94212				2
2025.06.12	01:04:37.689	0.94194	0.94240			6
2025.06.12	01:04:38.200	0.94196	0.94239			6
2025.06.12	01:04:40.199	0.94194	0.94241			6
2025.06.12	01:04:46.570	0.94199	0.94240			6
2025.06.12	01:04:47.381	0.94212	0.94248			6
2025.06.12	01:04:48.377	0.94215				2
2025.06.12	01:04:49.988	0.94213				2
2025.06.12	01:04:50.587		0.94246			4
2025.06.12	01:04:51.458	0.94218	0.94251			6
2025.06.12	01:04:51.770		0.94253			4
2025.06.12	01:04:52.149		0.94251			4
2025.06.12	01:04:52.527	0.94216	0.94252			6
2025.06.12	01:04:52.846	0.94218	0.94251			6
2025.06.12	01:04:53.310	0.94217				2
2025.06.12	01:04:54.036		0.94250			4
2025.06.12	01:04:55.144	0.94213	0.94252			6
2025.06.12	01:04:55.452	0.94215	0.94249			6
2025.06.12	01:04:55.788		0.94250			4
2025.06.12	01:04:57.487	0.94214	0.94249			6
2025.06.12	01:04:57.799	0.94215				2
2025.06.12	01:04:58.385		0.94250			4
2025.06.12	01:04:58.986		0.94249			4
2025.06.12	01:04:59.287	0.94217				2
2025.06.12	01:05:00.487	0.94217				2
2025.06.12	01:05:02.961	0.94215	0.94248			6
2025.06.12	01:05:03.285	0.94214	0.94249			6
2025.06.12	01:05:09.696	0.94215				2
2025.06.12	01:05:14.289	0.94214				2
2025.06.12	01:05:18.055	0.94215				2
2025.06.12	01:05:18.356	0.94213				2
2025.06.12	01:05:20.901	0.94212	0.94247			6
2025.06.12	01:05:21.813		0.94244			4
2025.06.12	01:05:22.828	0.94208	0.94241			6
2025.06.12	01:05:23.356	0.94191	0.94237			6
2025.06.12	01:05:23.703	0.94196	0.94239			6
2025.06.12	01:05:27.454		0.94236			4
2025.06.12	01:05:27.760		0.94237			4
2025.06.12	01:05:29.401	0.94210	0.94243			6
2025.06.12	01:05:30.507	0.94209	0.94242			6
2025.06.12	01:05:31.088	0.94196	0.94240			6
2025.06.12	01:05:31.958		0.94238			4
2025.06.12	01:05:32.463	0.94183				2
2025.06.12	01:05:32.786	0.94191				2
2025.06.12	01:05:33.647		0.94239			4
2025.06.12	01:05:34.352	0.94199				2
2025.06.12	01:05:37.137		0.94238			4
2025.06.12	01:05:38.681		0.94237			4
2025.06.12	01:05:44.288	0.94181	0.94238			6
2025.06.12	01:05:44.998	0.94191				2
2025.06.12	01:05:45.604	0.94199				2
2025.06.12	01:05:53.919		0.94236			4
2025.06.12	01:05:54.444		0.94238			4
2025.06.12	01:05:55.203		0.94237			4
2025.06.12	01:05:55.521	0.94181				2
2025.06.12	01:05:55.926	0.94191				2
2025.06.12	01:05:56.245	0.94199				2
2025.06.12	01:06:00.457	0.94199	0.94238			6
2025.06.12	01:06:01.375	0.94198	0.94236			6
2025.06.12	01:06:02.165	0.94199	0.94237			6
2025.06.12	01:06:02.789	0.94198	0.94238			6
2025.06.12	01:06:06.413	0.94186				2
2025.06.12	01:06:06.730	0.94194				2
2025.06.12	01:06:07.052	0.94199				2
2025.06.12	01:06:08.314	0.94187				2
2025.06.12	01:06:08.783	0.94179				2
2025.06.12	01:06:11.582	0.94199	0.94239			6
2025.06.12	01:06:16.800		0.94228			4
2025.06.12	01:06:17.136	0.94194	0.94242			6
2025.06.12	01:06:17.753	0.94196	0.94241			6
2025.06.12	01:06:18.310	0.94199				2
2025.06.12	01:06:19.489		0.94242			4
2025.06.12	01:06:20.587		0.94241			4
2025.06.12	01:06:21.377		0.94243			4
2025.06.12	01:06:22.345	0.94200				2
2025.06.12	01:06:22.660	0.94199	0.94242			6
2025.06.12	01:06:23.388		0.94243			4
2025.06.12	01:06:24.373		0.94241			4
2025.06.12	01:06:25.176	0.94197	0.94237			6
2025.06.12	01:06:25.483	0.94199	0.94240			6
2025.06.12	01:06:25.988	0.94208				2
2025.06.12	01:06:28.258	0.94191	0.94236			6
2025.06.12	01:06:28.946	0.94196				2
2025.06.12	01:06:29.372	0.94194				2
2025.06.12	01:06:29.682	0.94195				2
2025.06.12	01:06:30.130		0.94234			4
2025.06.12	01:06:31.725	0.94194				2
2025.06.12	01:06:32.891	0.94191				2
2025.06.12	01:06:35.700		0.94233			4
2025.06.12	01:06:39.797		0.94232			4
2025.06.12	01:06:40.373	0.94184				2
2025.06.12	01:06:40.722	0.94189				2
2025.06.12	01:06:41.030	0.94191				2
2025.06.12	01:06:42.064		0.94233			4
2025.06.12	01:06:42.370		0.94232			4
2025.06.12	01:06:43.342		0.94234			4
2025.06.12	01:06:45.197		0.94232			4
2025.06.12	01:06:45.522		0.94234			4
2025.06.12	01:06:46.242	0.94194	0.94233			6
2025.06.12	01:06:47.414		0.94232			4
2025.06.12	01:06:49.479		0.94233			4
2025.06.12	01:06:50.473		0.94232			4
2025.06.12	01:06:50.784		0.94233			4
2025.06.12	01:06:53.110	0.94195	0.94232			6
2025.06.12	01:06:54.456	0.94194	0.94233			6
2025.06.12	01:06:54.798		0.94232			4
2025.06.12	01:06:55.404	0.94191				2
2025.06.12	01:06:55.868	0.94192				2
2025.06.12	01:06:56.446	0.94191	0.94233			6
2025.06.12	01:06:58.388		0.94232			4
2025.06.12	01:06:59.197	0.94192	0.94231			6
2025.06.12	01:07:00.065	0.94192				2
2025.06.12	01:07:02.777	0.94191				2
2025.06.12	01:07:03.207		0.94232			4
2025.06.12	01:07:04.030	0.94187				2
2025.06.12	01:07:04.354	0.94191	0.94233			6
2025.06.12	01:07:06.953	0.94190				2
2025.06.12	01:07:07.696		0.94232			4
2025.06.12	01:07:09.624		0.94231			4
2025.06.12	01:07:09.977	0.94189				2
2025.06.12	01:07:15.252	0.94190	0.94230			6
2025.06.12	01:07:15.652	0.94189	0.94231			6
2025.06.12	01:07:20.171	0.94191	0.94232			6
2025.06.12	01:07:22.262		0.94231			4
2025.06.12	01:07:22.714		0.94232			4
2025.06.12	01:07:23.681	0.94189	0.94231			6
2025.06.12	01:07:26.184	0.94188				2
2025.06.12	01:07:26.503	0.94189				2
2025.06.12	01:07:30.289		0.94230			4
2025.06.12	01:07:31.032	0.94190	0.94229			6
2025.06.12	01:07:31.627	0.94189	0.94231			6
2025.06.12	01:07:36.042		0.94230			4
2025.06.12	01:07:40.859	0.94191				2
2025.06.12	01:07:41.162		0.94229			4
2025.06.12	01:07:43.564	0.94192				2
2025.06.12	01:07:43.877	0.94191	0.94230			6
2025.06.12	01:07:44.679	0.94190				2
2025.06.12	01:07:45.878	0.94189				2
2025.06.12	01:07:47.165	0.94190				2
2025.06.12	01:07:48.103		0.94229			4
2025.06.12	01:07:49.845		0.94230			4
2025.06.12	01:07:50.527	0.94189	0.94225			6
2025.06.12	01:07:50.827	0.94198	0.94228			6
2025.06.12	01:07:53.810	0.94204	0.94236			6
2025.06.12	01:07:54.153		0.94232			4
2025.06.12	01:07:56.460		0.94236			4
2025.06.12	01:07:57.176		0.94237			4
2025.06.12	01:07:58.562		0.94236			4
2025.06.12	01:07:59.237	0.94202	0.94234			6
2025.06.12	01:08:00.400	0.94202				2
2025.06.12	01:08:00.791	0.94200	0.94228			6
2025.06.12	01:08:01.383	0.94201	0.94233			6
2025.06.12	01:08:01.704	0.94193	0.94227			6
2025.06.12	01:08:02.023	0.94192				2
2025.06.12	01:08:07.088	0.94191				2
2025.06.12	01:08:10.440	0.94193				2
2025.06.12	01:08:10.781	0.94186	0.94225			6
2025.06.12	01:08:11.373		0.94223			4
2025.06.12	01:08:11.678	0.94183	0.94224			6
2025.06.12	01:08:12.790	0.94181				2
2025.06.12	01:08:13.111	0.94183				2
2025.06.12	01:08:15.292	0.94190	0.94228			6
2025.06.12	01:08:15.595	0.94189	0.94229			6
2025.06.12	01:08:17.071		0.94230			4
2025.06.12	01:08:17.379	0.94191	0.94228			6
2025.06.12	01:08:18.373	0.94188	0.94232			6
2025.06.12	01:08:21.746	0.94189				2
2025.06.12	01:08:24.714	0.94190				2
2025.06.12	01:08:28.509	0.94184				2
2025.06.12	01:08:28.814	0.94189	0.94201			6
2025.06.12	01:08:29.123	0.94190	0.94192			6
2025.06.12	01:08:29.429	0.94179	0.94189			6
2025.06.12	01:08:29.738	0.94202	0.94231			6
2025.06.12	01:08:30.094	0.94201	0.94230			6
2025.06.12	01:08:31.010	0.94200				2
2025.06.12	01:08:37.377	0.94199	0.94231			6
2025.06.12	01:08:38.212	0.94200	0.94230			6
2025.06.12	01:08:43.653		0.94231			4
2025.06.12	01:08:44.588		0.94230			4
2025.06.12	01:08:53.136	0.94199	0.94231			6
2025.06.12	01:08:56.238	0.94200	0.94230			6
2025.06.12	01:08:58.553	0.94182	0.94204			6
2025.06.12	01:08:58.866	0.94176				2
2025.06.12	01:08:59.179	0.94188	0.94240			6
2025.06.12	01:08:59.488		0.94233			4
2025.06.12	01:09:00.315	0.94188	0.94232			6
2025.06.12	01:09:01.549	0.94181	0.94216			6
2025.06.12	01:09:01.882	0.94188	0.94217			6
2025.06.12	01:09:04.391	0.94177	0.94215			6
2025.06.12	01:09:06.411	0.94178				2
2025.06.12	01:09:07.307	0.94177				2
2025.06.12	01:09:09.625	0.94179				2
2025.06.12	01:09:09.927	0.94177				2
2025.06.12	01:09:12.191	0.94173				2
2025.06.12	01:09:13.389	0.94174				2
2025.06.12	01:09:15.046	0.94176				2
2025.06.12	01:09:15.805		0.94216			4
2025.06.12	01:09:17.572		0.94217			4
2025.06.12	01:09:19.146		0.94216			4
2025.06.12	01:09:23.829	0.94173	0.94186			6
2025.06.12	01:09:24.145	0.94171	0.94187			6
2025.06.12	01:09:24.449	0.94181	0.94227			6
2025.06.12	01:09:24.768	0.94183	0.94223			6
2025.06.12	01:09:25.079		0.94224			4
2025.06.12	01:09:25.391		0.94228			4
2025.06.12	01:09:25.736		0.94222			4
2025.06.12	01:09:26.818	0.94179	0.94218			6
2025.06.12	01:09:27.119		0.94217			4
2025.06.12	01:09:27.443		0.94219			4
2025.06.12	01:09:30.316		0.94221			4
2025.06.12	01:09:30.663		0.94219			4
2025.06.12	01:09:32.291	0.94178				2
2025.06.12	01:09:34.225	0.94177	0.94218			6
2025.06.12	01:09:36.599	0.94183	0.94226			6
2025.06.12	01:09:36.919	0.94184				2
2025.06.12	01:09:37.243		0.94229			4
2025.06.12	01:09:39.623	0.94185	0.94228			6
2025.06.12	01:09:40.063	0.94183				2
2025.06.12	01:09:40.385	0.94185				2
2025.06.12	01:09:40.989		0.94226			4
2025.06.12	01:09:41.868	0.94168	0.94206			6
2025.06.12	01:09:42.180	0.94166	0.94213			6
2025.06.12	01:09:42.483		0.94212			4
2025.06.12	01:09:42.943		0.94211			4
2025.06.12	01:09:43.959		0.94216			4
2025.06.12	01:09:44.258	0.94168	0.94213			6
2025.06.12	01:09:44.980		0.94211			4
2025.06.12	01:09:46.471	0.94169	0.94215			6
2025.06.12	01:09:46.774	0.94170	0.94214			6
2025.06.12	01:09:47.899	0.94168	0.94210			6
2025.06.12	01:09:48.208	0.94167				2
2025.06.12	01:09:49.392	0.94168				2
2025.06.12	01:09:52.987	0.94169				2
2025.06.12	01:09:53.370		0.94212			4
2025.06.12	01:09:53.679		0.94211			4
2025.06.12	01:09:54.016		0.94210			4
2025.06.12	01:09:56.520	0.94170				2
2025.06.12	01:09:56.977	0.94174	0.94211			6
2025.06.12	01:09:57.329		0.94210			4
2025.06.12	01:09:59.072	0.94175				2
2025.06.12	01:10:00.375	0.94175				2
2025.06.12	01:10:04.588	0.94174				2
2025.06.12	01:10:05.807	0.94175	0.94212			6
2025.06.12	01:10:06.801	0.94166	0.94206			6
2025.06.12	01:10:07.517	0.94167				2
2025.06.12	01:10:07.819	0.94170				2
2025.06.12	01:10:09.407	0.94168	0.94202			6
2025.06.12	01:10:10.992		0.94204			4
2025.06.12	01:10:14.567	0.94169	0.94205			6
2025.06.12	01:10:21.524	0.94175				2
2025.06.12	01:10:21.856	0.94174	0.94209			6
2025.06.12	01:10:23.991	0.94176	0.94211			6
2025.06.12	01:10:24.707	0.94173				2
2025.06.12	01:10:25.088	0.94174				2
2025.06.12	01:10:36.500	0.94173				2
2025.06.12	01:10:39.030	0.94174				2
2025.06.12	01:10:39.683	0.94172	0.94209			6
2025.06.12	01:10:42.395	0.94171	0.94208			6
2025.06.12	01:10:51.491	0.94170				2
2025.06.12	01:10:51.874		0.94209			4
2025.06.12	01:10:52.682		0.94208			4
2025.06.12	01:10:53.311		0.94209			4
2025.06.12	01:10:57.299	0.94171				2
2025.06.12	01:10:58.649		0.94210			4
2025.06.12	01:11:00.296	0.94171				2
2025.06.12	01:11:00.943	0.94172				2
2025.06.12	01:11:01.274	0.94171				2
2025.06.12	01:11:02.340	0.94170				2
2025.06.12	01:11:03.361	0.94172	0.94213			6
2025.06.12	01:11:03.668		0.94210			4
2025.06.12	01:11:04.087	0.94171				2
2025.06.12	01:11:06.193		0.94211			4
2025.06.12	01:11:06.504		0.94212			4
2025.06.12	01:11:06.822		0.94211			4
2025.06.12	01:11:09.260		0.94212			4
2025.06.12	01:11:09.688	0.94172	0.94211			6
2025.06.12	01:11:12.176	0.94174	0.94212			6
2025.06.12	01:11:12.480		0.94213			4
2025.06.12	01:11:13.972	0.94177				2
2025.06.12	01:11:14.981	0.94157	0.94171			6
2025.06.12	01:11:15.281	0.94158	0.94174			6
2025.06.12	01:11:15.593	0.94150	0.94177			6
2025.06.12	01:11:15.910	0.94154				2
2025.06.12	01:11:16.219	0.94157	0.94185			6
2025.06.12	01:11:16.529	0.94156				2
2025.06.12	01:11:20.699	0.94155				2
2025.06.12	01:11:21.704	0.94149	0.94174			6
2025.06.12	01:11:22.025		0.94175			4
2025.06.12	01:11:22.349		0.94174			4
2025.06.12	01:11:22.659		0.94175			4
2025.06.12	01:11:22.998	0.94150				2
2025.06.12	01:11:23.662	0.94152	0.94176			6
2025.06.12	01:11:24.577		0.94178			4
2025.06.12	01:11:24.975	0.94153	0.94180			6
2025.06.12	01:11:25.671	0.94159	0.94196			6
2025.06.12	01:11:26.012	0.94163	0.94199			6
2025.06.12	01:11:34.142	0.94161				2
2025.06.12	01:11:34.448		0.94200			4
2025.06.12	01:11:35.649	0.94162	0.94199			6
2025.06.12	01:11:35.976		0.94198			4
2025.06.12	01:11:36.331	0.94159	0.94196			6
2025.06.12	01:11:36.633		0.94194			4
2025.06.12	01:11:38.334	0.94158	0.94192			6
2025.06.12	01:11:39.473	0.94159				2
2025.06.12	01:11:39.789	0.94158	0.94194			6
2025.06.12	01:11:41.149	0.94159				2
2025.06.12	01:11:41.809	0.94163	0.94196			6
2025.06.12	01:11:42.119	0.94167				2
2025.06.12	01:11:42.422	0.94168	0.94199			6
2025.06.12	01:11:42.724	0.94169				2
2025.06.12	01:11:43.054	0.94170				2
2025.06.12	01:11:43.358	0.94168				2
2025.06.12	01:11:43.659	0.94171				2
2025.06.12	01:11:43.983		0.94200			4
2025.06.12	01:11:44.357		0.94199			4
2025.06.12	01:11:45.654	0.94169	0.94200			6
2025.06.12	01:11:46.032	0.94172	0.94199			6
2025.06.12	01:11:46.388	0.94170				2
2025.06.12	01:11:46.754	0.94171				2
2025.06.12	01:11:47.071	0.94168				2
2025.06.12	01:11:47.380	0.94172				2
2025.06.12	01:11:47.682	0.94170				2
2025.06.12	01:11:47.997	0.94171				2
2025.06.12	01:11:48.299	0.94170				2
2025.06.12	01:11:48.626	0.94172				2
2025.06.12	01:11:51.706	0.94170				2
2025.06.12	01:11:52.079	0.94173				2
2025.06.12	01:11:52.381	0.94157	0.94191			6
2025.06.12	01:11:52.747	0.94156	0.94188			6
2025.06.12	01:11:54.831	0.94155				2
2025.06.12	01:11:58.113	0.94158	0.94191			6
2025.06.12	01:11:58.431	0.94159				2
2025.06.12	01:11:59.771		0.94192			4
2025.06.12	01:12:00.292	0.94161	0.94191			6
2025.06.12	01:12:00.657	0.94163	0.94196			6
2025.06.12	01:12:00.973	0.94164				2
2025.06.12	01:12:02.471	0.94165				2
2025.06.12	01:12:03.815	0.94166				2
2025.06.12	01:12:04.282	0.94167				2
2025.06.12	01:12:04.737	0.94165				2
2025.06.12	01:12:05.439	0.94168				2
2025.06.12	01:12:05.759	0.94166				2
2025.06.12	01:12:06.099	0.94167				2
2025.06.12	01:12:06.440	0.94169				2
2025.06.12	01:12:06.748	0.94165				2
2025.06.12	01:12:07.051	0.94167				2
2025.06.12	01:12:07.439	0.94170				2
2025.06.12	01:12:07.759	0.94169	0.94204			6
2025.06.12	01:12:08.065	0.94173				2
2025.06.12	01:12:08.387	0.94168				2
2025.06.12	01:12:08.748	0.94170				2
2025.06.12	01:12:09.054	0.94168	0.94196			6
2025.06.12	01:12:09.838	0.94171	0.94204			6
2025.06.12	01:12:10.138	0.94168	0.94201			6
2025.06.12	01:12:10.779		0.94194			4
2025.06.12	01:12:11.086	0.94166	0.94195			6
2025.06.12	01:12:12.739	0.94159	0.94192			6
2025.06.12	01:12:13.044	0.94161				2
2025.06.12	01:12:13.362	0.94163				2
2025.06.12	01:12:13.739	0.94161	0.94191			6
2025.06.12	01:12:14.099	0.94159	0.94201			6
2025.06.12	01:12:14.420	0.94163	0.94195			6
2025.06.12	01:12:14.789	0.94161	0.94204			6
2025.06.12	01:12:15.129	0.94165	0.94195			6
2025.06.12	01:12:15.489	0.94159	0.94196			6
2025.06.12	01:12:16.170	0.94158	0.94192			6
2025.06.12	01:12:16.774	0.94165	0.94204			6
2025.06.12	01:12:17.084	0.94163	0.94196			6
2025.06.12	01:12:17.392	0.94165				2
2025.06.12	01:12:17.704	0.94162				2
2025.06.12	01:12:18.019	0.94166				2
2025.06.12	01:12:18.407	0.94161				2
2025.06.12	01:12:19.105	0.94158	0.94191			6
2025.06.12	01:12:20.039	0.94167	0.94195			6
2025.06.12	01:12:20.371	0.94163				2
2025.06.12	01:12:20.681	0.94162	0.94196			6
2025.06.12	01:12:21.033	0.94165	0.94201			6
2025.06.12	01:12:21.376	0.94160				2
2025.06.12	01:12:21.691	0.94166				2
2025.06.12	01:12:22.016	0.94161				2
2025.06.12	01:12:22.321	0.94167				2
2025.06.12	01:12:22.671	0.94160				2
2025.06.12	01:12:23.020	0.94167				2
2025.06.12	01:12:23.325	0.94161				2
2025.06.12	01:12:24.383	0.94158	0.94192			6
2025.06.12	01:12:24.686	0.94161	0.94199			6
2025.06.12	01:12:24.995	0.94163	0.94195			6
2025.06.12	01:12:25.299	0.94162	0.94198			6
2025.06.12	01:12:25.668	0.94157	0.94197			6
2025.06.12	01:12:25.971	0.94161	0.94198			6
2025.06.12	01:12:26.281	0.94158	0.94192			6
2025.06.12	01:12:26.618	0.94163	0.94194			6
2025.06.12	01:12:26.919	0.94165	0.94196			6
2025.06.12	01:12:27.220	0.94161				2
2025.06.12	01:12:27.603	0.94162				2
2025.06.12	01:12:27.971	0.94164				2
2025.06.12	01:12:28.279	0.94160				2
2025.06.12	01:12:29.274	0.94171				2
2025.06.12	01:12:29.579	0.94172				2
2025.06.12	01:12:29.952	0.94169				2
2025.06.12	01:12:30.281	0.94167				2
2025.06.12	01:12:30.606	0.94171				2
2025.06.12	01:12:30.967	0.94163	0.94201			6
2025.06.12	01:12:31.318	0.94173				2
2025.06.12	01:12:31.619	0.94164				2
2025.06.12	01:12:31.940	0.94170				2
2025.06.12	01:12:32.620	0.94161				2
2025.06.12	01:12:32.971	0.94170				2
2025.06.12	01:12:33.346	0.94171				2
2025.06.12	01:12:33.662	0.94172				2
2025.06.12	01:12:34.280	0.94163				2
2025.06.12	01:12:34.600	0.94172				2
2025.06.12	01:12:35.206	0.94173				2
2025.06.12	01:12:35.514	0.94172				2
2025.06.12	01:12:36.741	0.94165				2
2025.06.12	01:12:37.059	0.94172				2
2025.06.12	01:12:37.405	0.94167				2
2025.06.12	01:12:37.738	0.94168				2
2025.06.12	01:12:38.456	0.94164	0.94181			6
2025.06.12	01:12:38.759	0.94160	0.94184			6
2025.06.12	01:12:39.443	0.94158				2
2025.06.12	01:12:39.838	0.94157				2
2025.06.12	01:12:40.169	0.94159				2
2025.06.12	01:12:40.957		0.94183			4
2025.06.12	01:12:41.963	0.94160	0.94181			6
2025.06.12	01:12:42.916	0.94159	0.94182			6
2025.06.12	01:12:43.217		0.94184			4
2025.06.12	01:12:44.421	0.94158	0.94185			6
2025.06.12	01:12:47.068	0.94159	0.94184			6
2025.06.12	01:12:50.218		0.94185			4
2025.06.12	01:12:50.768	0.94172				2
2025.06.12	01:12:51.121		0.94184			4
2025.06.12	01:12:51.462		0.94185			4
2025.06.12	01:12:51.773	0.94156	0.94183			6
2025.06.12	01:12:52.078	0.94155	0.94180			6
2025.06.12	01:12:52.386	0.94157				2
2025.06.12	01:12:52.691	0.94159				2
2025.06.12	01:12:53.023	0.94157	0.94183			6
2025.06.12	01:12:53.338	0.94159				2
2025.06.12	01:12:53.656	0.94156	0.94180			6
2025.06.12	01:12:53.998	0.94165				2
2025.06.12	01:12:54.300	0.94161	0.94183			6
2025.06.12	01:12:54.606		0.94175			4
2025.06.12	01:12:54.919	0.94156				2
2025.06.12	01:12:55.708	0.94157				2
2025.06.12	01:12:56.026	0.94155	0.94178			6
2025.06.12	01:12:56.651		0.94181			4
2025.06.12	01:12:56.959		0.94182			4
2025.06.12	01:12:57.685		0.94184			4
2025.06.12	01:12:58.575	0.94159				2
2025.06.12	01:13:00.283	0.94159				2
2025.06.12	01:13:00.623	0.94164				2
2025.06.12	01:13:01.987	0.94155				2
2025.06.12	01:13:03.280	0.94157				2
2025.06.12	01:13:03.581	0.94163				2
2025.06.12	01:13:03.942	0.94160	0.94187			6
2025.06.12	01:13:04.259	0.94156	0.94182			6
2025.06.12	01:13:05.802	0.94155				2
2025.06.12	01:13:06.489		0.94185			4
2025.06.12	01:13:06.980	0.94162	0.94188			6
2025.06.12	01:13:07.339	0.94163				2
2025.06.12	01:13:07.702		0.94184			4
2025.06.12	01:13:09.498	0.94162	0.94183			6
2025.06.12	01:13:09.805		0.94184			4
2025.06.12	01:13:10.788		0.94186			4
2025.06.12	01:13:11.109	0.94160				2
2025.06.12	01:13:12.489		0.94185			4
2025.06.12	01:13:19.473	0.94162				2
2025.06.12	01:13:20.283	0.94160				2
2025.06.12	01:13:22.804		0.94181			4
2025.06.12	01:13:23.432	0.94161				2
2025.06.12	01:13:24.787	0.94160				2
2025.06.12	01:13:27.619	0.94161				2
2025.06.12	01:13:28.281	0.94168	0.94184			6
2025.06.12	01:13:28.590		0.94185			4
2025.06.12	01:13:28.892		0.94187			4
2025.06.12	01:13:29.491	0.94163	0.94185			6
2025.06.12	01:13:29.800	0.94164	0.94187			6
2025.06.12	01:13:30.286	0.94167	0.94188			6
2025.06.12	01:13:30.645	0.94166				2
2025.06.12	01:13:36.189	0.94165				2
2025.06.12	01:13:36.516	0.94168	0.94189			6
2025.06.12	01:13:36.822	0.94167				2
2025.06.12	01:13:37.247	0.94164				2
2025.06.12	01:13:37.573	0.94165				2
2025.06.12	01:13:37.879	0.94164				2
2025.06.12	01:13:38.545	0.94165				2
2025.06.12	01:13:39.720		0.94182			4
2025.06.12	01:13:40.036	0.94164	0.94188			6
2025.06.12	01:13:40.343	0.94165	0.94181			6
2025.06.12	01:13:40.680	0.94164	0.94178			6
2025.06.12	01:13:41.035	0.94166	0.94180			6
2025.06.12	01:13:41.339	0.94167	0.94184			6
2025.06.12	01:13:41.975		0.94185			4
2025.06.12	01:13:42.279		0.94186			4
2025.06.12	01:13:44.665	0.94168	0.94188			6
2025.06.12	01:13:44.979	0.94169	0.94190			6
2025.06.12	01:13:47.289	0.94172	0.94194			6
2025.06.12	01:13:49.636	0.94171				2
2025.06.12	01:13:52.389	0.94170				2
2025.06.12	01:13:55.073		0.94193			4
2025.06.12	01:13:56.720	0.94172	0.94197			6
2025.06.12	01:13:57.033	0.94174				2
2025.06.12	01:14:00.149	0.94174				2
2025.06.12	01:14:00.512	0.94173				2
2025.06.12	01:14:05.088		0.94191			4
2025.06.12	01:14:09.445		0.94193			4
2025.06.12	01:14:09.771		0.94196			4
2025.06.12	01:14:19.825		0.94189			4
2025.06.12	01:14:21.149		0.94188			4
2025.06.12	01:14:21.472		0.94189			4
2025.06.12	01:14:27.110		0.94192			4
2025.06.12	01:14:27.434		0.94194			4
2025.06.12	01:14:37.345	0.94175	0.94192			6
2025.06.12	01:14:39.212	0.94173	0.94190			6
2025.06.12	01:14:39.544		0.94193			4
2025.06.12	01:14:43.231	0.94174				2
2025.06.12	01:14:43.540	0.94175	0.94196			6
2025.06.12	01:14:43.910		0.94197			4
2025.06.12	01:14:46.637	0.94177	0.94202			6
2025.06.12	01:14:47.255	0.94173	0.94192			6
2025.06.12	01:14:47.558	0.94174				2
2025.06.12	01:14:53.930		0.94188			4
2025.06.12	01:14:56.781	0.94172	0.94189			6
2025.06.12	01:14:57.090		0.94191			4
2025.06.12	01:14:57.410		0.94192			4
2025.06.12	01:14:58.033		0.94195			4
2025.06.12	01:14:59.288	0.94173	0.94194			6
2025.06.12	01:15:00.356	0.94175	0.94200			6
2025.06.12	01:15:01.035	0.94177				2
2025.06.12	01:15:01.353	0.94179	0.94196			6
2025.06.12	01:15:01.662	0.94180	0.94199			6
2025.06.12	01:15:02.476	0.94179	0.94196			6
2025.06.12	01:15:03.258	0.94178	0.94198			6
2025.06.12	01:15:03.601	0.94180	0.94201			6
2025.06.12	01:15:04.063	0.94181				2
2025.06.12	01:15:04.374	0.94175	0.94198			6
2025.06.12	01:15:05.419	0.94180	0.94201			6
2025.06.12	01:15:08.982	0.94181				2
2025.06.12	01:15:09.299	0.94179				2
2025.06.12	01:15:10.300	0.94182				2
2025.06.12	01:15:11.388	0.94177	0.94204			6
2025.06.12	01:15:12.005	0.94181				2
2025.06.12	01:15:12.630	0.94182	0.94203			6
2025.06.12	01:15:12.940	0.94180	0.94201			6
2025.06.12	01:15:17.339	0.94181				2
2025.06.12	01:15:18.896	0.94180				2
2025.06.12	01:15:19.231	0.94177				2
2025.06.12	01:15:22.450	0.94179				2
2025.06.12	01:15:22.778	0.94178	0.94204			6
2025.06.12	01:15:23.110		0.94201			4
2025.06.12	01:15:23.419	0.94177				2
2025.06.12	01:15:23.741	0.94178				2
2025.06.12	01:15:24.845	0.94180				2
2025.06.12	01:15:25.167		0.94200			4
2025.06.12	01:15:25.989	0.94182				2
2025.06.12	01:15:29.882	0.94181				2
2025.06.12	01:15:30.224	0.94179	0.94201			6
2025.06.12	01:15:32.298	0.94181				2
2025.06.12	01:15:52.093		0.94204			4
2025.06.12	01:15:52.683	0.94180				2
2025.06.12	01:15:53.538		0.94203			4
2025.06.12	01:15:53.869	0.94182				2
2025.06.12	01:15:55.214	0.94180				2
2025.06.12	01:15:56.226	0.94182				2
2025.06.12	01:16:00.400	0.94182				2
2025.06.12	01:16:06.624		0.94204			4
2025.06.12	01:16:07.939	0.94186	0.94206			6
2025.06.12	01:16:08.240	0.94193	0.94215			6
2025.06.12	01:16:08.576	0.94199	0.94216			6
2025.06.12	01:16:10.358	0.94204	0.94215			6
2025.06.12	01:16:11.138		0.94217			4
2025.06.12	01:16:20.715	0.94207				2
2025.06.12	01:16:22.614	0.94206				2
2025.06.12	01:16:25.641	0.94208				2
2025.06.12	01:16:30.208	0.94209	0.94218			6
2025.06.12	01:16:30.955	0.94207				2
2025.06.12	01:16:32.974	0.94211	0.94222			6
2025.06.12	01:16:33.336	0.94210				2
2025.06.12	01:16:34.128	0.94209				2
2025.06.12	01:16:34.480	0.94210				2
2025.06.12	01:16:34.905	0.94209				2
2025.06.12	01:16:35.420	0.94210				2
2025.06.12	01:16:37.574	0.94209				2
2025.06.12	01:16:40.218	0.94210				2
2025.06.12	01:16:41.623	0.94204	0.94213			6
2025.06.12	01:16:42.658	0.94207	0.94215			6
2025.06.12	01:16:44.365		0.94222			4
2025.06.12	01:16:46.518	0.94204	0.94211			6
2025.06.12	01:16:46.838	0.94205	0.94212			6
2025.06.12	01:17:00.855	0.94205				2
2025.06.12	01:17:11.587		0.94213			4
2025.06.12	01:17:13.382	0.94196				2
2025.06.12	01:17:17.505		0.94212			4
2025.06.12	01:17:27.419	0.94195	0.94211			6
2025.06.12	01:17:28.355	0.94204				2
2025.06.12	01:17:29.104	0.94205	0.94214			6
2025.06.12	01:17:31.789	0.94195				2
2025.06.12	01:17:33.325	0.94197				2
2025.06.12	01:17:46.230	0.94206				2
2025.06.12	01:17:50.241	0.94185	0.94204			6
2025.06.12	01:17:52.153		0.94203			4
2025.06.12	01:17:54.788	0.94184				2
2025.06.12	01:18:00.360	0.94184	0.94204			6
2025.06.12	01:18:00.734	0.94185				2
2025.06.12	01:18:01.689	0.94184				2
2025.06.12	01:18:01.999	0.94182	0.94199			6
2025.06.12	01:18:03.198		0.94200			4
2025.06.12	01:18:04.169		0.94199			4
2025.06.12	01:18:07.377	0.94178				2
2025.06.12	01:18:44.131	0.94176	0.94195			6
2025.06.12	01:18:44.443	0.94175	0.94194			6
2025.06.12	01:18:45.222		0.94195			4
2025.06.12	01:18:45.539	0.94177	0.94196			6
2025.06.12	01:18:46.987		0.94197			4
2025.06.12	01:18:47.785		0.94196			4
2025.06.12	01:18:48.790	0.94176				2
2025.06.12	01:18:50.588		0.94197			4
2025.06.12	01:18:52.877		0.94196			4
2025.06.12	01:18:54.997		0.94197			4
2025.06.12	01:18:56.799	0.94178	0.94198			6
2025.06.12	01:19:00.358	0.94178				2
2025.06.12	01:19:19.922	0.94177				2
2025.06.12	01:19:21.280	0.94176	0.94196			6
2025.06.12	01:19:21.586	0.94177	0.94197			6
2025.06.12	01:19:44.287	0.94176	0.94198			6
2025.06.12	01:19:44.798		0.94197			4
2025.06.12	01:19:49.087	0.94177				2
2025.06.12	01:19:50.571	0.94178				2
2025.06.12	01:19:51.617	0.94177				2
2025.06.12	01:19:57.161	0.94178	0.94199			6
2025.06.12	01:20:00.489	0.94178				2
2025.06.12	01:20:04.146		0.94198			4
2025.06.12	01:20:04.659	0.94179				2
2025.06.12	01:20:06.083		0.94199			4
2025.06.12	01:20:08.373	0.94178	0.94196			6
2025.06.12	01:20:16.564	0.94177				2
2025.06.12	01:20:17.289		0.94195			4
2025.06.12	01:20:32.923		0.94196			4
2025.06.12	01:20:39.858		0.94195			4
2025.06.12	01:20:49.089	0.94179	0.94196			6
2025.06.12	01:20:50.123		0.94197			4
2025.06.12	01:20:51.189	0.94178	0.94195			6
2025.06.12	01:20:52.358	0.94175	0.94193			6
2025.06.12	01:20:53.591	0.94176				2
2025.06.12	01:20:55.091		0.94195			4
2025.06.12	01:20:55.440	0.94177				2
2025.06.12	01:20:55.801	0.94176	0.94194			6
2025.06.12	01:20:56.733	0.94174	0.94192			6
2025.06.12	01:20:59.302	0.94173				2
2025.06.12	01:21:00.358	0.94173				2
2025.06.12	01:21:02.941	0.94172	0.94191			6
2025.06.12	01:21:11.532	0.94175	0.94193			6
2025.06.12	01:21:11.840		0.94194			4
2025.06.12	01:21:32.750	0.94171	0.94186			6
2025.06.12	01:21:33.065	0.94173				2
2025.06.12	01:21:33.417	0.94172				2
2025.06.12	01:21:40.600	0.94168				2
2025.06.12	01:21:40.903	0.94172				2
2025.06.12	01:21:42.294	0.94170				2
2025.06.12	01:21:43.436	0.94171				2
2025.06.12	01:21:43.773	0.94172				2
2025.06.12	01:21:45.426	0.94170				2
2025.06.12	01:21:46.718	0.94172				2
2025.06.12	01:21:47.514	0.94170				2
2025.06.12	01:21:47.988	0.94169				2
2025.06.12	01:21:48.758	0.94170				2
2025.06.12	01:21:49.460	0.94172				2
2025.06.12	01:21:50.521	0.94169				2
2025.06.12	01:21:51.140	0.94170				2
2025.06.12	01:21:51.443	0.94172				2
2025.06.12	01:22:00.076	0.94172				2
2025.06.12	01:22:17.117		0.94188			4
2025.06.12	01:22:18.308	0.94173				2
2025.06.12	01:22:19.259	0.94172				2
2025.06.12	01:22:20.411	0.94173				2
2025.06.12	01:22:21.372	0.94172				2
2025.06.12	01:22:22.411	0.94173				2
2025.06.12	01:22:22.718	0.94172				2
2025.06.12	01:22:24.555	0.94173				2
2025.06.12	01:22:25.949	0.94172				2
2025.06.12	01:22:26.634	0.94173				2
2025.06.12	01:22:26.978	0.94172				2
2025.06.12	01:22:27.666	0.94173				2
2025.06.12	01:22:28.700	0.94172				2
2025.06.12	01:22:29.099	0.94173				2
2025.06.12	01:22:30.000	0.94172				2
2025.06.12	01:22:31.037	0.94173				2
2025.06.12	01:22:41.768	0.94174				2
2025.06.12	01:22:42.092	0.94173				2
2025.06.12	01:22:43.517	0.94175	0.94190			6
2025.06.12	01:22:43.819	0.94174				2
2025.06.12	01:22:52.280	0.94173				2
2025.06.12	01:22:53.971	0.94174				2
2025.06.12	01:22:54.873	0.94173				2
2025.06.12	01:23:01.384	0.94175	0.94192			6
2025.06.12	01:23:01.749	0.94176				2
2025.06.12	01:23:03.630		0.94193			4
2025.06.12	01:23:04.385	0.94177	0.94194			6
2025.06.12	01:23:05.544	0.94178	0.94195			6
2025.06.12	01:23:22.642	0.94176	0.94194			6
2025.06.12	01:23:28.988		0.94193			4
2025.06.12	01:23:34.274		0.94192			4
2025.06.12	01:23:36.368	0.94175				2
2025.06.12	01:23:40.403	0.94177	0.94194			6
2025.06.12	01:23:42.486	0.94178				2
2025.06.12	01:23:45.771		0.94195			4
2025.06.12	01:23:56.961	0.94174	0.94190			6
2025.06.12	01:23:57.274	0.94175				2
2025.06.12	01:24:00.457	0.94175	0.94192			6
2025.06.12	01:24:01.311		0.94190			4
2025.06.12	01:24:04.379	0.94174				2
2025.06.12	01:24:06.363	0.94175	0.94193			6
2025.06.12	01:24:09.492	0.94174				2
2025.06.12	01:24:10.389	0.94175				2
2025.06.12	01:24:15.436	0.94174				2
2025.06.12	01:24:16.073	0.94175				2
2025.06.12	01:24:16.469	0.94174				2
2025.06.12	01:24:17.892	0.94175				2
2025.06.12	01:24:31.390	0.94174	0.94191			6
2025.06.12	01:24:32.354	0.94173				2
2025.06.12	01:24:32.995	0.94174				2
2025.06.12	01:24:35.347	0.94175				2
2025.06.12	01:24:35.672	0.94174				2
2025.06.12	01:24:36.849	0.94173	0.94189			6
2025.06.12	01:24:37.739		0.94191			4
2025.06.12	01:24:38.673	0.94174				2
2025.06.12	01:24:39.717	0.94173				2
2025.06.12	01:24:40.636	0.94174				2
2025.06.12	01:24:49.079	0.94173				2
2025.06.12	01:24:49.993	0.94174				2
2025.06.12	01:24:52.213	0.94173				2
2025.06.12	01:25:00.567	0.94173				2
2025.06.12	01:25:02.943		0.94190			4
2025.06.12	01:25:04.185	0.94175	0.94192			6
2025.06.12	01:25:04.537		0.94190			4
2025.06.12	01:25:06.315	0.94176				2
2025.06.12	01:25:06.629	0.94175				2
2025.06.12	01:25:10.729	0.94176				2
2025.06.12	01:25:11.636	0.94175				2
2025.06.12	01:25:11.952		0.94189			4
2025.06.12	01:25:14.353	0.94173	0.94188			6
2025.06.12	01:25:14.917	0.94174				2
2025.06.12	01:25:15.231	0.94175	0.94189			6
2025.06.12	01:25:15.534		0.94190			4
2025.06.12	01:25:20.357		0.94191			4
2025.06.12	01:25:26.961	0.94177				2
2025.06.12	01:25:27.284	0.94176				2
2025.06.12	01:25:37.173	0.94174				2
2025.06.12	01:25:44.437	0.94176				2
2025.06.12	01:25:46.395	0.94178	0.94193			6
2025.06.12	01:25:46.966		0.94194			4
2025.06.12	01:25:51.555		0.94195			4
2025.06.12	01:25:52.830	0.94179				2
2025.06.12	01:25:53.737	0.94178				2
2025.06.12	01:25:54.493	0.94179				2
2025.06.12	01:25:55.816	0.94178				2
2025.06.12	01:25:56.294	0.94179				2
2025.06.12	01:25:58.593		0.94196			4
2025.06.12	01:25:58.947	0.94178				2
2025.06.12	01:25:59.764	0.94179				2
2025.06.12	01:26:00.994	0.94179				2
2025.06.12	01:26:02.026	0.94178				2
2025.06.12	01:26:02.588	0.94179				2
2025.06.12	01:26:03.063	0.94178				2
2025.06.12	01:26:06.787	0.94179	0.94195			6
2025.06.12	01:26:12.386	0.94178	0.94196			6
2025.06.12	01:26:15.434	0.94179	0.94195			6
2025.06.12	01:26:16.533	0.94178	0.94196			6
2025.06.12	01:26:17.287	0.94179	0.94195			6
2025.06.12	01:26:18.607	0.94181	0.94197			6
2025.06.12	01:26:20.570	0.94179	0.94195			6
2025.06.12	01:26:23.887	0.94180				2
2025.06.12	01:26:25.085		0.94197			4
2025.06.12	01:26:25.686		0.94196			4
2025.06.12	01:26:31.032		0.94197			4
2025.06.12	01:26:32.317	0.94181				2
2025.06.12	01:26:36.418	0.94182				2
2025.06.12	01:26:37.514	0.94181				2
2025.06.12	01:26:38.682	0.94182				2
2025.06.12	01:26:40.623	0.94181				2
2025.06.12	01:26:42.486	0.94182				2
2025.06.12	01:26:43.731	0.94181				2
2025.06.12	01:26:44.285	0.94182				2
2025.06.12	01:26:46.837		0.94198			4
2025.06.12	01:27:00.004	0.94179	0.94196			6
2025.06.12	01:27:04.962	0.94178				2
2025.06.12	01:27:05.921	0.94179				2
2025.06.12	01:27:07.044	0.94178				2
2025.06.12	01:27:07.545	0.94179				2
2025.06.12	01:27:08.598	0.94178				2
2025.06.12	01:27:10.355	0.94179				2
2025.06.12	01:27:19.107		0.94195			4
2025.06.12	01:27:20.745		0.94196			4
2025.06.12	01:27:21.786		0.94195			4
2025.06.12	01:27:24.123	0.94178	0.94196			6
2025.06.12	01:27:32.712	0.94179				2
2025.06.12	01:27:34.352	0.94178				2
2025.06.12	01:27:38.320	0.94179				2
2025.06.12	01:27:41.729	0.94178				2
2025.06.12	01:27:53.585	0.94179				2
2025.06.12	01:27:54.573	0.94178				2
2025.06.12	01:27:57.489	0.94179				2
2025.06.12	01:28:00.894	0.94179				2
2025.06.12	01:28:04.481	0.94178				2
2025.06.12	01:28:06.571	0.94181				2
2025.06.12	01:28:07.134		0.94198			4
2025.06.12	01:28:08.716	0.94182				2
2025.06.12	01:28:22.388	0.94178	0.94196			6
2025.06.12	01:28:23.119	0.94179	0.94194			6
2025.06.12	01:28:29.236		0.94195			4
2025.06.12	01:28:30.187		0.94194			4
2025.06.12	01:28:31.413		0.94195			4
2025.06.12	01:28:32.287		0.94194			4
2025.06.12	01:28:33.373		0.94195			4
2025.06.12	01:28:38.587		0.94194			4
2025.06.12	01:28:41.722		0.94195			4
2025.06.12	01:28:43.675		0.94194			4
2025.06.12	01:28:51.053		0.94195			4
2025.06.12	01:28:51.787		0.94194			4
2025.06.12	01:28:53.221	0.94178	0.94193			6
2025.06.12	01:28:58.667		0.94194			4
2025.06.12	01:29:00.089	0.94180	0.94196			6
2025.06.12	01:29:01.088	0.94179				2
2025.06.12	01:29:01.868	0.94181	0.94199			6
2025.06.12	01:29:03.008	0.94183	0.94198			6
2025.06.12	01:29:03.835		0.94199			4
2025.06.12	01:29:11.591		0.94200			4
2025.06.12	01:29:13.389		0.94199			4
2025.06.12	01:29:17.288		0.94197			4
2025.06.12	01:29:17.954	0.94181				2
2025.06.12	01:29:19.423	0.94180	0.94199			6
2025.06.12	01:29:27.532	0.94178	0.94194			6
2025.06.12	01:29:28.043		0.94195			4
2025.06.12	01:29:29.531	0.94177	0.94194			6
2025.06.12	01:29:29.851	0.94181	0.94196			6
2025.06.12	01:29:46.113		0.94195			4
2025.06.12	01:29:49.989		0.94194			4
2025.06.12	01:29:50.292	0.94179				2
2025.06.12	01:29:52.387		0.94195			4
2025.06.12	01:29:56.496	0.94178	0.94193			6
2025.06.12	01:29:59.116	0.94177	0.94194			6
2025.06.12	01:30:00.305	0.94179				2
2025.06.12	01:30:00.625	0.94180	0.94195			6
2025.06.12	01:30:02.248	0.94182	0.94187			6
2025.06.12	01:30:02.897	0.94181	0.94186			6
2025.06.12	01:30:03.806	0.94180	0.94185			6
2025.06.12	01:30:04.107	0.94181	0.94186			6
2025.06.12	01:30:04.714	0.94178	0.94195			6
2025.06.12	01:30:05.141	0.94179				2
2025.06.12	01:30:06.944	0.94178				2
2025.06.12	01:30:08.777	0.94179				2
2025.06.12	01:30:10.383	0.94178	0.94196			6
2025.06.12	01:30:10.690	0.94179				2
2025.06.12	01:30:13.128		0.94197			4
2025.06.12	01:30:13.455	0.94180				2
2025.06.12	01:30:14.169	0.94179				2
2025.06.12	01:30:15.519		0.94196			4
2025.06.12	01:30:16.087		0.94197			4
2025.06.12	01:30:18.859		0.94196			4
2025.06.12	01:30:21.067		0.94195			4
2025.06.12	01:30:21.686		0.94196			4
2025.06.12	01:30:22.010	0.94181	0.94195			6
2025.06.12	01:30:22.325	0.94180				2
2025.06.12	01:30:23.116	0.94181				2
2025.06.12	01:30:23.421	0.94180	0.94196			6
2025.06.12	01:30:23.772	0.94178	0.94194			6
2025.06.12	01:30:25.011	0.94181	0.94195			6
2025.06.12	01:30:26.629	0.94180				2
2025.06.12	01:30:28.087	0.94181				2
2025.06.12	01:30:29.518		0.94196			4
2025.06.12	01:30:38.888	0.94182	0.94197			6
2025.06.12	01:30:40.498	0.94181				2
2025.06.12	01:30:42.548	0.94182				2
2025.06.12	01:30:48.209	0.94183				2
2025.06.12	01:30:49.741		0.94196			4
2025.06.12	01:30:50.377	0.94184				2
2025.06.12	01:30:50.746		0.94197			4
2025.06.12	01:31:01.666	0.94184				2
2025.06.12	01:31:06.903	0.94185				2
2025.06.12	01:31:09.744	0.94183				2
2025.06.12	01:31:11.588		0.94196			4
2025.06.12	01:31:12.749	0.94180				2
2025.06.12	01:31:13.386		0.94195			4
2025.06.12	01:31:15.924		0.94196			4
2025.06.12	01:31:16.572		0.94195			4
2025.06.12	01:31:18.946	0.94184				2
2025.06.12	01:31:19.757	0.94182	0.94196			6
2025.06.12	01:31:22.604	0.94181	0.94195			6
2025.06.12	01:31:22.921		0.94194			4
2025.06.12	01:31:23.287		0.94195			4
2025.06.12	01:31:24.272	0.94179	0.94193			6
2025.06.12	01:31:28.377		0.94194			4
2025.06.12	01:31:30.377		0.94196			4
2025.06.12	01:31:31.210	0.94180				2
2025.06.12	01:31:32.644		0.94197			4
2025.06.12	01:31:33.335		0.94195			4
2025.06.12	01:31:35.059		0.94197			4
2025.06.12	01:31:35.526		0.94195			4
2025.06.12	01:31:35.978		0.94196			4
2025.06.12	01:31:38.485		0.94195			4
2025.06.12	01:31:38.812		0.94196			4
2025.06.12	01:31:40.390		0.94195			4
2025.06.12	01:31:40.819	0.94179	0.94192			6
2025.06.12	01:31:42.434	0.94180	0.94193			6
2025.06.12	01:31:43.208	0.94179				2
2025.06.12	01:31:44.338	0.94180				2
2025.06.12	01:31:47.109	0.94179				2
2025.06.12	01:31:47.499	0.94180				2
2025.06.12	01:31:49.258		0.94192			4
2025.06.12	01:31:51.051		0.94193			4
2025.06.12	01:31:53.709	0.94179				2
2025.06.12	01:31:54.675	0.94180				2
2025.06.12	01:32:00.301	0.94180				2
2025.06.12	01:32:01.191		0.94192			4
2025.06.12	01:32:02.031		0.94193			4
2025.06.12	01:32:03.040		0.94194			4
2025.06.12	01:32:03.782		0.94192			4
2025.06.12	01:32:07.243		0.94193			4
2025.06.12	01:32:10.488		0.94192			4
2025.06.12	01:32:18.623	0.94182	0.94193			6
2025.06.12	01:32:19.594	0.94183	0.94194			6
2025.06.12	01:32:19.935	0.94179	0.94190			6
2025.06.12	01:32:21.093		0.94189			4
2025.06.12	01:32:21.790		0.94190			4
2025.06.12	01:32:32.990	0.94178	0.94189			6
2025.06.12	01:32:33.328		0.94188			4
2025.06.12	01:32:35.182	0.94177				2
2025.06.12	01:32:39.078	0.94176				2
2025.06.12	01:32:40.060	0.94184	0.94194			6
2025.06.12	01:32:40.362	0.94180				2
2025.06.12	01:32:40.679		0.94191			4
2025.06.12	01:32:42.686	0.94181	0.94195			6
2025.06.12	01:32:43.004		0.94194			4
2025.06.12	01:32:43.953	0.94182				2
2025.06.12	01:32:44.263	0.94181				2
2025.06.12	01:32:44.586		0.94193			4
2025.06.12	01:32:49.990		0.94192			4
2025.06.12	01:32:56.900	0.94182				2
2025.06.12	01:33:00.284	0.94182	0.94191			6
2025.06.12	01:33:03.787		0.94192			4
2025.06.12	01:33:06.081		0.94191			4
2025.06.12	01:33:10.354		0.94192			4
2025.06.12	01:33:13.336		0.94193			4
2025.06.12	01:33:19.999		0.94192			4
2025.06.12	01:33:20.321		0.94193			4
2025.06.12	01:33:22.099		0.94192			4
2025.06.12	01:33:29.359		0.94195			4
2025.06.12	01:33:31.992		0.94194			4
2025.06.12	01:33:35.070	0.94183	0.94193			6
2025.06.12	01:33:43.831	0.94182				2
2025.06.12	01:33:47.587	0.94184				2
2025.06.12	01:33:49.478	0.94182				2
2025.06.12	01:33:49.986		0.94192			4
2025.06.12	01:33:59.715	0.94185	0.94195			6
2025.06.12	01:34:00.360	0.94185				2
2025.06.12	01:34:51.848	0.94186				2
2025.06.12	01:35:00.586	0.94186	0.94195			6
2025.06.12	01:35:12.375	0.94185				2
2025.06.12	01:35:30.806		0.94196			4
2025.06.12	01:35:32.383		0.94195			4
2025.06.12	01:35:35.031		0.94196			4
2025.06.12	01:35:38.139		0.94195			4
2025.06.12	01:35:38.907	0.94186	0.94197			6
2025.06.12	01:35:39.951		0.94196			4
2025.06.12	01:35:41.343		0.94197			4
2025.06.12	01:35:44.768	0.94187				2
2025.06.12	01:35:45.843		0.94198			4
2025.06.12	01:35:47.935		0.94197			4
2025.06.12	01:35:51.188		0.94196			4
2025.06.12	01:35:54.755	0.94188	0.94197			6
2025.06.12	01:35:57.698	0.94186	0.94196			6
2025.06.12	01:36:00.109	0.94186				2
2025.06.12	01:36:03.489		0.94197			4
2025.06.12	01:36:04.102		0.94196			4
2025.06.12	01:36:06.755		0.94195			4
2025.06.12	01:36:13.776	0.94188	0.94196			6
2025.06.12	01:36:17.180		0.94197			4
2025.06.12	01:36:17.497	0.94186	0.94196			6
2025.06.12	01:36:24.823		0.94195			4
2025.06.12	01:36:30.518	0.94189	0.94198			6
2025.06.12	01:36:31.206		0.94199			4
2025.06.12	01:36:34.689		0.94200			4
2025.06.12	01:36:36.786		0.94199			4
2025.06.12	01:36:37.298	0.94190	0.94201			6
2025.06.12	01:36:40.273	0.94189	0.94199			6
2025.06.12	01:36:43.087		0.94198			4
2025.06.12	01:36:49.770	0.94188				2
2025.06.12	01:37:00.183	0.94188				2
2025.06.12	01:37:00.523	0.94189				2
2025.06.12	01:37:10.043		0.94199			4
2025.06.12	01:37:10.431		0.94198			4
2025.06.12	01:37:16.772	0.94192	0.94203			6
2025.06.12	01:37:22.666	0.94194	0.94204			6
2025.06.12	01:37:28.353	0.94193	0.94205			6
2025.06.12	01:37:28.691	0.94195	0.94204			6
2025.06.12	01:37:29.082		0.94205			4
2025.06.12	01:37:29.399	0.94194				2
2025.06.12	01:37:30.217		0.94204			4
2025.06.12	01:37:31.454	0.94199	0.94208			6
2025.06.12	01:37:34.073	0.94198	0.94207			6
2025.06.12	01:37:36.265	0.94195	0.94206			6
2025.06.12	01:37:38.627	0.94194	0.94205			6
2025.06.12	01:37:39.894		0.94208			4
2025.06.12	01:37:41.741		0.94207			4
2025.06.12	01:37:44.590		0.94205			4
2025.06.12	01:37:46.205		0.94206			4
2025.06.12	01:37:49.812		0.94205			4
2025.06.12	01:37:50.118	0.94195				2
2025.06.12	01:37:51.609	0.94196				2
2025.06.12	01:37:52.086		0.94206			4
2025.06.12	01:37:57.275		0.94207			4
2025.06.12	01:37:58.391	0.94198	0.94208			6
2025.06.12	01:38:00.222	0.94199	0.94209			6
2025.06.12	01:38:00.524		0.94210			4
2025.06.12	01:38:01.987	0.94198	0.94209			6
2025.06.12	01:38:02.356	0.94197	0.94208			6
2025.06.12	01:38:16.088	0.94196	0.94207			6
2025.06.12	01:38:27.364	0.94197	0.94208			6
2025.06.12	01:38:31.466	0.94196	0.94207			6
2025.06.12	01:38:33.465	0.94195	0.94206			6
2025.06.12	01:38:34.540		0.94207			4
2025.06.12	01:38:35.345	0.94193	0.94208			6
2025.06.12	01:38:35.669		0.94206			4
2025.06.12	01:38:37.265		0.94205			4
2025.06.12	01:38:44.595		0.94204			4
2025.06.12	01:38:47.587		0.94205			4
2025.06.12	01:38:52.513	0.94187	0.94201			6
2025.06.12	01:38:52.990		0.94199			4
2025.06.12	01:38:54.561	0.94189				2
2025.06.12	01:38:57.488		0.94200			4
2025.06.12	01:39:00.433	0.94191	0.94202			6
2025.06.12	01:39:00.788		0.94201			4
2025.06.12	01:39:01.443	0.94190				2
2025.06.12	01:39:02.122	0.94192				2
2025.06.12	01:39:10.705		0.94202			4
2025.06.12	01:39:11.535	0.94191	0.94204			6
2025.06.12	01:39:12.187		0.94202			4
2025.06.12	01:39:24.794	0.94192	0.94201			6
2025.06.12	01:39:25.096	0.94191				2
2025.06.12	01:39:26.891		0.94202			4
2025.06.12	01:39:36.487		0.94201			4
2025.06.12	01:39:40.147		0.94202			4
2025.06.12	01:39:40.460	0.94188	0.94200			6
2025.06.12	01:39:40.987		0.94199			4
2025.06.12	01:40:00.788	0.94188				2
2025.06.12	01:40:02.083	0.94198	0.94208			6
2025.06.12	01:40:02.451	0.94202	0.94212			6
2025.06.12	01:40:02.776	0.94201	0.94210			6
2025.06.12	01:40:04.162	0.94195	0.94209			6
2025.06.12	01:40:11.590		0.94210			4
2025.06.12	01:40:12.708		0.94208			4
2025.06.12	01:40:13.074		0.94207			4
2025.06.12	01:40:13.596		0.94206			4
2025.06.12	01:40:14.354	0.94197				2
2025.06.12	01:40:14.663		0.94207			4
2025.06.12	01:40:15.361	0.94198	0.94208			6
2025.06.12	01:40:15.721		0.94207			4
2025.06.12	01:40:22.625		0.94208			4
2025.06.12	01:40:22.932	0.94200				2
2025.06.12	01:40:23.240		0.94210			4
2025.06.12	01:40:25.674		0.94209			4
2025.06.12	01:40:37.492		0.94208			4
2025.06.12	01:40:40.791	0.94198	0.94210			6
2025.06.12	01:40:42.037	0.94199	0.94209			6
2025.06.12	01:40:51.189		0.94210			4
2025.06.12	01:40:52.031	0.94198				2
2025.06.12	01:40:53.471		0.94209			4
2025.06.12	01:40:55.172		0.94212			4
2025.06.12	01:40:56.138		0.94211			4
2025.06.12	01:40:56.589		0.94210			4
2025.06.12	01:40:59.094	0.94199	0.94211			6
2025.06.12	01:41:00.489	0.94199	0.94210			6
2025.06.12	01:41:03.871	0.94198	0.94211			6
2025.06.12	01:41:06.487	0.94199	0.94210			6
2025.06.12	01:41:08.092	0.94198	0.94211			6
2025.06.12	01:41:11.386	0.94200	0.94210			6
2025.06.12	01:41:11.704		0.94213			4
2025.06.12	01:41:16.574		0.94212			4
2025.06.12	01:41:19.972		0.94213			4
2025.06.12	01:41:21.489		0.94212			4
2025.06.12	01:41:25.622		0.94211			4
2025.06.12	01:41:27.870	0.94199				2
2025.06.12	01:41:38.441		0.94210			4
2025.06.12	01:41:41.641		0.94212			4
2025.06.12	01:41:44.588		0.94211			4
2025.06.12	01:41:52.991		0.94210			4
2025.06.12	01:41:55.988		0.94211			4
2025.06.12	01:42:00.455	0.94199	0.94212			6
2025.06.12	01:42:01.506	0.94200	0.94214			6
2025.06.12	01:42:01.837	0.94201	0.94213			6
2025.06.12	01:42:02.958		0.94215			4
2025.06.12	01:42:04.302	0.94196	0.94207			6
2025.06.12	01:42:04.659	0.94197	0.94208			6
2025.06.12	01:42:10.455		0.94207			4
2025.06.12	01:42:20.376	0.94198				2
2025.06.12	01:42:20.682		0.94211			4
2025.06.12	01:42:21.015	0.94201	0.94210			6
2025.06.12	01:42:21.326		0.94213			4
2025.06.12	01:42:27.892		0.94212			4
2025.06.12	01:42:34.147		0.94213			4
2025.06.12	01:42:36.085		0.94212			4
2025.06.12	01:43:00.316	0.94201				2
2025.06.12	01:43:02.503		0.94213			4
2025.06.12	01:43:03.789		0.94212			4
2025.06.12	01:43:09.816	0.94204	0.94214			6
2025.06.12	01:43:10.873		0.94213			4
2025.06.12	01:43:12.463		0.94214			4
2025.06.12	01:43:14.139	0.94202	0.94213			6
2025.06.12	01:43:20.589		0.94214			4
2025.06.12	01:43:22.406		0.94213			4
2025.06.12	01:43:27.786		0.94214			4
2025.06.12	01:43:28.419	0.94203	0.94213			6
2025.06.12	01:43:36.751	0.94205	0.94215			6
2025.06.12	01:43:37.681		0.94214			4
2025.06.12	01:43:38.032		0.94215			4
2025.06.12	01:43:52.189	0.94206				2
2025.06.12	01:44:00.493	0.94205				2
2025.06.12	01:44:37.080	0.94203				2
2025.06.12	01:44:38.354		0.94215			4
2025.06.12	01:45:01.279	0.94203				2
2025.06.12	01:45:14.220	0.94206				2
2025.06.12	01:45:14.570		0.94217			4
2025.06.12	01:45:14.895		0.94216			4
2025.06.12	01:45:19.943		0.94214			4
2025.06.12	01:45:20.423		0.94215			4
2025.06.12	01:45:20.980		0.94214			4
2025.06.12	01:45:21.281	0.94203	0.94213			6
2025.06.12	01:45:21.789	0.94204	0.94215			6
2025.06.12	01:45:24.788	0.94203				2
2025.06.12	01:45:26.906	0.94205				2
2025.06.12	01:45:29.495		0.94214			4
2025.06.12	01:45:30.678	0.94206	0.94216			6
2025.06.12	01:45:30.979		0.94215			4
2025.06.12	01:45:31.356	0.94204	0.94214			6
2025.06.12	01:45:59.678	0.94203	0.94213			6
2025.06.12	01:45:59.990		0.94214			4
2025.06.12	01:46:00.443	0.94204				2
2025.06.12	01:46:04.903	0.94203	0.94213			6
2025.06.12	01:46:10.387		0.94214			4
2025.06.12	01:46:15.298		0.94213			4
2025.06.12	01:46:16.407		0.94214			4
2025.06.12	01:46:41.848	0.94204				2
2025.06.12	01:46:57.699	0.94207	0.94219			6
2025.06.12	01:46:57.999	0.94208	0.94217			6
2025.06.12	01:46:58.341		0.94215			4
2025.06.12	01:47:00.472	0.94208				2
2025.06.12	01:47:01.100	0.94207				2
2025.06.12	01:47:13.734		0.94214			4
2025.06.12	01:47:20.157	0.94206	0.94215			6
2025.06.12	01:47:43.730		0.94214			4
2025.06.12	01:47:52.612	0.94205	0.94215			6
2025.06.12	01:47:53.699		0.94214			4
2025.06.12	01:48:00.454	0.94205				2
2025.06.12	01:48:06.487		0.94215			4
2025.06.12	01:48:07.720	0.94206				2
2025.06.12	01:48:20.891	0.94205				2
2025.06.12	01:48:24.367	0.94209	0.94219			6
2025.06.12	01:48:24.750	0.94210				2
2025.06.12	01:48:26.239	0.94208	0.94218			6
2025.06.12	01:48:31.816	0.94209				2
2025.06.12	01:48:32.287		0.94220			4
2025.06.12	01:48:32.759		0.94219			4
2025.06.12	01:48:33.121	0.94208				2
2025.06.12	01:48:33.422		0.94218			4
2025.06.12	01:48:33.966		0.94219			4
2025.06.12	01:48:34.827		0.94218			4
2025.06.12	01:48:35.192		0.94219			4
2025.06.12	01:48:35.991	0.94209				2
2025.06.12	01:48:37.983	0.94211	0.94220			6
2025.06.12	01:48:38.316	0.94210	0.94218			6
2025.06.12	01:48:40.586		0.94219			4
2025.06.12	01:48:40.895		0.94218			4
2025.06.12	01:48:43.365	0.94208	0.94217			6
2025.06.12	01:48:44.964		0.94218			4
2025.06.12	01:48:49.291		0.94217			4
2025.06.12	01:48:51.338		0.94218			4
2025.06.12	01:48:51.658		0.94217			4
2025.06.12	01:48:55.819		0.94218			4
2025.06.12	01:48:56.468		0.94217			4
2025.06.12	01:49:00.909	0.94208				2
2025.06.12	01:49:07.754		0.94218			4
2025.06.12	01:49:08.261	0.94210				2
2025.06.12	01:49:14.637		0.94219			4
2025.06.12	01:49:20.729		0.94220			4
2025.06.12	01:49:22.896		0.94219			4
2025.06.12	01:49:25.309		0.94222			4
2025.06.12	01:49:25.634		0.94218			4
2025.06.12	01:49:25.953		0.94219			4
2025.06.12	01:49:32.237	0.94209	0.94216			6
2025.06.12	01:50:00.571	0.94209				2
2025.06.12	01:50:06.742		0.94219			4
2025.06.12	01:50:08.970	0.94208				2
2025.06.12	01:50:10.388		0.94218			4
2025.06.12	01:50:31.988		0.94219			4
2025.06.12	01:50:34.796		0.94217			4
2025.06.12	01:50:35.899		0.94216			4
2025.06.12	01:50:46.294	0.94210	0.94220			6
2025.06.12	01:50:46.598	0.94211	0.94219			6
2025.06.12	01:50:53.194	0.94208	0.94216			6
2025.06.12	01:50:53.739		0.94217			4
2025.06.12	01:50:54.856		0.94216			4
2025.06.12	01:50:56.287		0.94217			4
2025.06.12	01:51:00.187	0.94208				2
2025.06.12	01:51:01.270	0.94207				2
2025.06.12	01:51:03.295	0.94208				2
2025.06.12	01:51:05.592	0.94207				2
2025.06.12	01:51:17.940	0.94210	0.94224			6
2025.06.12	01:51:18.271	0.94211	0.94222			6
2025.06.12	01:51:19.166	0.94210	0.94221			6
2025.06.12	01:51:19.633		0.94220			4
2025.06.12	01:51:20.024	0.94206	0.94215			6
2025.06.12	01:51:20.339		0.94217			4
2025.06.12	01:51:20.669		0.94218			4
2025.06.12	01:51:20.999	0.94205				2
2025.06.12	01:51:21.941	0.94207	0.94221			6
2025.06.12	01:51:25.393		0.94220			4
2025.06.12	01:51:27.787		0.94221			4
2025.06.12	01:51:29.206		0.94222			4
2025.06.12	01:51:30.319	0.94211	0.94223			6
2025.06.12	01:51:30.649		0.94225			4
2025.06.12	01:51:35.839	0.94210	0.94224			6
2025.06.12	01:51:36.377	0.94211	0.94225			6
2025.06.12	01:51:36.710	0.94212	0.94224			6
2025.06.12	01:51:37.038	0.94211	0.94222			6
2025.06.12	01:51:39.284	0.94209	0.94219			6
2025.06.12	01:51:40.575		0.94220			4
2025.06.12	01:51:42.290		0.94219			4
2025.06.12	01:51:43.197	0.94208				2
2025.06.12	01:51:44.516	0.94209	0.94222			6
2025.06.12	01:51:47.700		0.94221			4
2025.06.12	01:51:55.390	0.94210				2
2025.06.12	01:51:55.702	0.94209				2
2025.06.12	01:51:58.402		0.94220			4
2025.06.12	01:52:00.451	0.94209				2
2025.06.12	01:52:01.492	0.94210	0.94221			6
2025.06.12	01:52:03.528	0.94212	0.94223			6
2025.06.12	01:52:06.316	0.94211				2
2025.06.12	01:52:08.564		0.94222			4
2025.06.12	01:52:14.360	0.94212	0.94223			6
2025.06.12	01:52:18.161	0.94213				2
2025.06.12	01:52:18.473	0.94214				2
2025.06.12	01:52:20.045	0.94212	0.94225			6
2025.06.12	01:52:20.359	0.94213	0.94224			6
2025.06.12	01:52:24.372	0.94212	0.94225			6
2025.06.12	01:52:27.461	0.94213	0.94226			6
2025.06.12	01:52:31.242	0.94212	0.94223			6
2025.06.12	01:52:31.559		0.94222			4
2025.06.12	01:52:32.290	0.94211	0.94223			6
2025.06.12	01:52:32.599		0.94222			4
2025.06.12	01:52:37.389	0.94212	0.94223			6
2025.06.12	01:52:39.476	0.94213	0.94224			6
2025.06.12	01:52:40.689	0.94212	0.94223			6
2025.06.12	01:52:49.509	0.94213	0.94225			6
2025.06.12	01:52:50.614	0.94212	0.94224			6
2025.06.12	01:52:51.487	0.94213				2
2025.06.12	01:52:53.556	0.94211	0.94223			6
2025.06.12	01:52:55.766		0.94224			4
2025.06.12	01:52:56.850	0.94212	0.94225			6
2025.06.12	01:52:58.166	0.94211	0.94222			6
2025.06.12	01:52:59.574		0.94221			4
2025.06.12	01:53:00.408	0.94211				2
2025.06.12	01:53:03.697	0.94212				2
2025.06.12	01:53:04.526	0.94211	0.94223			6
2025.06.12	01:53:05.817	0.94212				2
2025.06.12	01:53:08.187	0.94211	0.94224			6
2025.06.12	01:53:08.551	0.94212	0.94223			6
2025.06.12	01:53:09.049	0.94210	0.94222			6
2025.06.12	01:53:10.382		0.94221			4
2025.06.12	01:53:11.162		0.94222			4
2025.06.12	01:53:11.473	0.94209				2
2025.06.12	01:53:14.871	0.94210	0.94221			6
2025.06.12	01:53:16.382	0.94209				2
2025.06.12	01:53:17.289	0.94208	0.94220			6
2025.06.12	01:53:19.008	0.94209	0.94221			6
2025.06.12	01:53:20.298	0.94210				2
2025.06.12	01:53:20.661	0.94211	0.94222			6
2025.06.12	01:53:26.023	0.94210	0.94220			6
2025.06.12	01:53:26.383	0.94209				2
2025.06.12	01:53:27.224		0.94221			4
2025.06.12	01:53:35.449	0.94210	0.94222			6
2025.06.12	01:53:39.274		0.94220			4
2025.06.12	01:53:39.581	0.94209				2
2025.06.12	01:53:43.389	0.94210				2
2025.06.12	01:53:44.336	0.94211				2
2025.06.12	01:53:45.397	0.94216	0.94225			6
2025.06.12	01:53:45.705	0.94215				2
2025.06.12	01:53:49.087	0.94214				2
2025.06.12	01:53:54.897		0.94226			4
2025.06.12	01:53:55.474	0.94215	0.94228			6
2025.06.12	01:53:58.087	0.94214				2
2025.06.12	01:53:58.967	0.94202	0.94213			6
2025.06.12	01:53:59.622	0.94201				2
2025.06.12	01:54:00.269	0.94201	0.94212			6
2025.06.12	01:54:00.571	0.94200				2
2025.06.12	01:54:03.315	0.94201				2
2025.06.12	01:54:06.364	0.94203	0.94214			6
2025.06.12	01:54:09.046	0.94204				2
2025.06.12	01:54:09.489	0.94203				2
2025.06.12	01:54:10.064	0.94204				2
2025.06.12	01:54:10.388	0.94203				2
2025.06.12	01:54:10.860	0.94204				2
2025.06.12	01:54:11.587	0.94203				2
2025.06.12	01:54:12.135	0.94204				2
2025.06.12	01:54:12.488	0.94203				2
2025.06.12	01:54:13.052		0.94215			4
2025.06.12	01:54:14.588	0.94204				2
2025.06.12	01:54:15.368	0.94203				2
2025.06.12	01:54:17.297	0.94204				2
2025.06.12	01:54:21.251	0.94202	0.94213			6
2025.06.12	01:54:25.394	0.94201				2
2025.06.12	01:54:26.233		0.94215			4
2025.06.12	01:54:26.588		0.94214			4
2025.06.12	01:54:27.011	0.94202				2
2025.06.12	01:54:31.687	0.94203				2
2025.06.12	01:54:32.199	0.94199	0.94211			6
2025.06.12	01:54:32.572	0.94200				2
2025.06.12	01:54:32.884	0.94199	0.94209			6
2025.06.12	01:54:33.199		0.94211			4
2025.06.12	01:54:42.184	0.94198	0.94210			6
2025.06.12	01:54:43.014		0.94211			4
2025.06.12	01:54:44.376	0.94202	0.94213			6
2025.06.12	01:54:44.968	0.94201				2
2025.06.12	01:54:45.642	0.94202				2
2025.06.12	01:54:45.982	0.94201				2
2025.06.12	01:54:48.941		0.94212			4
2025.06.12	01:54:50.200	0.94202				2
2025.06.12	01:54:50.995		0.94214			4
2025.06.12	01:54:56.237		0.94213			4
2025.06.12	01:55:00.574	0.94202				2
2025.06.12	01:55:01.213	0.94201	0.94212			6
2025.06.12	01:55:02.731	0.94198	0.94209			6
2025.06.12	01:55:03.137	0.94199				2
2025.06.12	01:55:07.122	0.94198				2
2025.06.12	01:55:08.535	0.94199				2
2025.06.12	01:55:11.793	0.94198				2
2025.06.12	01:55:16.904	0.94199				2
2025.06.12	01:55:18.418	0.94200	0.94210			6
2025.06.12	01:55:18.733	0.94199				2
2025.06.12	01:55:19.756	0.94198				2
2025.06.12	01:55:22.875	0.94196	0.94208			6
2025.06.12	01:55:23.183	0.94195	0.94207			6
2025.06.12	01:55:26.582	0.94196	0.94208			6
2025.06.12	01:55:29.867	0.94198				2
2025.06.12	01:55:30.211	0.94197				2
2025.06.12	01:55:30.757	0.94198				2
2025.06.12	01:55:32.012	0.94195				2
2025.06.12	01:55:33.090	0.94196				2
2025.06.12	01:55:34.161	0.94195				2
2025.06.12	01:55:37.292	0.94196				2
2025.06.12	01:55:40.169	0.94195	0.94207			6
2025.06.12	01:55:40.952	0.94198	0.94208			6
2025.06.12	01:55:44.994		0.94210			4
2025.06.12	01:55:54.787	0.94196	0.94208			6
2025.06.12	01:55:55.098	0.94197				2
2025.06.12	01:55:55.543	0.94196				2
2025.06.12	01:55:58.624	0.94197				2
2025.06.12	01:55:59.649	0.94198	0.94210			6
2025.06.12	01:56:00.299	0.94198				2
2025.06.12	01:56:02.243	0.94197	0.94209			6
2025.06.12	01:56:03.795	0.94196				2
2025.06.12	01:56:05.398	0.94195	0.94207			6
2025.06.12	01:56:05.889	0.94192	0.94203			6
2025.06.12	01:56:06.199		0.94204			4
2025.06.12	01:56:11.359	0.94194	0.94205			6
2025.06.12	01:56:14.555		0.94206			4
2025.06.12	01:56:14.892		0.94205			4
2025.06.12	01:56:15.271		0.94206			4
2025.06.12	01:56:22.953		0.94207			4
2025.06.12	01:56:24.676	0.94195				2
2025.06.12	01:56:25.007	0.94194				2
2025.06.12	01:56:25.341	0.94193				2
2025.06.12	01:56:35.733	0.94194	0.94206			6
2025.06.12	01:56:36.047		0.94207			4
2025.06.12	01:56:40.056	0.94193				2
2025.06.12	01:56:42.796	0.94194				2
2025.06.12	01:56:50.693	0.94193	0.94205			6
2025.06.12	01:56:52.189	0.94189	0.94202			6
2025.06.12	01:56:52.516	0.94188	0.94201			6
2025.06.12	01:56:52.834	0.94189				2
2025.06.12	01:56:53.817	0.94194				2
2025.06.12	01:56:54.119	0.94191	0.94202			6
2025.06.12	01:56:55.184	0.94190				2
2025.06.12	01:56:55.489		0.94201			4
2025.06.12	01:56:57.150	0.94189				2
2025.06.12	01:56:58.097	0.94188	0.94200			6
2025.06.12	01:57:00.118	0.94188				2
2025.06.12	01:57:05.680	0.94194	0.94203			6
2025.06.12	01:57:05.981	0.94192				2
2025.06.12	01:57:06.293	0.94188	0.94199			6
2025.06.12	01:57:07.761		0.94198			4
2025.06.12	01:57:09.059	0.94190	0.94201			6
2025.06.12	01:57:10.115	0.94193	0.94202			6
2025.06.12	01:57:10.419	0.94192				2
2025.06.12	01:57:10.734	0.94191				2
2025.06.12	01:57:11.118	0.94190				2
2025.06.12	01:57:11.963	0.94191	0.94203			6
2025.06.12	01:57:14.074	0.94190	0.94202			6
2025.06.12	01:57:15.767		0.94203			4
2025.06.12	01:57:17.287		0.94202			4
2025.06.12	01:57:21.187	0.94191	0.94203			6
2025.06.12	01:57:25.900	0.94198	0.94210			6
2025.06.12	01:57:26.211	0.94199	0.94211			6
2025.06.12	01:57:26.531	0.94198	0.94210			6
2025.06.12	01:57:28.287	0.94197				2
2025.06.12	01:57:29.983		0.94209			4
2025.06.12	01:57:30.318	0.94193	0.94205			6
2025.06.12	01:57:31.222	0.94196	0.94208			6
2025.06.12	01:57:33.598	0.94198	0.94209			6
2025.06.12	01:57:34.712	0.94202	0.94214			6
2025.06.12	01:57:35.039	0.94205	0.94216			6
2025.06.12	01:57:35.342	0.94206	0.94218			6
2025.06.12	01:57:35.959	0.94207	0.94219			6
2025.06.12	01:57:36.377	0.94208				2
2025.06.12	01:57:37.315	0.94203	0.94215			6
2025.06.12	01:57:39.718	0.94204	0.94216			6
2025.06.12	01:57:40.218	0.94207	0.94219			6
2025.06.12	01:57:40.519	0.94206	0.94218			6
2025.06.12	01:57:40.820	0.94204	0.94217			6
2025.06.12	01:57:42.175	0.94203	0.94215			6
2025.06.12	01:57:42.483		0.94216			4
2025.06.12	01:57:43.158	0.94204				2
2025.06.12	01:57:47.763	0.94202	0.94215			6
2025.06.12	01:57:48.084	0.94203				2
2025.06.12	01:57:48.487		0.94216			4
2025.06.12	01:57:48.802	0.94210	0.94221			6
2025.06.12	01:57:49.120		0.94220			4
2025.06.12	01:57:51.055	0.94209				2
2025.06.12	01:57:51.720	0.94207	0.94217			6
2025.06.12	01:57:55.246		0.94216			4
2025.06.12	01:57:55.892		0.94217			4
2025.06.12	01:57:56.201	0.94208	0.94220			6
2025.06.12	01:57:56.531		0.94219			4
2025.06.12	01:57:57.812	0.94209				2
2025.06.12	01:57:58.674		0.94220			4
2025.06.12	01:58:00.414	0.94209				2
2025.06.12	01:58:04.458		0.94219			4
2025.06.12	01:58:05.196		0.94220			4
2025.06.12	01:58:07.607	0.94211				2
2025.06.12	01:58:07.921	0.94210	0.94221			6
2025.06.12	01:58:08.672		0.94222			4
2025.06.12	01:58:09.384		0.94221			4
2025.06.12	01:58:09.743	0.94212	0.94222			6
2025.06.12	01:58:10.060	0.94215	0.94227			6
2025.06.12	01:58:10.664	0.94214	0.94226			6
2025.06.12	01:58:10.979	0.94213	0.94227			6
2025.06.12	01:58:12.191	0.94214				2
2025.06.12	01:58:12.524	0.94213				2
2025.06.12	01:58:13.284	0.94214				2
2025.06.12	01:58:14.095		0.94228			4
2025.06.12	01:58:14.417	0.94216	0.94227			6
2025.06.12	01:58:14.868	0.94211	0.94225			6
2025.06.12	01:58:15.494	0.94222	0.94234			6
2025.06.12	01:58:15.809		0.94233			4
2025.06.12	01:58:16.141	0.94223				2
2025.06.12	01:58:16.458	0.94225	0.94236			6
2025.06.12	01:58:16.760	0.94220	0.94230			6
2025.06.12	01:58:17.075	0.94215	0.94227			6
2025.06.12	01:58:17.380	0.94214	0.94226			6
2025.06.12	01:58:17.684	0.94215				2
2025.06.12	01:58:18.041	0.94213	0.94225			6
2025.06.12	01:58:18.427	0.94212	0.94224			6
2025.06.12	01:58:18.736	0.94211	0.94225			6
2025.06.12	01:58:19.040	0.94212	0.94223			6
2025.06.12	01:58:19.343	0.94214	0.94226			6
2025.06.12	01:58:20.152	0.94221	0.94233			6
2025.06.12	01:58:20.459	0.94217	0.94228			6
2025.06.12	01:58:20.789	0.94216	0.94227			6
2025.06.12	01:58:21.100	0.94215	0.94226			6
2025.06.12	01:58:21.407	0.94216	0.94227			6
2025.06.12	01:58:21.758	0.94215				2
2025.06.12	01:58:22.059		0.94228			4
2025.06.12	01:58:23.522	0.94214	0.94229			6
2025.06.12	01:58:23.887	0.94215	0.94228			6
2025.06.12	01:58:24.758	0.94214	0.94226			6
2025.06.12	01:58:25.163	0.94216	0.94228			6
2025.06.12	01:58:25.791	0.94215	0.94227			6
2025.06.12	01:58:26.744	0.94218	0.94230			6
2025.06.12	01:58:27.070		0.94229			4
2025.06.12	01:58:27.607	0.94217	0.94231			6
2025.06.12	01:58:29.303	0.94218				2
2025.06.12	01:58:29.615	0.94220	0.94232			6
2025.06.12	01:58:30.809	0.94219	0.94231			6
2025.06.12	01:58:31.652	0.94223	0.94235			6
2025.06.12	01:58:31.958	0.94222	0.94234			6
2025.06.12	01:58:33.119		0.94235			4
2025.06.12	01:58:35.228	0.94223	0.94234			6
2025.06.12	01:58:35.570	0.94225	0.94237			6
2025.06.12	01:58:35.886		0.94238			4
2025.06.12	01:58:36.977		0.94237			4
2025.06.12	01:58:37.279	0.94226	0.94238			6
2025.06.12	01:58:37.687		0.94239			4
2025.06.12	01:58:38.590		0.94237			4
2025.06.12	01:58:39.753		0.94239			4
2025.06.12	01:58:40.087	0.94225	0.94235			6
2025.06.12	01:58:40.844		0.94238			4
2025.06.12	01:58:41.298	0.94223	0.94235			6
2025.06.12	01:58:42.023		0.94234			4
2025.06.12	01:58:42.346	0.94222				2
2025.06.12	01:58:42.671	0.94221	0.94232			6
2025.06.12	01:58:43.280	0.94222	0.94234			6
2025.06.12	01:58:43.808	0.94223				2
2025.06.12	01:58:46.362	0.94222				2
2025.06.12	01:58:46.885	0.94223				2
2025.06.12	01:58:47.821	0.94213	0.94227			6
2025.06.12	01:58:48.170	0.94216				2
2025.06.12	01:58:48.479		0.94228			4
2025.06.12	01:58:49.599	0.94217				2
2025.06.12	01:58:51.774	0.94212	0.94224			6
2025.06.12	01:58:52.127	0.94214	0.94226			6
2025.06.12	01:58:52.441	0.94215	0.94227			6
2025.06.12	01:58:52.955	0.94216	0.94228			6
2025.06.12	01:58:54.322	0.94218				2
2025.06.12	01:58:55.286	0.94216	0.94225			6
2025.06.12	01:58:55.601		0.94226			4
2025.06.12	01:58:59.185	0.94214	0.94224			6
2025.06.12	01:59:00.039	0.94214	0.94225			6
2025.06.12	01:59:00.397	0.94213	0.94224			6
2025.06.12	01:59:02.323	0.94214	0.94227			6
2025.06.12	01:59:02.889		0.94225			4
2025.06.12	01:59:03.333		0.94226			4
2025.06.12	01:59:04.595	0.94216	0.94227			6
2025.06.12	01:59:04.921	0.94217	0.94228			6
2025.06.12	01:59:05.910	0.94216				2
2025.06.12	01:59:06.277	0.94217	0.94229			6
2025.06.12	01:59:06.580	0.94216	0.94228			6
2025.06.12	01:59:07.631	0.94215	0.94227			6
2025.06.12	01:59:07.957	0.94216				2
2025.06.12	01:59:08.337	0.94217	0.94229			6
2025.06.12	01:59:08.638	0.94219	0.94230			6
2025.06.12	01:59:09.363		0.94231			4
2025.06.12	01:59:10.310	0.94220				2
2025.06.12	01:59:11.300		0.94232			4
2025.06.12	01:59:11.619		0.94231			4
