<DATE>	<TIME>	<BID>	<ASK>	<LAST>	<VOLUME>	<FLAGS>
2025.08.18	00:03:30.986	0.94287	0.94406			6
2025.08.18	00:03:33.083	0.94288	0.94407			6
2025.08.18	00:04:03.896	0.94288				2
2025.08.18	00:04:05.872	0.94283				2
2025.08.18	00:04:14.037		0.94408			4
2025.08.18	00:04:21.940	0.94282	0.94406			6
2025.08.18	00:04:58.184		0.94409			4
2025.08.18	00:05:00.482	0.94275	0.94406			6
2025.08.18	00:05:00.870	0.94317	0.94445			6
2025.08.18	00:05:02.058	0.94313	0.94440			6
2025.08.18	00:05:04.197		0.94438			4
2025.08.18	00:05:04.523		0.94439			4
2025.08.18	00:05:05.297	0.94279	0.94507			6
2025.08.18	00:05:31.397		0.94469			4
2025.08.18	00:05:39.292		0.94515			4
2025.08.18	00:05:50.149	0.94280	0.94490			6
2025.08.18	00:06:10.876	0.94280				2
2025.08.18	00:06:42.342	0.94329	0.94515			6
2025.08.18	00:07:11.198	0.94329				2
2025.08.18	00:07:20.529	0.94280	0.94490			6
2025.08.18	00:08:10.324	0.94280				2
2025.08.18	00:08:38.752		0.94490			4
2025.08.18	00:09:02.979	0.94295	0.94477			6
2025.08.18	00:10:00.388	0.94295				2
2025.08.18	00:10:04.066		0.94477			4
2025.08.18	00:11:01.361	0.94295				2
2025.08.18	00:11:04.361		0.94477			4
2025.08.18	00:12:00.162	0.94295				2
2025.08.18	00:12:04.363		0.94477			4
2025.08.18	00:13:01.061	0.94295				2
2025.08.18	00:13:05.165		0.94477			4
2025.08.18	00:14:00.161	0.94295				2
2025.08.18	00:14:06.160		0.94477			4
2025.08.18	00:15:00.528	0.94295				2
2025.08.18	00:15:06.161		0.94477			4
2025.08.18	00:16:00.163	0.94295				2
2025.08.18	00:16:06.416		0.94477			4
2025.08.18	00:17:02.276	0.94295				2
2025.08.18	00:17:07.367		0.94477			4
2025.08.18	00:18:00.326	0.94295				2
2025.08.18	00:18:10.393		0.94477			4
2025.08.18	00:19:00.178	0.94295				2
2025.08.18	00:19:11.197		0.94477			4
2025.08.18	00:20:00.394	0.94295				2
2025.08.18	00:20:11.265		0.94477			4
2025.08.18	00:21:00.282	0.94295				2
2025.08.18	00:21:13.604		0.94477			4
2025.08.18	00:22:00.178	0.94295				2
2025.08.18	00:22:13.838		0.94477			4
2025.08.18	00:23:02.564	0.94295				2
2025.08.18	00:23:13.986		0.94477			4
2025.08.18	00:24:01.662	0.94295				2
2025.08.18	00:24:14.564		0.94477			4
2025.08.18	00:25:00.161	0.94295				2
2025.08.18	00:25:14.941		0.94477			4
2025.08.18	00:26:00.157	0.94295				2
2025.08.18	00:26:16.375		0.94477			4
2025.08.18	00:27:00.018	0.94295				2
2025.08.18	00:27:22.360		0.94477			4
2025.08.18	00:28:00.389	0.94295				2
2025.08.18	00:28:22.360		0.94477			4
2025.08.18	00:29:00.261	0.94295				2
2025.08.18	00:29:22.483		0.94477			4
2025.08.18	00:30:00.025	0.94295				2
2025.08.18	00:30:22.502		0.94477			4
2025.08.18	00:31:00.165	0.94295				2
2025.08.18	00:31:03.004	0.94292	0.94474			6
2025.08.18	00:32:02.104	0.94292				2
2025.08.18	00:32:03.296		0.94474			4
2025.08.18	00:32:53.006	0.94296	0.94478			6
2025.08.18	00:33:00.162	0.94296				2
2025.08.18	00:33:47.745	0.94295	0.94477			6
2025.08.18	00:34:00.356	0.94295				2
2025.08.18	00:34:42.965	0.94296	0.94478			6
2025.08.18	00:35:00.176	0.94296				2
2025.08.18	00:35:37.811	0.94299	0.94481			6
2025.08.18	00:36:00.217	0.94299				2
2025.08.18	00:36:33.011	0.94301	0.94491			6
2025.08.18	00:37:00.324	0.94301				2
2025.08.18	00:37:33.761		0.94491			4
2025.08.18	00:38:00.324	0.94301				2
2025.08.18	00:38:06.750		0.94483			4
2025.08.18	00:39:00.162	0.94301				2
2025.08.18	00:39:01.825	0.94298	0.94480			6
2025.08.18	00:39:46.464	0.94301	0.94491			6
2025.08.18	00:39:57.757	0.94327	0.94511			6
2025.08.18	00:40:00.258	0.94327				2
2025.08.18	00:40:52.755	0.94328	0.94512			6
2025.08.18	00:41:00.324	0.94328				2
2025.08.18	00:41:47.562	0.94324				2
2025.08.18	00:41:54.765		0.94512			4
2025.08.18	00:42:00.161	0.94324				2
2025.08.18	00:42:42.760	0.94327				2
2025.08.18	00:42:50.183	0.94339	0.94522			6
2025.08.18	00:43:00.878	0.94339				2
2025.08.18	00:43:45.480	0.94342	0.94524			6
2025.08.18	00:43:51.983	0.94328	0.94522			6
2025.08.18	00:44:00.162	0.94328				2
2025.08.18	00:44:34.258	0.94342	0.94524			6
2025.08.18	00:45:00.161	0.94342				2
2025.08.18	00:45:03.318	0.94417	0.94511			6
2025.08.18	00:45:06.841	0.94342	0.94524			6
2025.08.18	00:45:09.827	0.94360	0.94506			6
2025.08.18	00:45:13.129	0.94346	0.94504			6
2025.08.18	00:45:17.948	0.94360	0.94506			6
2025.08.18	00:46:00.473	0.94360				2
2025.08.18	00:46:18.765		0.94506			4
2025.08.18	00:47:01.061	0.94360				2
2025.08.18	00:47:03.346	0.94435	0.94492			6
2025.08.18	00:47:06.810	0.94360	0.94506			6
2025.08.18	00:48:00.337	0.94360				2
2025.08.18	00:48:02.950	0.94355	0.94504			6
2025.08.18	00:48:53.097	0.94435	0.94489			6
2025.08.18	00:48:56.584	0.94355	0.94504			6
2025.08.18	00:48:57.953	0.94360	0.94506			6
2025.08.18	00:49:00.159	0.94360				2
2025.08.18	00:49:52.953	0.94354	0.94504			6
2025.08.18	00:50:00.898	0.94354				2
2025.08.18	00:50:16.701	0.94385	0.94468			6
2025.08.18	00:50:22.303	0.94392				2
2025.08.18	00:51:00.144	0.94392				2
2025.08.18	00:51:03.759	0.94385				2
2025.08.18	00:51:04.891	0.94392				2
2025.08.18	00:51:16.968		0.94468			4
2025.08.18	00:52:00.760	0.94392				2
2025.08.18	00:52:17.268		0.94468			4
2025.08.18	00:52:24.931	0.94385				2
2025.08.18	00:52:37.922	0.94392				2
2025.08.18	00:53:00.034	0.94392				2
2025.08.18	00:53:18.460		0.94468			4
2025.08.18	00:54:01.062	0.94392				2
2025.08.18	00:54:18.757		0.94468			4
2025.08.18	00:54:35.997	0.94350	0.94511			6
2025.08.18	00:55:00.164	0.94350				2
2025.08.18	00:55:36.589		0.94511			4
2025.08.18	00:55:52.305	0.94392	0.94468			6
2025.08.18	00:56:00.533	0.94392				2
2025.08.18	00:56:47.304	0.94391				2
2025.08.18	00:56:52.660		0.94468			4
2025.08.18	00:57:00.325	0.94391				2
2025.08.18	00:57:42.172	0.94394	0.94469			6
2025.08.18	00:58:01.063	0.94394				2
2025.08.18	00:58:44.262		0.94469			4
2025.08.18	00:59:00.463	0.94394				2
2025.08.18	00:59:32.308	0.94391				2
2025.08.18	00:59:35.862	0.94392				2
2025.08.18	00:59:42.162	0.94393				2
2025.08.18	00:59:43.663	0.94392				2
2025.08.18	00:59:44.989		0.94469			4
2025.08.18	00:59:47.860	0.94393				2
2025.08.18	00:59:55.066	0.94394				2
2025.08.18	00:59:57.124	0.94392				2
2025.08.18	00:59:57.832	0.94394				2
2025.08.18	01:00:00.306	0.94399				2
2025.08.18	01:00:00.613	0.94403				2
2025.08.18	01:00:00.921	0.94414				2
2025.08.18	01:00:01.608	0.94408	0.94482			6
2025.08.18	01:00:01.918	0.94388				2
2025.08.18	01:00:02.238	0.94393	0.94511			6
2025.08.18	01:00:02.538	0.94402	0.94477			6
2025.08.18	01:00:02.858	0.94409	0.94484			6
2025.08.18	01:00:03.478	0.94415	0.94478			6
2025.08.18	01:00:03.790	0.94414	0.94442			6
2025.08.18	01:00:04.121	0.94415	0.94434			6
2025.08.18	01:00:04.521		0.94441			4
2025.08.18	01:00:05.261	0.94414				2
2025.08.18	01:00:05.782	0.94415	0.94442			6
2025.08.18	01:00:06.513		0.94439			4
2025.08.18	01:00:07.394	0.94403	0.94478			6
2025.08.18	01:00:07.750	0.94404				2
2025.08.18	01:00:10.274	0.94406				2
2025.08.18	01:00:10.577	0.94405				2
2025.08.18	01:00:11.203	0.94414				2
2025.08.18	01:00:11.831	0.94411				2
2025.08.18	01:00:12.299	0.94413				2
2025.08.18	01:00:12.609	0.94415				2
2025.08.18	01:00:14.632	0.94416				2
2025.08.18	01:00:15.158	0.94419				2
2025.08.18	01:00:15.653	0.94415				2
2025.08.18	01:00:16.061	0.94419				2
2025.08.18	01:00:19.025	0.94413	0.94484			6
2025.08.18	01:00:19.339	0.94409	0.94485			6
2025.08.18	01:00:23.520	0.94410				2
2025.08.18	01:00:23.829	0.94409				2
2025.08.18	01:00:24.866	0.94413	0.94484			6
2025.08.18	01:00:25.202		0.94485			4
2025.08.18	01:00:26.362	0.94412				2
2025.08.18	01:00:26.861	0.94409	0.94478			6
2025.08.18	01:00:27.523		0.94485			4
2025.08.18	01:00:30.287	0.94405	0.94479			6
2025.08.18	01:00:33.461	0.94399	0.94473			6
2025.08.18	01:00:33.773	0.94400				2
2025.08.18	01:00:35.365	0.94394	0.94454			6
2025.08.18	01:00:35.833	0.94396				2
2025.08.18	01:00:37.463	0.94397				2
2025.08.18	01:00:38.423		0.94457			4
2025.08.18	01:00:39.574	0.94396				2
2025.08.18	01:00:40.963	0.94397				2
2025.08.18	01:00:48.652	0.94398				2
2025.08.18	01:00:50.262	0.94399				2
2025.08.18	01:00:50.773	0.94401	0.94474			6
2025.08.18	01:00:51.663	0.94415				2
2025.08.18	01:00:53.190		0.94471			4
2025.08.18	01:00:54.755		0.94468			4
2025.08.18	01:01:00.160	0.94415				2
2025.08.18	01:01:00.481		0.94462			4
2025.08.18	01:01:01.421		0.94471			4
2025.08.18	01:01:01.837	0.94402				2
2025.08.18	01:01:02.138	0.94406	0.94470			6
2025.08.18	01:01:02.476	0.94407	0.94474			6
2025.08.18	01:01:03.161	0.94414	0.94479			6
2025.08.18	01:01:03.470	0.94412	0.94480			6
2025.08.18	01:01:03.795	0.94413				2
2025.08.18	01:01:04.156		0.94479			4
2025.08.18	01:01:04.660	0.94414				2
2025.08.18	01:01:04.965	0.94418	0.94477			6
2025.08.18	01:01:05.834	0.94415				2
2025.08.18	01:01:06.185	0.94412	0.94479			6
2025.08.18	01:01:07.407	0.94410	0.94465			6
2025.08.18	01:01:08.702	0.94424	0.94475			6
2025.08.18	01:01:09.034	0.94421	0.94474			6
2025.08.18	01:01:10.109	0.94417	0.94477			6
2025.08.18	01:01:10.457	0.94414				2
2025.08.18	01:01:10.758	0.94416				2
2025.08.18	01:01:11.183	0.94417				2
2025.08.18	01:01:11.563	0.94418				2
2025.08.18	01:01:13.131		0.94478			4
2025.08.18	01:01:13.437		0.94476			4
2025.08.18	01:01:14.461	0.94419	0.94477			6
2025.08.18	01:01:16.385	0.94420				2
2025.08.18	01:01:21.947	0.94418	0.94475			6
2025.08.18	01:01:22.928	0.94411	0.94470			6
2025.08.18	01:01:23.232		0.94467			4
2025.08.18	01:01:25.061	0.94412				2
2025.08.18	01:01:25.516	0.94411				2
2025.08.18	01:01:29.860	0.94412				2
2025.08.18	01:01:31.424	0.94411	0.94466			6
2025.08.18	01:01:31.769		0.94467			4
2025.08.18	01:01:34.963	0.94412				2
2025.08.18	01:01:36.598	0.94416	0.94469			6
2025.08.18	01:01:36.995	0.94418	0.94470			6
2025.08.18	01:01:37.938		0.94468			4
2025.08.18	01:01:38.260		0.94467			4
2025.08.18	01:01:43.029		0.94468			4
2025.08.18	01:01:44.009		0.94467			4
2025.08.18	01:01:45.277	0.94427	0.94476			6
2025.08.18	01:01:46.961	0.94428				2
2025.08.18	01:02:00.161	0.94428				2
2025.08.18	01:02:01.969		0.94477			4
2025.08.18	01:02:06.761	0.94429				2
2025.08.18	01:02:07.960	0.94428				2
2025.08.18	01:02:09.162	0.94429				2
2025.08.18	01:02:19.409		0.94471			4
2025.08.18	01:02:31.660	0.94430				2
2025.08.18	01:02:32.141		0.94477			4
2025.08.18	01:02:33.161	0.94428				2
2025.08.18	01:02:34.307	0.94429				2
2025.08.18	01:02:39.760	0.94430				2
2025.08.18	01:02:42.905	0.94424	0.94470			6
2025.08.18	01:02:43.833	0.94425				2
2025.08.18	01:02:46.661		0.94469			4
2025.08.18	01:02:47.862	0.94427	0.94470			6
2025.08.18	01:02:48.172		0.94469			4
2025.08.18	01:02:51.760		0.94470			4
2025.08.18	01:02:54.460		0.94469			4
2025.08.18	01:02:55.721	0.94433	0.94477			6
2025.08.18	01:02:56.050	0.94426	0.94471			6
2025.08.18	01:02:56.415	0.94431	0.94476			6
2025.08.18	01:02:56.861	0.94432				2
2025.08.18	01:03:00.162	0.94432	0.94477			6
2025.08.18	01:03:00.697	0.94426	0.94470			6
2025.08.18	01:03:01.961	0.94427	0.94469			6
2025.08.18	01:03:06.414	0.94406	0.94467			6
2025.08.18	01:03:06.717	0.94410				2
2025.08.18	01:03:07.399	0.94433	0.94472			6
2025.08.18	01:03:07.837	0.94412	0.94470			6
2025.08.18	01:03:08.457	0.94399				2
2025.08.18	01:03:10.554	0.94401	0.94468			6
2025.08.18	01:03:10.962	0.94400	0.94469			6
2025.08.18	01:03:12.588	0.94397	0.94468			6
2025.08.18	01:03:19.661	0.94398				2
2025.08.18	01:03:23.262	0.94397				2
2025.08.18	01:03:28.278	0.94422	0.94470			6
2025.08.18	01:03:28.825	0.94424	0.94469			6
2025.08.18	01:03:29.346	0.94439				2
2025.08.18	01:03:29.833		0.94467			4
2025.08.18	01:03:30.991		0.94466			4
2025.08.18	01:03:32.263		0.94467			4
2025.08.18	01:03:39.464		0.94466			4
2025.08.18	01:03:40.961		0.94467			4
2025.08.18	01:03:43.027	0.94443	0.94473			6
2025.08.18	01:04:00.626	0.94443				2
2025.08.18	01:04:05.262	0.94442				2
2025.08.18	01:04:07.840	0.94438				2
2025.08.18	01:04:12.460	0.94437	0.94468			6
2025.08.18	01:04:14.862	0.94432				2
2025.08.18	01:04:20.864	0.94433				2
2025.08.18	01:04:23.945	0.94435	0.94469			6
2025.08.18	01:04:29.647	0.94447	0.94481			6
2025.08.18	01:04:30.371	0.94442	0.94476			6
2025.08.18	01:04:30.679	0.94441	0.94475			6
2025.08.18	01:04:34.563	0.94440	0.94473			6
2025.08.18	01:04:38.263	0.94441				2
2025.08.18	01:04:44.791	0.94440	0.94471			6
2025.08.18	01:04:49.606	0.94434	0.94464			6
2025.08.18	01:04:50.261	0.94435				2
2025.08.18	01:05:00.326	0.94435				2
2025.08.18	01:05:00.644	0.94437	0.94466			6
2025.08.18	01:05:02.928	0.94436	0.94463			6
2025.08.18	01:05:04.072	0.94429	0.94459			6
2025.08.18	01:05:04.396	0.94426	0.94456			6
2025.08.18	01:05:04.797	0.94428				2
2025.08.18	01:05:10.329		0.94455			4
2025.08.18	01:05:10.831	0.94427				2
2025.08.18	01:05:12.858	0.94425	0.94453			6
2025.08.18	01:05:13.366	0.94428	0.94454			6
2025.08.18	01:05:14.860	0.94427				2
2025.08.18	01:05:16.961	0.94428				2
2025.08.18	01:05:26.260	0.94429				2
2025.08.18	01:05:36.015	0.94428	0.94453			6
2025.08.18	01:05:37.062	0.94427	0.94456			6
2025.08.18	01:05:38.262	0.94428				2
2025.08.18	01:05:39.217		0.94455			4
2025.08.18	01:05:39.547		0.94456			4
2025.08.18	01:05:40.019		0.94455			4
2025.08.18	01:05:42.461		0.94453			4
2025.08.18	01:05:46.987	0.94427	0.94451			6
2025.08.18	01:05:47.361	0.94425	0.94450			6
2025.08.18	01:06:00.663	0.94427				2
2025.08.18	01:06:04.623	0.94428	0.94451			6
2025.08.18	01:06:07.361	0.94429				2
2025.08.18	01:06:09.043	0.94428				2
2025.08.18	01:06:19.663	0.94437				2
2025.08.18	01:06:46.788	0.94435				2
2025.08.18	01:06:51.198		0.94453			4
2025.08.18	01:06:51.535	0.94437				2
2025.08.18	01:07:00.462	0.94437				2
2025.08.18	01:07:10.064	0.94436				2
2025.08.18	01:07:15.682	0.94437				2
2025.08.18	01:07:17.861		0.94452			4
2025.08.18	01:07:38.861		0.94453			4
2025.08.18	01:07:40.326	0.94438				2
2025.08.18	01:07:42.743	0.94437	0.94452			6
2025.08.18	01:07:47.862		0.94449			4
2025.08.18	01:07:48.180	0.94438				2
2025.08.18	01:07:50.141	0.94437				2
2025.08.18	01:07:53.556	0.94435				2
2025.08.18	01:08:00.882	0.94437				2
2025.08.18	01:08:23.182	0.94438				2
2025.08.18	01:08:41.886		0.94444			4
2025.08.18	01:08:45.376		0.94443			4
2025.08.18	01:08:53.183	0.94436	0.94438			6
2025.08.18	01:08:53.492	0.94433	0.94440			6
2025.08.18	01:08:53.817	0.94435	0.94442			6
2025.08.18	01:08:54.139	0.94429				2
2025.08.18	01:09:00.161	0.94429				2
2025.08.18	01:09:02.262	0.94434	0.94446			6
2025.08.18	01:09:02.577	0.94435				2
2025.08.18	01:09:03.374		0.94445			4
2025.08.18	01:09:31.740		0.94444			4
2025.08.18	01:09:34.361		0.94448			4
2025.08.18	01:09:34.693	0.94434				2
2025.08.18	01:09:35.377	0.94436				2
2025.08.18	01:09:36.747	0.94435				2
2025.08.18	01:09:37.766	0.94434				2
2025.08.18	01:09:38.262		0.94445			4
2025.08.18	01:09:39.362		0.94446			4
2025.08.18	01:09:41.570	0.94435				2
2025.08.18	01:09:43.413		0.94445			4
2025.08.18	01:09:48.549		0.94446			4
2025.08.18	01:09:48.967		0.94445			4
2025.08.18	01:09:54.147	0.94434	0.94444			6
2025.08.18	01:09:54.459	0.94426	0.94443			6
2025.08.18	01:09:55.553	0.94427	0.94445			6
2025.08.18	01:09:58.356	0.94423	0.94440			6
2025.08.18	01:09:59.519	0.94422				2
2025.08.18	01:10:00.319	0.94423	0.94441			6
2025.08.18	01:10:00.676	0.94422				2
2025.08.18	01:10:03.102	0.94429	0.94447			6
2025.08.18	01:10:03.419	0.94447	0.94454			6
2025.08.18	01:10:03.730	0.94441	0.94452			6
2025.08.18	01:10:04.082		0.94451			4
2025.08.18	01:10:04.400	0.94430	0.94447			6
2025.08.18	01:10:04.718	0.94426	0.94444			6
2025.08.18	01:10:08.512		0.94445			4
2025.08.18	01:10:09.162	0.94424	0.94441			6
2025.08.18	01:10:19.551	0.94419	0.94438			6
2025.08.18	01:10:21.347		0.94439			4
2025.08.18	01:10:22.109	0.94420				2
2025.08.18	01:10:23.216	0.94416	0.94434			6
2025.08.18	01:10:23.560	0.94417	0.94431			6
2025.08.18	01:10:24.860	0.94414	0.94428			6
2025.08.18	01:10:25.861	0.94415	0.94434			6
2025.08.18	01:10:26.218	0.94416				2
2025.08.18	01:10:33.769	0.94417				2
2025.08.18	01:10:35.602	0.94419	0.94437			6
2025.08.18	01:10:39.447	0.94420				2
2025.08.18	01:10:39.789		0.94438			4
2025.08.18	01:10:40.102	0.94419	0.94437			6
2025.08.18	01:10:40.661		0.94436			4
2025.08.18	01:10:45.761		0.94437			4
2025.08.18	01:11:00.586	0.94419	0.94438			6
2025.08.18	01:11:02.878	0.94420	0.94437			6
2025.08.18	01:11:04.017		0.94439			4
2025.08.18	01:11:04.375	0.94419				2
2025.08.18	01:11:05.560		0.94438			4
2025.08.18	01:11:09.302		0.94439			4
2025.08.18	01:11:10.362	0.94420				2
2025.08.18	01:11:10.744	0.94419				2
2025.08.18	01:11:11.436	0.94417	0.94438			6
2025.08.18	01:11:13.361	0.94418				2
2025.08.18	01:11:16.825	0.94422	0.94439			6
2025.08.18	01:11:17.559	0.94421	0.94441			6
2025.08.18	01:11:35.281	0.94420	0.94440			6
2025.08.18	01:11:35.642	0.94422	0.94442			6
2025.08.18	01:11:39.387	0.94423	0.94443			6
2025.08.18	01:11:45.367	0.94422				2
2025.08.18	01:11:52.662	0.94421				2
2025.08.18	01:11:57.039	0.94424	0.94444			6
2025.08.18	01:11:57.371		0.94443			4
2025.08.18	01:11:58.670	0.94425	0.94444			6
2025.08.18	01:12:00.160	0.94425				2
2025.08.18	01:12:00.482	0.94426	0.94443			6
2025.08.18	01:12:03.345		0.94440			4
2025.08.18	01:12:07.369		0.94441			4
2025.08.18	01:12:12.233		0.94442			4
2025.08.18	01:12:19.850	0.94424				2
2025.08.18	01:12:21.743	0.94425	0.94441			6
2025.08.18	01:12:23.261		0.94440			4
2025.08.18	01:12:23.840	0.94426				2
2025.08.18	01:12:28.897		0.94441			4
2025.08.18	01:12:30.366	0.94425	0.94445			6
2025.08.18	01:12:39.399		0.94444			4
2025.08.18	01:12:40.961	0.94426				2
2025.08.18	01:12:42.354		0.94446			4
2025.08.18	01:12:43.793		0.94445			4
2025.08.18	01:12:45.161		0.94443			4
2025.08.18	01:12:45.483		0.94441			4
2025.08.18	01:12:57.519		0.94442			4
2025.08.18	01:13:00.374	0.94426	0.94446			6
2025.08.18	01:13:17.979	0.94428	0.94448			6
2025.08.18	01:13:30.162		0.94447			4
2025.08.18	01:13:34.062	0.94431	0.94449			6
2025.08.18	01:13:34.383	0.94430	0.94446			6
2025.08.18	01:13:35.864	0.94429	0.94447			6
2025.08.18	01:13:37.387	0.94430	0.94445			6
2025.08.18	01:13:37.721	0.94429	0.94444			6
2025.08.18	01:13:39.890	0.94428	0.94447			6
2025.08.18	01:13:40.317		0.94446			4
2025.08.18	01:13:45.366	0.94427	0.94445			6
2025.08.18	01:13:47.070	0.94428				2
2025.08.18	01:13:51.730		0.94444			4
2025.08.18	01:13:54.462		0.94445			4
2025.08.18	01:13:56.698	0.94429	0.94446			6
2025.08.18	01:14:00.408	0.94429	0.94447			6
2025.08.18	01:14:12.227		0.94448			4
2025.08.18	01:14:15.072	0.94431	0.94445			6
2025.08.18	01:14:15.579		0.94447			4
2025.08.18	01:14:21.764		0.94448			4
2025.08.18	01:14:31.960		0.94447			4
2025.08.18	01:14:32.870		0.94448			4
2025.08.18	01:14:36.072	0.94429	0.94447			6
2025.08.18	01:14:36.383		0.94448			4
2025.08.18	01:14:37.962		0.94449			4
2025.08.18	01:14:42.461		0.94448			4
2025.08.18	01:14:45.381		0.94447			4
2025.08.18	01:14:46.349	0.94427				2
2025.08.18	01:14:48.162	0.94428				2
2025.08.18	01:14:56.213	0.94430	0.94448			6
2025.08.18	01:14:56.518	0.94428	0.94446			6
2025.08.18	01:15:00.160	0.94427	0.94443			6
2025.08.18	01:15:00.494	0.94428	0.94445			6
2025.08.18	01:15:01.662	0.94429	0.94443			6
2025.08.18	01:15:01.970	0.94428	0.94444			6
2025.08.18	01:15:04.052	0.94427	0.94445			6
2025.08.18	01:15:04.499	0.94428				2
2025.08.18	01:15:04.902		0.94444			4
2025.08.18	01:15:05.288	0.94427	0.94445			6
2025.08.18	01:15:05.992	0.94428	0.94444			6
2025.08.18	01:15:06.341	0.94427	0.94445			6
2025.08.18	01:15:06.981	0.94426				2
2025.08.18	01:15:07.283	0.94425	0.94446			6
2025.08.18	01:15:07.704	0.94426				2
2025.08.18	01:15:08.441		0.94445			4
2025.08.18	01:15:08.758	0.94427				2
2025.08.18	01:15:13.360	0.94426				2
2025.08.18	01:15:13.678	0.94427				2
2025.08.18	01:15:14.412	0.94426	0.94446			6
2025.08.18	01:15:14.721	0.94427	0.94447			6
2025.08.18	01:15:15.448	0.94426				2
2025.08.18	01:15:15.763	0.94427				2
2025.08.18	01:15:16.596	0.94426				2
2025.08.18	01:15:18.733	0.94427				2
2025.08.18	01:15:19.719	0.94426				2
2025.08.18	01:15:20.040	0.94427				2
2025.08.18	01:15:22.661	0.94426				2
2025.08.18	01:15:22.978	0.94428				2
2025.08.18	01:15:23.370	0.94427				2
2025.08.18	01:15:24.066	0.94428				2
2025.08.18	01:15:24.795	0.94427				2
2025.08.18	01:15:25.103	0.94428				2
2025.08.18	01:15:25.424	0.94427				2
2025.08.18	01:15:26.097	0.94425	0.94445			6
2025.08.18	01:15:26.407	0.94428	0.94440			6
2025.08.18	01:15:26.721	0.94430	0.94451			6
2025.08.18	01:15:27.077	0.94431				2
2025.08.18	01:15:27.710	0.94432				2
2025.08.18	01:15:28.059	0.94431				2
2025.08.18	01:15:30.458	0.94433				2
2025.08.18	01:15:30.759	0.94432				2
2025.08.18	01:15:31.371	0.94431				2
2025.08.18	01:15:31.734	0.94432				2
2025.08.18	01:15:37.249	0.94431	0.94449			6
2025.08.18	01:15:38.897	0.94432				2
2025.08.18	01:15:39.197	0.94431				2
2025.08.18	01:15:40.970	0.94432				2
2025.08.18	01:15:41.273	0.94431				2
2025.08.18	01:15:41.791	0.94430				2
2025.08.18	01:15:42.761		0.94450			4
2025.08.18	01:15:43.426	0.94429				2
2025.08.18	01:15:44.772	0.94430	0.94449			6
2025.08.18	01:15:45.227	0.94428	0.94447			6
2025.08.18	01:15:46.960	0.94429				2
2025.08.18	01:15:47.285	0.94428				2
2025.08.18	01:15:47.598	0.94429				2
2025.08.18	01:15:48.281	0.94428				2
2025.08.18	01:15:48.646	0.94429				2
2025.08.18	01:15:48.977	0.94428				2
2025.08.18	01:15:55.021	0.94427				2
2025.08.18	01:15:55.361	0.94428				2
2025.08.18	01:16:00.216	0.94428				2
2025.08.18	01:16:00.584	0.94429	0.94448			6
2025.08.18	01:16:01.669	0.94428				2
2025.08.18	01:16:03.006	0.94429				2
2025.08.18	01:16:04.051	0.94428				2
2025.08.18	01:16:04.661	0.94429				2
2025.08.18	01:16:06.979	0.94428				2
2025.08.18	01:16:07.599	0.94429				2
2025.08.18	01:16:07.992	0.94428				2
2025.08.18	01:16:08.694	0.94429				2
2025.08.18	01:16:09.049	0.94428	0.94447			6
2025.08.18	01:16:09.660	0.94427	0.94446			6
2025.08.18	01:16:10.360	0.94426				2
2025.08.18	01:16:10.671	0.94427				2
2025.08.18	01:16:12.871		0.94445			4
2025.08.18	01:16:13.502		0.94446			4
2025.08.18	01:16:13.872	0.94426				2
2025.08.18	01:16:15.131	0.94423	0.94440			6
2025.08.18	01:16:22.892	0.94422				2
2025.08.18	01:16:23.289	0.94423				2
2025.08.18	01:16:23.960	0.94422				2
2025.08.18	01:16:24.275	0.94423				2
2025.08.18	01:16:26.783	0.94422				2
2025.08.18	01:16:27.304	0.94423				2
2025.08.18	01:16:30.797	0.94422				2
2025.08.18	01:16:33.000	0.94423				2
2025.08.18	01:16:33.383	0.94422				2
2025.08.18	01:16:34.962	0.94420				2
2025.08.18	01:16:35.308	0.94422				2
2025.08.18	01:16:36.187	0.94423				2
2025.08.18	01:16:36.498	0.94422				2
2025.08.18	01:16:37.224	0.94423				2
2025.08.18	01:16:42.133	0.94424				2
2025.08.18	01:16:45.088	0.94423				2
2025.08.18	01:16:47.429	0.94424				2
2025.08.18	01:16:48.351	0.94423				2
2025.08.18	01:16:48.661	0.94424				2
2025.08.18	01:16:49.059	0.94423				2
2025.08.18	01:16:49.517	0.94424				2
2025.08.18	01:16:50.023	0.94423				2
2025.08.18	01:16:50.489	0.94428	0.94442			6
2025.08.18	01:16:51.753	0.94427	0.94446			6
2025.08.18	01:16:52.398	0.94428				2
2025.08.18	01:16:57.204	0.94427				2
2025.08.18	01:16:57.549	0.94428				2
2025.08.18	01:16:58.237	0.94427				2
2025.08.18	01:16:58.595	0.94428	0.94447			6
2025.08.18	01:16:58.898	0.94430				2
2025.08.18	01:16:59.206		0.94448			4
2025.08.18	01:17:00.169	0.94430				2
2025.08.18	01:17:00.509	0.94431				2
2025.08.18	01:17:02.737	0.94430				2
2025.08.18	01:17:03.508	0.94431				2
2025.08.18	01:17:05.493	0.94430	0.94446			6
2025.08.18	01:17:06.352	0.94427				2
2025.08.18	01:17:06.687	0.94428				2
2025.08.18	01:17:07.364	0.94426				2
2025.08.18	01:17:07.671	0.94428	0.94444			6
2025.08.18	01:17:07.976		0.94446			4
2025.08.18	01:17:08.360	0.94427				2
2025.08.18	01:17:08.677	0.94428	0.94445			6
2025.08.18	01:17:08.994		0.94446			4
2025.08.18	01:17:09.631		0.94445			4
2025.08.18	01:17:10.798	0.94427	0.94446			6
2025.08.18	01:17:11.128	0.94428	0.94445			6
2025.08.18	01:17:12.762	0.94429				2
2025.08.18	01:17:13.078	0.94428				2
2025.08.18	01:17:13.843		0.94446			4
2025.08.18	01:17:14.164	0.94429	0.94445			6
2025.08.18	01:17:16.211	0.94428				2
2025.08.18	01:17:16.882	0.94429				2
2025.08.18	01:17:17.201	0.94428				2
2025.08.18	01:17:17.872	0.94429	0.94443			6
2025.08.18	01:17:18.296	0.94428				2
2025.08.18	01:17:18.637	0.94427	0.94444			6
2025.08.18	01:17:18.939	0.94428	0.94443			6
2025.08.18	01:17:19.295	0.94429				2
2025.08.18	01:17:20.892	0.94428				2
2025.08.18	01:17:21.786	0.94427	0.94444			6
2025.08.18	01:17:22.163	0.94429	0.94443			6
2025.08.18	01:17:22.870	0.94427	0.94444			6
2025.08.18	01:17:23.207	0.94429	0.94443			6
2025.08.18	01:17:23.527		0.94444			4
2025.08.18	01:17:23.992		0.94445			4
2025.08.18	01:17:24.297		0.94443			4
2025.08.18	01:17:25.008	0.94428	0.94444			6
2025.08.18	01:17:28.055	0.94427	0.94445			6
2025.08.18	01:17:28.356	0.94428	0.94444			6
2025.08.18	01:17:31.828	0.94429	0.94443			6
2025.08.18	01:17:35.293	0.94428	0.94445			6
2025.08.18	01:17:35.639	0.94429	0.94444			6
2025.08.18	01:17:36.516	0.94428				2
2025.08.18	01:17:36.858	0.94429				2
2025.08.18	01:17:37.287	0.94427	0.94443			6
2025.08.18	01:17:37.599	0.94429	0.94444			6
2025.08.18	01:17:38.267		0.94443			4
2025.08.18	01:17:38.620		0.94444			4
2025.08.18	01:17:38.945		0.94443			4
2025.08.18	01:17:39.656	0.94428	0.94444			6
2025.08.18	01:17:39.990	0.94424	0.94441			6
2025.08.18	01:17:40.304	0.94425				2
2025.08.18	01:17:40.960	0.94426				2
2025.08.18	01:17:43.289		0.94442			4
2025.08.18	01:17:45.377	0.94425	0.94439			6
2025.08.18	01:17:46.349		0.94440			4
2025.08.18	01:17:46.963		0.94438			4
2025.08.18	01:17:47.619	0.94424				2
2025.08.18	01:17:47.929	0.94425				2
2025.08.18	01:17:48.235	0.94424				2
2025.08.18	01:17:48.553	0.94425				2
2025.08.18	01:17:48.926	0.94424				2
2025.08.18	01:17:49.769	0.94425	0.94439			6
2025.08.18	01:17:50.714	0.94424	0.94440			6
2025.08.18	01:17:51.025	0.94425	0.94439			6
2025.08.18	01:17:52.590		0.94438			4
2025.08.18	01:17:52.946	0.94426	0.94439			6
2025.08.18	01:17:54.086	0.94425				2
2025.08.18	01:17:54.781	0.94426				2
2025.08.18	01:17:55.116	0.94425				2
2025.08.18	01:17:55.460		0.94442			4
2025.08.18	01:17:57.361	0.94424	0.94440			6
2025.08.18	01:17:57.663	0.94425				2
2025.08.18	01:17:58.353	0.94423				2
2025.08.18	01:17:58.662	0.94424				2
2025.08.18	01:18:00.326	0.94423				2
2025.08.18	01:18:00.639	0.94425	0.94436			6
2025.08.18	01:18:01.363	0.94424				2
2025.08.18	01:18:05.680	0.94423				2
2025.08.18	01:18:06.750	0.94424				2
2025.08.18	01:18:08.716	0.94423				2
2025.08.18	01:18:09.022	0.94424				2
2025.08.18	01:18:09.761	0.94423				2
2025.08.18	01:18:10.096	0.94424				2
2025.08.18	01:18:14.078	0.94423				2
2025.08.18	01:18:14.381	0.94424				2
2025.08.18	01:18:30.804	0.94423	0.94441			6
2025.08.18	01:18:31.112	0.94425				2
2025.08.18	01:18:32.816	0.94424				2
2025.08.18	01:18:33.579	0.94425	0.94442			6
2025.08.18	01:18:35.076	0.94424				2
2025.08.18	01:18:42.143	0.94425				2
2025.08.18	01:18:44.026	0.94424				2
2025.08.18	01:18:44.377	0.94425				2
2025.08.18	01:18:44.730	0.94424				2
2025.08.18	01:18:45.125	0.94425				2
2025.08.18	01:18:45.821	0.94423				2
2025.08.18	01:18:46.125	0.94424				2
2025.08.18	01:18:47.118	0.94425				2
2025.08.18	01:18:48.141	0.94424				2
2025.08.18	01:18:49.674	0.94426				2
2025.08.18	01:18:51.554	0.94425				2
2025.08.18	01:18:51.908	0.94426				2
2025.08.18	01:18:53.560	0.94425				2
2025.08.18	01:18:53.950	0.94427				2
2025.08.18	01:18:55.625	0.94426				2
2025.08.18	01:18:58.462	0.94425	0.94437			6
2025.08.18	01:19:00.325	0.94424				2
2025.08.18	01:19:00.663	0.94425				2
2025.08.18	01:19:01.362	0.94424				2
2025.08.18	01:19:01.677	0.94425	0.94442			6
2025.08.18	01:19:01.993	0.94426				2
2025.08.18	01:19:02.431	0.94425				2
2025.08.18	01:19:02.738		0.94437			4
2025.08.18	01:19:08.805	0.94424				2
2025.08.18	01:19:09.111	0.94425				2
2025.08.18	01:19:09.839	0.94424				2
2025.08.18	01:19:10.155	0.94425				2
2025.08.18	01:19:12.096	0.94423				2
2025.08.18	01:19:12.398	0.94424	0.94436			6
2025.08.18	01:19:13.332		0.94437			4
2025.08.18	01:19:15.199	0.94425				2
2025.08.18	01:19:19.731	0.94424	0.94435			6
2025.08.18	01:19:20.415	0.94425				2
2025.08.18	01:19:33.415	0.94426	0.94441			6
2025.08.18	01:19:34.349		0.94436			4
2025.08.18	01:19:45.363	0.94425				2
2025.08.18	01:19:45.700	0.94426				2
2025.08.18	01:19:48.478	0.94425				2
2025.08.18	01:19:53.692	0.94426				2
2025.08.18	01:20:00.322	0.94426				2
2025.08.18	01:20:00.632	0.94425	0.94435			6
2025.08.18	01:20:07.619	0.94424				2
2025.08.18	01:20:07.925	0.94425				2
2025.08.18	01:20:08.375	0.94424				2
2025.08.18	01:20:08.693	0.94425				2
2025.08.18	01:20:11.607	0.94426				2
2025.08.18	01:20:14.707	0.94425				2
2025.08.18	01:20:15.465	0.94426				2
2025.08.18	01:20:15.790	0.94425				2
2025.08.18	01:20:16.830	0.94426				2
2025.08.18	01:20:18.883	0.94425				2
2025.08.18	01:20:19.935	0.94426				2
2025.08.18	01:20:20.973	0.94425				2
2025.08.18	01:20:22.126	0.94426				2
2025.08.18	01:20:23.824	0.94425				2
2025.08.18	01:20:24.206	0.94426				2
2025.08.18	01:20:32.682	0.94428	0.94442			6
2025.08.18	01:20:35.806	0.94427				2
2025.08.18	01:20:40.726	0.94425	0.94439			6
2025.08.18	01:20:41.027	0.94426				2
2025.08.18	01:20:45.375		0.94438			4
2025.08.18	01:21:00.645	0.94426	0.94439			6
2025.08.18	01:21:01.622		0.94438			4
2025.08.18	01:21:04.362		0.94439			4
2025.08.18	01:21:05.492		0.94437			4
2025.08.18	01:21:05.818		0.94439			4
2025.08.18	01:21:06.125	0.94427				2
2025.08.18	01:21:09.857	0.94426				2
2025.08.18	01:21:11.200		0.94438			4
2025.08.18	01:21:11.825	0.94427				2
2025.08.18	01:21:12.227		0.94433			4
2025.08.18	01:21:12.537	0.94426				2
2025.08.18	01:21:12.930	0.94427				2
2025.08.18	01:21:14.468	0.94426				2
2025.08.18	01:21:20.324		0.94435			4
2025.08.18	01:21:25.620	0.94427				2
2025.08.18	01:21:25.943	0.94425	0.94436			6
2025.08.18	01:21:26.981	0.94426				2
2025.08.18	01:21:31.963		0.94435			4
2025.08.18	01:21:32.292		0.94436			4
2025.08.18	01:21:33.081		0.94435			4
2025.08.18	01:21:33.427		0.94436			4
2025.08.18	01:21:33.760		0.94435			4
2025.08.18	01:21:40.674	0.94425	0.94434			6
2025.08.18	01:21:42.397	0.94427	0.94435			6
2025.08.18	01:21:42.703	0.94426	0.94431			6
2025.08.18	01:21:45.482		0.94436			4
2025.08.18	01:21:46.654		0.94431			4
2025.08.18	01:21:55.948	0.94421				2
2025.08.18	01:21:56.248	0.94416				2
2025.08.18	01:21:58.441	0.94421				2
2025.08.18	01:22:00.110	0.94421				2
2025.08.18	01:22:00.598	0.94426	0.94432			6
2025.08.18	01:22:03.890		0.94431			4
2025.08.18	01:22:16.636	0.94422				2
2025.08.18	01:22:17.089	0.94426				2
2025.08.18	01:22:17.451	0.94427	0.94433			6
2025.08.18	01:22:18.668		0.94435			4
2025.08.18	01:22:24.219	0.94426				2
2025.08.18	01:22:26.299	0.94427				2
2025.08.18	01:22:27.371	0.94426				2
2025.08.18	01:22:35.350	0.94427				2
2025.08.18	01:22:35.658	0.94426				2
2025.08.18	01:22:36.457	0.94427				2
2025.08.18	01:22:42.819	0.94424				2
2025.08.18	01:22:44.038	0.94427				2
2025.08.18	01:22:44.491	0.94424				2
2025.08.18	01:22:45.191	0.94426				2
2025.08.18	01:22:45.509		0.94436			4
2025.08.18	01:22:46.777		0.94437			4
2025.08.18	01:22:48.350		0.94436			4
2025.08.18	01:22:48.686	0.94427				2
2025.08.18	01:22:49.010	0.94426	0.94435			6
2025.08.18	01:22:49.337		0.94437			4
2025.08.18	01:22:49.784		0.94436			4
2025.08.18	01:22:50.094		0.94437			4
2025.08.18	01:22:50.875		0.94436			4
2025.08.18	01:22:51.179		0.94435			4
2025.08.18	01:22:51.597		0.94437			4
2025.08.18	01:22:52.082		0.94436			4
2025.08.18	01:22:52.427		0.94437			4
2025.08.18	01:22:54.915		0.94436			4
2025.08.18	01:22:55.291		0.94437			4
2025.08.18	01:23:00.143	0.94426				2
2025.08.18	01:23:01.157	0.94427				2
2025.08.18	01:23:01.963		0.94436			4
2025.08.18	01:23:02.283	0.94426	0.94437			6
2025.08.18	01:23:03.640	0.94427				2
2025.08.18	01:23:04.333		0.94436			4
2025.08.18	01:23:04.644		0.94437			4
2025.08.18	01:23:05.376		0.94438			4
2025.08.18	01:23:05.774		0.94437			4
2025.08.18	01:23:07.720	0.94426				2
2025.08.18	01:23:08.624		0.94436			4
2025.08.18	01:23:09.657		0.94437			4
2025.08.18	01:23:09.962	0.94427	0.94436			6
2025.08.18	01:23:10.823	0.94426	0.94437			6
2025.08.18	01:23:12.003	0.94427				2
2025.08.18	01:23:12.925		0.94436			4
2025.08.18	01:23:13.728		0.94437			4
2025.08.18	01:23:14.561		0.94436			4
2025.08.18	01:23:14.960		0.94437			4
2025.08.18	01:23:15.353		0.94436			4
2025.08.18	01:23:15.873		0.94437			4
2025.08.18	01:23:16.263	0.94424				2
2025.08.18	01:23:16.662		0.94436			4
2025.08.18	01:23:16.964	0.94427	0.94437			6
2025.08.18	01:23:18.536	0.94426				2
2025.08.18	01:23:18.951		0.94438			4
2025.08.18	01:23:19.258		0.94437			4
2025.08.18	01:23:22.404		0.94436			4
2025.08.18	01:23:23.125		0.94437			4
2025.08.18	01:23:23.441		0.94436			4
2025.08.18	01:23:24.172		0.94437			4
2025.08.18	01:23:24.477		0.94436			4
2025.08.18	01:23:24.860	0.94427				2
2025.08.18	01:23:25.212		0.94437			4
2025.08.18	01:23:25.516		0.94436			4
2025.08.18	01:23:29.468	0.94426	0.94434			6
2025.08.18	01:23:33.575		0.94433			4
2025.08.18	01:23:43.211	0.94425				2
2025.08.18	01:23:45.202		0.94434			4
2025.08.18	01:23:45.502		0.94436			4
2025.08.18	01:23:45.887		0.94435			4
2025.08.18	01:23:46.275		0.94434			4
2025.08.18	01:23:46.581		0.94436			4
2025.08.18	01:23:47.464		0.94435			4
2025.08.18	01:23:48.165	0.94417	0.94429			6
2025.08.18	01:23:48.475	0.94411				2
2025.08.18	01:23:48.781	0.94414	0.94427			6
2025.08.18	01:23:49.399	0.94413	0.94426			6
2025.08.18	01:23:50.104	0.94412	0.94425			6
2025.08.18	01:23:50.428	0.94417	0.94426			6
2025.08.18	01:23:50.753		0.94421			4
2025.08.18	01:23:51.708		0.94422			4
2025.08.18	01:23:53.739		0.94421			4
2025.08.18	01:23:54.134		0.94422			4
2025.08.18	01:24:00.126	0.94417	0.94423			6
2025.08.18	01:24:01.458	0.94418				2
2025.08.18	01:24:06.499	0.94419	0.94425			6
2025.08.18	01:24:06.801	0.94420	0.94429			6
2025.08.18	01:24:07.676	0.94418	0.94422			6
2025.08.18	01:24:08.013	0.94419				2
2025.08.18	01:24:09.671		0.94423			4
2025.08.18	01:24:19.611	0.94420				2
2025.08.18	01:24:19.946	0.94419				2
2025.08.18	01:24:28.358	0.94420				2
2025.08.18	01:24:37.184	0.94418				2
2025.08.18	01:24:42.160	0.94414				2
2025.08.18	01:24:44.561	0.94420				2
2025.08.18	01:24:46.340	0.94418				2
2025.08.18	01:24:47.486	0.94417				2
2025.08.18	01:24:48.533	0.94414				2
2025.08.18	01:24:58.390	0.94417				2
2025.08.18	01:25:00.216	0.94417				2
2025.08.18	01:25:00.869	0.94415	0.94422			6
2025.08.18	01:25:02.675	0.94417				2
2025.08.18	01:25:04.528	0.94416				2
2025.08.18	01:25:05.958	0.94417				2
2025.08.18	01:25:06.851	0.94416				2
2025.08.18	01:25:09.399	0.94415				2
2025.08.18	01:25:10.041	0.94416				2
2025.08.18	01:25:12.072	0.94415				2
2025.08.18	01:25:15.131	0.94416				2
2025.08.18	01:25:24.798	0.94415				2
2025.08.18	01:25:27.461	0.94413				2
2025.08.18	01:25:28.661	0.94412				2
2025.08.18	01:25:30.789	0.94413				2
2025.08.18	01:25:32.878	0.94412				2
2025.08.18	01:25:33.837	0.94415				2
2025.08.18	01:25:38.583	0.94413				2
2025.08.18	01:25:39.378	0.94411				2
2025.08.18	01:25:41.462	0.94414				2
2025.08.18	01:25:42.861	0.94413				2
2025.08.18	01:25:43.866	0.94411				2
2025.08.18	01:25:47.860	0.94408				2
2025.08.18	01:25:53.309	0.94409				2
2025.08.18	01:25:55.036	0.94413				2
2025.08.18	01:25:56.387	0.94414				2
2025.08.18	01:26:00.255	0.94414				2
2025.08.18	01:26:00.616	0.94415	0.94423			6
2025.08.18	01:26:15.602		0.94429			4
2025.08.18	01:26:17.264		0.94428			4
2025.08.18	01:26:19.378	0.94416	0.94429			6
2025.08.18	01:26:22.429	0.94415				2
2025.08.18	01:26:23.169	0.94416				2
2025.08.18	01:26:23.862		0.94423			4
2025.08.18	01:26:27.040	0.94415				2
2025.08.18	01:26:29.677	0.94413				2
2025.08.18	01:26:30.625	0.94416				2
2025.08.18	01:26:32.246	0.94413				2
2025.08.18	01:26:32.758	0.94416				2
2025.08.18	01:26:35.371		0.94428			4
2025.08.18	01:26:36.176	0.94417				2
2025.08.18	01:26:36.478	0.94416				2
2025.08.18	01:26:40.553	0.94415				2
2025.08.18	01:26:41.495	0.94416				2
2025.08.18	01:26:42.461		0.94429			4
2025.08.18	01:26:45.774		0.94428			4
2025.08.18	01:26:49.264	0.94415	0.94429			6
2025.08.18	01:26:49.596	0.94416				2
2025.08.18	01:26:50.447	0.94415				2
2025.08.18	01:26:53.440	0.94416				2
2025.08.18	01:27:00.022	0.94415				2
2025.08.18	01:27:00.529	0.94416	0.94430			6
2025.08.18	01:27:09.463		0.94429			4
2025.08.18	01:27:09.883		0.94430			4
2025.08.18	01:27:10.520		0.94429			4
2025.08.18	01:27:15.133	0.94417				2
2025.08.18	01:27:17.829	0.94416				2
2025.08.18	01:27:18.166	0.94417	0.94430			6
2025.08.18	01:27:18.821	0.94418	0.94431			6
2025.08.18	01:27:20.168	0.94417				2
2025.08.18	01:27:21.002	0.94419	0.94430			6
2025.08.18	01:27:21.332	0.94417	0.94431			6
2025.08.18	01:27:22.045	0.94419	0.94430			6
2025.08.18	01:27:22.369	0.94417	0.94431			6
2025.08.18	01:27:23.089	0.94419	0.94430			6
2025.08.18	01:27:23.405	0.94417	0.94431			6
2025.08.18	01:27:25.035	0.94419				2
2025.08.18	01:27:25.336	0.94418				2
2025.08.18	01:27:25.826	0.94419				2
2025.08.18	01:27:26.219	0.94418				2
2025.08.18	01:27:26.824	0.94419	0.94433			6
2025.08.18	01:27:27.158		0.94432			4
2025.08.18	01:27:27.544	0.94418	0.94433			6
2025.08.18	01:27:28.725		0.94432			4
2025.08.18	01:27:29.392		0.94433			4
2025.08.18	01:27:30.480	0.94419				2
2025.08.18	01:27:30.888	0.94417	0.94428			6
2025.08.18	01:27:31.860	0.94418				2
2025.08.18	01:27:38.082	0.94419				2
2025.08.18	01:28:00.007	0.94419				2
2025.08.18	01:28:17.340	0.94420				2
2025.08.18	01:28:20.401		0.94433			4
2025.08.18	01:28:20.726	0.94422				2
2025.08.18	01:28:22.669	0.94421				2
2025.08.18	01:28:26.484	0.94422				2
2025.08.18	01:28:26.789	0.94421				2
2025.08.18	01:28:27.512	0.94422				2
2025.08.18	01:28:27.849	0.94421				2
2025.08.18	01:28:33.701	0.94422				2
2025.08.18	01:28:35.105	0.94421				2
2025.08.18	01:28:35.643	0.94422				2
2025.08.18	01:28:36.136	0.94421				2
2025.08.18	01:28:40.369	0.94422				2
2025.08.18	01:28:41.322	0.94421				2
2025.08.18	01:28:42.502	0.94420	0.94429			6
2025.08.18	01:28:43.064	0.94419				2
2025.08.18	01:28:45.111	0.94418	0.94428			6
2025.08.18	01:28:45.418	0.94416	0.94430			6
2025.08.18	01:28:49.498	0.94420	0.94432			6
2025.08.18	01:28:50.560	0.94419				2
2025.08.18	01:28:52.284	0.94420				2
2025.08.18	01:28:53.261	0.94419				2
2025.08.18	01:28:56.561	0.94420				2
2025.08.18	01:28:57.461	0.94419				2
2025.08.18	01:28:58.057	0.94420	0.94431			6
2025.08.18	01:28:58.961		0.94432			4
2025.08.18	01:29:00.251	0.94420				2
2025.08.18	01:29:00.632		0.94433			4
2025.08.18	01:29:01.668	0.94421				2
2025.08.18	01:29:02.236		0.94432			4
2025.08.18	01:29:02.704		0.94433			4
2025.08.18	01:29:03.278		0.94432			4
2025.08.18	01:29:03.760	0.94423				2
2025.08.18	01:29:04.125	0.94422				2
2025.08.18	01:29:05.389	0.94421				2
2025.08.18	01:29:09.626	0.94420				2
2025.08.18	01:29:11.735	0.94421				2
2025.08.18	01:29:13.822	0.94420				2
2025.08.18	01:29:15.468	0.94421				2
2025.08.18	01:29:21.082	0.94420	0.94433			6
2025.08.18	01:29:22.179	0.94421				2
2025.08.18	01:29:23.755	0.94423				2
2025.08.18	01:29:24.187	0.94422				2
2025.08.18	01:29:26.901	0.94426	0.94439			6
2025.08.18	01:29:27.980	0.94427				2
2025.08.18	01:29:28.334	0.94426				2
2025.08.18	01:29:28.660	0.94427				2
2025.08.18	01:29:29.069		0.94438			4
2025.08.18	01:29:29.376	0.94426	0.94439			6
2025.08.18	01:29:29.719	0.94427				2
2025.08.18	01:29:30.145	0.94426				2
2025.08.18	01:29:30.453	0.94427				2
2025.08.18	01:29:34.291	0.94426				2
2025.08.18	01:29:35.328	0.94427				2
2025.08.18	01:29:36.362		0.94438			4
2025.08.18	01:29:37.408		0.94439			4
2025.08.18	01:29:44.480		0.94438			4
2025.08.18	01:29:44.794		0.94439			4
2025.08.18	01:30:00.176	0.94427				2
2025.08.18	01:30:02.575	0.94426				2
2025.08.18	01:30:03.291	0.94428	0.94437			6
2025.08.18	01:30:04.237	0.94427	0.94436			6
2025.08.18	01:30:05.149	0.94428	0.94437			6
2025.08.18	01:30:05.451	0.94427	0.94436			6
2025.08.18	01:30:05.755	0.94428	0.94437			6
2025.08.18	01:30:06.055	0.94427	0.94436			6
2025.08.18	01:30:06.965		0.94439			4
2025.08.18	01:30:08.839	0.94423	0.94437			6
2025.08.18	01:30:09.146		0.94433			4
2025.08.18	01:30:09.459	0.94424	0.94435			6
2025.08.18	01:30:09.986	0.94426	0.94437			6
2025.08.18	01:30:11.100	0.94425	0.94436			6
2025.08.18	01:30:11.423	0.94427				2
2025.08.18	01:30:12.721	0.94426	0.94435			6
2025.08.18	01:30:17.016	0.94427				2
2025.08.18	01:30:19.985		0.94437			4
2025.08.18	01:30:23.747	0.94430	0.94440			6
2025.08.18	01:30:24.825	0.94431				2
2025.08.18	01:30:32.435	0.94430				2
2025.08.18	01:30:38.101	0.94431				2
2025.08.18	01:30:38.768	0.94430				2
2025.08.18	01:30:40.961	0.94429				2
2025.08.18	01:30:42.115	0.94430				2
2025.08.18	01:30:48.774	0.94429				2
2025.08.18	01:30:49.458	0.94430				2
2025.08.18	01:30:55.655	0.94429				2
2025.08.18	01:30:56.247	0.94430				2
2025.08.18	01:30:59.377	0.94429				2
2025.08.18	01:30:59.678	0.94431				2
2025.08.18	01:31:00.607	0.94431				2
2025.08.18	01:31:01.219	0.94429				2
2025.08.18	01:31:01.676	0.94430				2
2025.08.18	01:31:04.341	0.94429				2
2025.08.18	01:31:06.337	0.94430				2
2025.08.18	01:31:07.661	0.94431				2
2025.08.18	01:31:08.025	0.94430				2
2025.08.18	01:31:08.985	0.94431				2
2025.08.18	01:31:09.316	0.94430				2
2025.08.18	01:31:10.026	0.94431				2
2025.08.18	01:31:10.338	0.94429				2
2025.08.18	01:31:11.075	0.94430				2
2025.08.18	01:31:11.380	0.94429				2
2025.08.18	01:31:12.459	0.94430				2
2025.08.18	01:31:19.082	0.94432	0.94442			6
2025.08.18	01:31:22.127	0.94431				2
2025.08.18	01:31:24.845	0.94432				2
2025.08.18	01:31:27.986	0.94431				2
2025.08.18	01:31:30.326	0.94432				2
2025.08.18	01:31:33.513	0.94431				2
2025.08.18	01:31:34.249	0.94432				2
2025.08.18	01:31:35.670	0.94431				2
2025.08.18	01:31:37.605	0.94432				2
2025.08.18	01:31:38.425	0.94431				2
2025.08.18	01:31:38.737	0.94432				2
2025.08.18	01:31:41.539	0.94431				2
2025.08.18	01:31:41.884	0.94432				2
2025.08.18	01:31:43.640	0.94431				2
2025.08.18	01:31:43.957	0.94432				2
2025.08.18	01:31:45.317	0.94429	0.94439			6
2025.08.18	01:31:46.061	0.94430				2
2025.08.18	01:31:59.937	0.94431				2
2025.08.18	01:32:00.244	0.94431				2
2025.08.18	01:32:00.597		0.94440			4
2025.08.18	01:32:00.974		0.94442			4
2025.08.18	01:32:02.077	0.94430				2
2025.08.18	01:32:02.648	0.94431				2
2025.08.18	01:32:03.112	0.94430				2
2025.08.18	01:32:03.702	0.94429	0.94440			6
2025.08.18	01:32:04.021	0.94430	0.94442			6
2025.08.18	01:32:04.357	0.94433	0.94445			6
2025.08.18	01:32:04.686	0.94432	0.94446			6
2025.08.18	01:32:05.455	0.94433	0.94445			6
2025.08.18	01:32:05.862	0.94432	0.94446			6
2025.08.18	01:32:06.351	0.94434	0.94445			6
2025.08.18	01:32:06.671	0.94433	0.94446			6
2025.08.18	01:32:12.754	0.94432				2
2025.08.18	01:32:13.752	0.94433				2
2025.08.18	01:32:16.859	0.94434				2
2025.08.18	01:32:17.933	0.94433	0.94447			6
2025.08.18	01:32:18.934	0.94434	0.94446			6
2025.08.18	01:32:19.664	0.94433				2
2025.08.18	01:32:21.764		0.94447			4
2025.08.18	01:32:23.043	0.94434				2
2025.08.18	01:32:24.770	0.94433				2
2025.08.18	01:32:25.121	0.94434	0.94446			6
2025.08.18	01:32:26.863		0.94447			4
2025.08.18	01:32:28.258		0.94446			4
2025.08.18	01:32:30.163	0.94435	0.94447			6
2025.08.18	01:32:30.477		0.94446			4
2025.08.18	01:32:31.062	0.94434				2
2025.08.18	01:32:32.303		0.94447			4
2025.08.18	01:32:44.730		0.94446			4
2025.08.18	01:32:45.366		0.94447			4
2025.08.18	01:32:47.442		0.94446			4
2025.08.18	01:32:47.862		0.94447			4
2025.08.18	01:32:52.057		0.94445			4
2025.08.18	01:32:53.116		0.94446			4
2025.08.18	01:32:58.064		0.94445			4
2025.08.18	01:32:58.455		0.94446			4
2025.08.18	01:32:59.266	0.94433				2
2025.08.18	01:33:00.315	0.94433				2
2025.08.18	01:33:00.622	0.94434	0.94447			6
2025.08.18	01:33:01.365	0.94435				2
2025.08.18	01:33:02.562	0.94434				2
2025.08.18	01:33:03.492		0.94448			4
2025.08.18	01:33:03.997	0.94438	0.94449			6
2025.08.18	01:33:04.662	0.94437	0.94450			6
2025.08.18	01:33:06.760	0.94438				2
2025.08.18	01:33:07.256	0.94437				2
2025.08.18	01:33:13.470	0.94436				2
2025.08.18	01:33:14.122	0.94438	0.94449			6
2025.08.18	01:33:14.506	0.94437	0.94450			6
2025.08.18	01:33:17.203		0.94449			4
2025.08.18	01:33:17.612		0.94450			4
2025.08.18	01:33:19.361	0.94438	0.94449			6
2025.08.18	01:33:19.680	0.94435	0.94447			6
2025.08.18	01:33:19.986	0.94436				2
2025.08.18	01:33:20.722	0.94435				2
2025.08.18	01:33:21.754	0.94437	0.94448			6
2025.08.18	01:33:22.061	0.94435	0.94447			6
2025.08.18	01:33:24.084	0.94436				2
2025.08.18	01:33:28.439	0.94437				2
2025.08.18	01:33:28.747	0.94436				2
2025.08.18	01:33:29.654	0.94437				2
2025.08.18	01:33:30.041	0.94436				2
2025.08.18	01:33:30.345	0.94435				2
2025.08.18	01:33:30.921	0.94436				2
2025.08.18	01:33:31.341	0.94435				2
2025.08.18	01:33:32.213	0.94436				2
2025.08.18	01:33:32.883	0.94435				2
2025.08.18	01:33:33.281		0.94448			4
2025.08.18	01:33:33.931	0.94436				2
2025.08.18	01:33:34.317	0.94435				2
2025.08.18	01:33:34.962	0.94436				2
2025.08.18	01:33:35.351	0.94435				2
2025.08.18	01:33:35.998	0.94436				2
2025.08.18	01:33:36.390	0.94435				2
2025.08.18	01:33:38.069	0.94436				2
2025.08.18	01:33:38.561	0.94435				2
2025.08.18	01:33:39.078	0.94436				2
2025.08.18	01:33:40.360	0.94435				2
2025.08.18	01:33:41.831	0.94436				2
2025.08.18	01:33:42.460	0.94435				2
2025.08.18	01:33:42.874	0.94437	0.94447			6
2025.08.18	01:33:43.383	0.94436	0.94448			6
2025.08.18	01:33:45.366	0.94434	0.94447			6
2025.08.18	01:33:46.396	0.94433				2
2025.08.18	01:33:47.401	0.94434				2
2025.08.18	01:33:48.349	0.94435				2
2025.08.18	01:33:48.685	0.94433	0.94446			6
2025.08.18	01:33:50.976	0.94432				2
2025.08.18	01:33:51.279	0.94433	0.94447			6
2025.08.18	01:33:51.640	0.94434				2
2025.08.18	01:33:52.688	0.94433				2
2025.08.18	01:34:00.309	0.94435	0.94446			6
2025.08.18	01:34:00.840		0.94445			4
2025.08.18	01:34:02.003	0.94433				2
2025.08.18	01:34:02.357	0.94435				2
2025.08.18	01:34:04.466	0.94436				2
2025.08.18	01:34:05.644	0.94435				2
2025.08.18	01:34:06.134	0.94434				2
2025.08.18	01:34:06.745	0.94435				2
2025.08.18	01:34:07.170	0.94434				2
2025.08.18	01:34:12.161	0.94435				2
2025.08.18	01:34:16.998	0.94434				2
2025.08.18	01:34:23.357	0.94435				2
2025.08.18	01:34:23.990	0.94434				2
2025.08.18	01:34:26.865	0.94435				2
2025.08.18	01:34:28.390	0.94434	0.94446			6
2025.08.18	01:34:28.812	0.94437	0.94448			6
2025.08.18	01:34:45.986	0.94439	0.94449			6
2025.08.18	01:34:47.261	0.94438				2
2025.08.18	01:34:54.392		0.94448			4
2025.08.18	01:35:00.171	0.94438				2
2025.08.18	01:35:04.767	0.94436				2
2025.08.18	01:35:05.260	0.94437				2
2025.08.18	01:35:18.039	0.94438				2
2025.08.18	01:35:24.985	0.94436				2
2025.08.18	01:35:25.444	0.94437				2
2025.08.18	01:35:26.879	0.94439				2
2025.08.18	01:35:27.452	0.94436	0.94447			6
2025.08.18	01:35:28.065		0.94445			4
2025.08.18	01:35:34.016	0.94432	0.94442			6
2025.08.18	01:35:35.040	0.94431				2
2025.08.18	01:35:36.355	0.94433				2
2025.08.18	01:35:37.059	0.94434				2
2025.08.18	01:35:37.611	0.94435	0.94445			6
2025.08.18	01:35:43.283	0.94432				2
2025.08.18	01:35:43.617	0.94433				2
2025.08.18	01:35:44.293	0.94432				2
2025.08.18	01:35:45.360	0.94433	0.94444			6
2025.08.18	01:35:47.010	0.94432				2
2025.08.18	01:35:52.191	0.94435	0.94443			6
2025.08.18	01:35:52.498	0.94434				2
2025.08.18	01:35:54.827	0.94433				2
2025.08.18	01:36:00.259	0.94432	0.94445			6
2025.08.18	01:36:00.630	0.94433				2
2025.08.18	01:36:01.418		0.94444			4
2025.08.18	01:36:01.724	0.94432				2
2025.08.18	01:36:02.450	0.94433				2
2025.08.18	01:36:03.403		0.94445			4
2025.08.18	01:36:03.845	0.94434				2
2025.08.18	01:36:04.876	0.94433				2
2025.08.18	01:36:13.166	0.94434				2
2025.08.18	01:36:13.686	0.94433	0.94446			6
2025.08.18	01:36:14.168	0.94434	0.94445			6
2025.08.18	01:36:16.034	0.94433				2
2025.08.18	01:36:16.403	0.94434				2
2025.08.18	01:36:17.860	0.94433	0.94446			6
2025.08.18	01:36:18.312	0.94434	0.94445			6
2025.08.18	01:36:19.171	0.94433	0.94446			6
2025.08.18	01:36:19.510	0.94434	0.94445			6
2025.08.18	01:36:19.960	0.94433	0.94446			6
2025.08.18	01:36:21.254		0.94445			4
2025.08.18	01:36:35.518		0.94444			4
2025.08.18	01:36:45.376	0.94432				2
2025.08.18	01:36:46.308	0.94433				2
2025.08.18	01:36:51.983	0.94431	0.94443			6
2025.08.18	01:36:53.384	0.94433				2
2025.08.18	01:36:55.500		0.94444			4
2025.08.18	01:36:59.440	0.94432				2
2025.08.18	01:36:59.771	0.94433				2
2025.08.18	01:37:00.676	0.94433				2
2025.08.18	01:37:03.446	0.94432				2
2025.08.18	01:37:04.822	0.94433				2
2025.08.18	01:37:05.852	0.94432				2
2025.08.18	01:37:06.889		0.94443			4
2025.08.18	01:37:07.198	0.94430				2
2025.08.18	01:37:24.628	0.94431				2
2025.08.18	01:37:35.891		0.94444			4
2025.08.18	01:37:36.928	0.94432				2
2025.08.18	01:37:41.075		0.94443			4
2025.08.18	01:37:53.530	0.94431				2
2025.08.18	01:37:56.861		0.94444			4
2025.08.18	01:37:57.262		0.94443			4
2025.08.18	01:37:59.619	0.94432				2
2025.08.18	01:38:00.613	0.94432				2
2025.08.18	01:38:01.707	0.94431				2
2025.08.18	01:38:03.672		0.94444			4
2025.08.18	01:38:03.993	0.94432	0.94443			6
2025.08.18	01:38:04.774	0.94431				2
2025.08.18	01:38:12.083	0.94430	0.94442			6
2025.08.18	01:38:18.460		0.94441			4
2025.08.18	01:38:22.771		0.94443			4
2025.08.18	01:38:23.265		0.94442			4
2025.08.18	01:38:23.758		0.94443			4
2025.08.18	01:38:43.212		0.94442			4
2025.08.18	01:38:45.379		0.94443			4
2025.08.18	01:38:46.322		0.94442			4
2025.08.18	01:38:52.667	0.94429	0.94443			6
2025.08.18	01:38:55.214		0.94442			4
2025.08.18	01:39:00.316	0.94429				2
2025.08.18	01:39:00.627	0.94430				2
2025.08.18	01:39:03.637		0.94443			4
2025.08.18	01:39:30.324	0.94429	0.94442			6
2025.08.18	01:39:30.859	0.94430				2
2025.08.18	01:39:37.072	0.94429				2
2025.08.18	01:39:40.585		0.94441			4
2025.08.18	01:39:44.319	0.94430				2
2025.08.18	01:39:45.357	0.94428	0.94439			6
2025.08.18	01:39:45.660		0.94440			4
2025.08.18	01:39:50.316	0.94427				2
2025.08.18	01:39:50.662	0.94429				2
2025.08.18	01:39:51.565	0.94428				2
2025.08.18	01:39:52.644		0.94439			4
2025.08.18	01:39:53.436	0.94427	0.94440			6
2025.08.18	01:39:53.760	0.94429				2
2025.08.18	01:39:54.677	0.94428				2
2025.08.18	01:39:55.493	0.94427				2
2025.08.18	01:39:55.830	0.94428				2
2025.08.18	01:39:57.580	0.94427				2
2025.08.18	01:39:57.903	0.94428				2
2025.08.18	01:39:58.627	0.94427				2
2025.08.18	01:39:59.005	0.94428				2
2025.08.18	01:39:59.671	0.94427				2
2025.08.18	01:40:00.050	0.94428				2
2025.08.18	01:40:01.980		0.94441			4
2025.08.18	01:40:33.987	0.94429				2
2025.08.18	01:40:34.961	0.94428				2
2025.08.18	01:40:35.331	0.94429				2
2025.08.18	01:40:37.989	0.94428				2
2025.08.18	01:40:38.291	0.94429				2
2025.08.18	01:40:43.296	0.94432	0.94446			6
2025.08.18	01:40:43.625		0.94444			4
2025.08.18	01:40:44.778		0.94443			4
2025.08.18	01:40:48.563		0.94444			4
2025.08.18	01:40:48.924		0.94443			4
2025.08.18	01:40:50.671	0.94429	0.94442			6
2025.08.18	01:41:00.181	0.94429				2
2025.08.18	01:41:02.449	0.94430				2
2025.08.18	01:41:04.360	0.94431				2
2025.08.18	01:41:06.659	0.94430				2
2025.08.18	01:41:08.727	0.94431	0.94443			6
2025.08.18	01:41:12.014	0.94426	0.94437			6
2025.08.18	01:41:13.096	0.94427	0.94438			6
2025.08.18	01:41:13.397		0.94440			4
2025.08.18	01:41:14.860	0.94428	0.94439			6
2025.08.18	01:41:20.317	0.94427	0.94440			6
2025.08.18	01:41:20.791	0.94430	0.94442			6
2025.08.18	01:41:24.075		0.94441			4
2025.08.18	01:41:31.320	0.94429	0.94440			6
2025.08.18	01:41:31.644	0.94428	0.94438			6
2025.08.18	01:41:34.887	0.94427				2
2025.08.18	01:41:38.957	0.94428				2
2025.08.18	01:41:42.393	0.94427				2
2025.08.18	01:41:49.722	0.94426				2
2025.08.18	01:41:50.029	0.94427	0.94437			6
2025.08.18	01:41:52.867	0.94428	0.94438			6
2025.08.18	01:41:54.935	0.94427				2
2025.08.18	01:41:55.959	0.94428				2
2025.08.18	01:41:57.043	0.94427				2
2025.08.18	01:42:00.117	0.94428				2
2025.08.18	01:42:01.154	0.94427				2
2025.08.18	01:42:01.643	0.94428				2
2025.08.18	01:42:03.226	0.94427				2
2025.08.18	01:42:06.214	0.94428				2
2025.08.18	01:42:13.388	0.94427				2
2025.08.18	01:42:13.752	0.94428				2
2025.08.18	01:42:14.473	0.94427				2
2025.08.18	01:42:14.791	0.94428				2
2025.08.18	01:42:22.951	0.94427				2
2025.08.18	01:42:24.010	0.94428				2
2025.08.18	01:42:24.981	0.94427				2
2025.08.18	01:42:41.604	0.94428				2
2025.08.18	01:42:45.384		0.94439			4
2025.08.18	01:42:47.032	0.94426	0.94438			6
2025.08.18	01:42:50.231		0.94437			4
2025.08.18	01:42:51.904	0.94427				2
2025.08.18	01:42:54.367	0.94426	0.94438			6
2025.08.18	01:42:55.405		0.94437			4
2025.08.18	01:42:57.161	0.94427				2
2025.08.18	01:42:59.548	0.94426				2
2025.08.18	01:43:00.658	0.94426	0.94438			6
2025.08.18	01:43:01.751	0.94427				2
2025.08.18	01:43:04.596	0.94426				2
2025.08.18	01:43:06.161	0.94427	0.94437			6
2025.08.18	01:43:08.737	0.94426	0.94438			6
2025.08.18	01:43:10.960	0.94427	0.94437			6
2025.08.18	01:43:13.801	0.94426				2
2025.08.18	01:43:15.956	0.94427				2
2025.08.18	01:43:18.059	0.94426				2
2025.08.18	01:43:22.062	0.94427				2
2025.08.18	01:43:24.272	0.94426				2
2025.08.18	01:43:25.923	0.94427				2
2025.08.18	01:43:34.642	0.94426				2
2025.08.18	01:43:37.864	0.94427				2
2025.08.18	01:43:40.846	0.94426				2
2025.08.18	01:43:42.567	0.94427				2
2025.08.18	01:43:45.380	0.94425				2
2025.08.18	01:44:00.644	0.94426				2
2025.08.18	01:44:01.961	0.94427				2
2025.08.18	01:44:05.837	0.94426				2
2025.08.18	01:44:08.863	0.94427				2
2025.08.18	01:44:10.977	0.94426	0.94437			6
2025.08.18	01:44:13.360	0.94427				2
2025.08.18	01:44:16.186	0.94426				2
2025.08.18	01:44:24.760	0.94427				2
2025.08.18	01:44:25.957	0.94426	0.94436			6
2025.08.18	01:44:28.960	0.94425				2
2025.08.18	01:44:32.243	0.94426				2
2025.08.18	01:44:34.961	0.94425				2
2025.08.18	01:44:38.560	0.94426				2
2025.08.18	01:44:42.461	0.94425				2
2025.08.18	01:44:45.705	0.94426				2
2025.08.18	01:44:46.654	0.94425				2
2025.08.18	01:44:49.846	0.94426				2
2025.08.18	01:44:52.661	0.94425				2
2025.08.18	01:44:55.630	0.94424				2
2025.08.18	01:45:00.173	0.94424				2
2025.08.18	01:45:01.921	0.94421	0.94431			6
2025.08.18	01:45:02.226	0.94422				2
2025.08.18	01:45:03.181	0.94423				2
2025.08.18	01:45:06.275	0.94422				2
2025.08.18	01:45:08.359	0.94423				2
2025.08.18	01:45:12.353	0.94422				2
2025.08.18	01:45:12.997	0.94425	0.94435			6
2025.08.18	01:45:14.032	0.94424				2
2025.08.18	01:45:14.444		0.94434			4
2025.08.18	01:45:24.022	0.94425				2
2025.08.18	01:45:25.058	0.94424				2
2025.08.18	01:45:29.203	0.94425				2
2025.08.18	01:45:32.313	0.94424				2
2025.08.18	01:45:36.376	0.94425				2
2025.08.18	01:45:37.417	0.94424				2
2025.08.18	01:45:38.769	0.94425				2
2025.08.18	01:45:40.550	0.94424				2
2025.08.18	01:45:42.669	0.94425				2
2025.08.18	01:45:43.720	0.94424				2
2025.08.18	01:45:45.750	0.94423	0.94433			6
2025.08.18	01:45:46.716		0.94434			4
2025.08.18	01:45:51.989	0.94424				2
2025.08.18	01:45:53.810	0.94423				2
2025.08.18	01:45:54.189	0.94424				2
2025.08.18	01:46:00.287	0.94424				2
2025.08.18	01:46:00.596	0.94426	0.94435			6
2025.08.18	01:46:02.730	0.94425				2
2025.08.18	01:46:03.901	0.94426				2
2025.08.18	01:46:08.009	0.94425				2
2025.08.18	01:46:26.553	0.94426				2
2025.08.18	01:46:27.816	0.94425				2
2025.08.18	01:46:37.556	0.94426				2
2025.08.18	01:46:40.134	0.94425	0.94436			6
2025.08.18	01:46:50.335	0.94424				2
2025.08.18	01:46:50.702	0.94425				2
2025.08.18	01:46:52.348	0.94424				2
2025.08.18	01:46:52.694	0.94425				2
2025.08.18	01:47:00.326	0.94425				2
2025.08.18	01:47:14.212		0.94435			4
2025.08.18	01:47:15.411	0.94424				2
2025.08.18	01:47:20.624	0.94425				2
2025.08.18	01:47:30.384	0.94424	0.94434			6
2025.08.18	01:47:33.619	0.94423				2
2025.08.18	01:47:34.769	0.94424				2
2025.08.18	01:47:38.560	0.94423				2
2025.08.18	01:47:38.925	0.94424				2
2025.08.18	01:47:42.478	0.94427	0.94437			6
2025.08.18	01:47:45.625	0.94428				2
2025.08.18	01:47:46.660	0.94427				2
2025.08.18	01:47:49.240		0.94436			4
2025.08.18	01:47:50.536	0.94426				2
2025.08.18	01:47:50.931	0.94427				2
2025.08.18	01:47:52.612	0.94425				2
2025.08.18	01:47:52.920	0.94426				2
2025.08.18	01:47:53.666	0.94425				2
2025.08.18	01:47:53.980	0.94426				2
2025.08.18	01:47:54.711	0.94425				2
2025.08.18	01:47:55.023	0.94426				2
2025.08.18	01:47:55.755	0.94425				2
2025.08.18	01:47:56.068	0.94426				2
2025.08.18	01:47:57.843	0.94425				2
2025.08.18	01:47:58.215	0.94426				2
2025.08.18	01:47:58.887	0.94425				2
2025.08.18	01:47:59.218	0.94426				2
2025.08.18	01:48:00.134	0.94426				2
2025.08.18	01:48:00.976	0.94425				2
2025.08.18	01:48:01.321	0.94426				2
2025.08.18	01:48:03.066	0.94425				2
2025.08.18	01:48:03.394	0.94426				2
2025.08.18	01:48:04.108	0.94425				2
2025.08.18	01:48:04.427	0.94426				2
2025.08.18	01:48:05.152	0.94425				2
2025.08.18	01:48:05.468	0.94426				2
2025.08.18	01:48:06.196	0.94425				2
2025.08.18	01:48:06.500	0.94426				2
2025.08.18	01:48:06.810	0.94427	0.94438			6
2025.08.18	01:48:10.846	0.94426				2
2025.08.18	01:48:11.889	0.94427				2
2025.08.18	01:48:13.975	0.94426				2
2025.08.18	01:48:14.640		0.94439			4
2025.08.18	01:48:17.115		0.94438			4
2025.08.18	01:48:24.363		0.94439			4
2025.08.18	01:48:28.059		0.94438			4
2025.08.18	01:48:30.426		0.94439			4
2025.08.18	01:48:33.163		0.94438			4
2025.08.18	01:48:35.758		0.94439			4
2025.08.18	01:48:40.724		0.94438			4
2025.08.18	01:48:52.404		0.94439			4
2025.08.18	01:48:57.737		0.94438			4
2025.08.18	01:49:04.364	0.94426				2
2025.08.18	01:49:10.296		0.94439			4
2025.08.18	01:49:21.201	0.94425				2
2025.08.18	01:49:23.862	0.94426				2
2025.08.18	01:49:27.421	0.94425				2
2025.08.18	01:49:30.142		0.94438			4
2025.08.18	01:49:30.460	0.94426				2
2025.08.18	01:49:33.630	0.94425				2
2025.08.18	01:49:35.324	0.94426				2
2025.08.18	01:49:49.062		0.94439			4
2025.08.18	01:50:06.008	0.94426				2
2025.08.18	01:50:09.389	0.94427				2
2025.08.18	01:50:09.701	0.94426	0.94438			6
2025.08.18	01:50:10.086	0.94425	0.94439			6
2025.08.18	01:50:10.398		0.94438			4
2025.08.18	01:50:10.704	0.94426	0.94437			6
2025.08.18	01:50:14.860	0.94425				2
2025.08.18	01:50:18.554		0.94436			4
2025.08.18	01:50:21.790		0.94437			4
2025.08.18	01:50:24.766		0.94436			4
2025.08.18	01:50:47.187	0.94424				2
2025.08.18	01:50:47.498	0.94425				2
2025.08.18	01:50:48.232	0.94424				2
2025.08.18	01:50:48.592	0.94425				2
2025.08.18	01:50:49.276	0.94424				2
2025.08.18	01:50:49.582	0.94425				2
2025.08.18	01:50:50.316	0.94424				2
2025.08.18	01:50:50.662	0.94425				2
2025.08.18	01:50:51.366	0.94424				2
2025.08.18	01:50:51.699	0.94425				2
2025.08.18	01:50:52.408	0.94424				2
2025.08.18	01:50:52.732	0.94425				2
2025.08.18	01:50:53.452	0.94424				2
2025.08.18	01:50:53.767	0.94425				2
2025.08.18	01:50:54.496	0.94424				2
2025.08.18	01:50:54.802	0.94425				2
2025.08.18	01:51:00.136	0.94425				2
2025.08.18	01:51:00.641	0.94424	0.94435			6
2025.08.18	01:51:01.088	0.94425				2
2025.08.18	01:51:01.804	0.94424				2
2025.08.18	01:51:02.124	0.94425				2
2025.08.18	01:51:02.847	0.94424				2
2025.08.18	01:51:03.157	0.94425				2
2025.08.18	01:51:03.892	0.94424				2
2025.08.18	01:51:04.194	0.94425				2
2025.08.18	01:51:05.795	0.94424				2
2025.08.18	01:51:07.118	0.94425				2
2025.08.18	01:51:07.428	0.94421	0.94432			6
2025.08.18	01:51:07.764	0.94424	0.94435			6
2025.08.18	01:51:08.086	0.94425				2
2025.08.18	01:51:11.117		0.94434			4
2025.08.18	01:51:17.704		0.94437			4
2025.08.18	01:51:25.176	0.94424	0.94434			6
2025.08.18	01:51:25.502	0.94423				2
2025.08.18	01:51:26.545	0.94422				2
2025.08.18	01:51:33.856	0.94423	0.94435			6
2025.08.18	01:51:38.368	0.94426				2
2025.08.18	01:51:39.737	0.94427				2
2025.08.18	01:51:40.040	0.94428	0.94436			6
2025.08.18	01:51:40.363	0.94427				2
2025.08.18	01:51:44.577		0.94438			4
2025.08.18	01:51:45.367		0.94436			4
2025.08.18	01:51:46.658	0.94428				2
2025.08.18	01:51:47.091	0.94427	0.94439			6
2025.08.18	01:51:48.140		0.94440			4
2025.08.18	01:51:51.076	0.94429				2
2025.08.18	01:51:56.353		0.94441			4
2025.08.18	01:52:00.673	0.94429	0.94440			6
2025.08.18	01:52:04.716		0.94441			4
2025.08.18	01:52:08.983		0.94440			4
2025.08.18	01:52:14.033		0.94441			4
2025.08.18	01:52:26.783	0.94430				2
2025.08.18	01:52:29.566	0.94429				2
2025.08.18	01:52:40.053	0.94430				2
2025.08.18	01:52:46.106		0.94442			4
2025.08.18	01:52:48.338		0.94441			4
2025.08.18	01:52:50.280		0.94442			4
2025.08.18	01:52:52.369		0.94441			4
2025.08.18	01:52:54.460		0.94442			4
2025.08.18	01:52:56.624		0.94441			4
2025.08.18	01:52:58.568		0.94442			4
2025.08.18	01:53:00.365	0.94430	0.94441			6
2025.08.18	01:53:00.674	0.94429	0.94443			6
2025.08.18	01:53:04.785	0.94430	0.94442			6
2025.08.18	01:53:07.019		0.94443			4
2025.08.18	01:53:10.994		0.94442			4
2025.08.18	01:53:11.325	0.94432	0.94443			6
2025.08.18	01:53:54.902	0.94430	0.94440			6
2025.08.18	01:53:55.220	0.94436	0.94445			6
2025.08.18	01:53:56.253	0.94435				2
2025.08.18	01:54:00.320	0.94435				2
2025.08.18	01:54:03.557	0.94434				2
2025.08.18	01:54:04.348		0.94444			4
2025.08.18	01:54:05.612	0.94435				2
2025.08.18	01:54:06.678	0.94434				2
2025.08.18	01:54:11.559	0.94435				2
2025.08.18	01:54:17.988	0.94436				2
2025.08.18	01:54:24.206	0.94435				2
2025.08.18	01:54:26.278	0.94436				2
2025.08.18	01:54:27.381	0.94435				2
2025.08.18	01:54:29.390	0.94436				2
2025.08.18	01:54:31.465	0.94435				2
2025.08.18	01:54:32.497	0.94436				2
2025.08.18	01:54:32.860	0.94437				2
2025.08.18	01:54:34.569	0.94436				2
2025.08.18	01:54:37.678	0.94437				2
2025.08.18	01:54:38.712	0.94436				2
2025.08.18	01:54:39.808	0.94437				2
2025.08.18	01:54:41.879	0.94436				2
2025.08.18	01:54:42.917	0.94437				2
2025.08.18	01:54:44.986	0.94436				2
2025.08.18	01:54:46.020	0.94437				2
2025.08.18	01:54:53.270	0.94436				2
2025.08.18	01:55:00.520	0.94436				2
2025.08.18	01:55:02.199	0.94438	0.94447			6
2025.08.18	01:55:10.925	0.94439	0.94448			6
2025.08.18	01:55:32.893	0.94438				2
2025.08.18	01:55:33.203	0.94436	0.94447			6
2025.08.18	01:55:44.382	0.94437	0.94446			6
2025.08.18	01:55:44.698	0.94436	0.94448			6
2025.08.18	01:55:45.005	0.94438	0.94447			6
2025.08.18	01:55:45.365	0.94436				2
2025.08.18	01:55:45.680	0.94437				2
2025.08.18	01:55:46.962	0.94436	0.94446			6
2025.08.18	01:55:47.263	0.94437	0.94447			6
2025.08.18	01:56:00.190	0.94434	0.94445			6
2025.08.18	01:56:04.472		0.94446			4
2025.08.18	01:56:09.523	0.94435	0.94445			6
2025.08.18	01:56:12.163	0.94434	0.94446			6
2025.08.18	01:56:15.577	0.94435	0.94445			6
2025.08.18	01:56:18.284	0.94434	0.94446			6
2025.08.18	01:56:20.624	0.94435	0.94445			6
2025.08.18	01:56:22.359	0.94438				2
2025.08.18	01:56:22.666		0.94446			4
2025.08.18	01:56:31.273	0.94436				2
2025.08.18	01:56:31.577	0.94437				2
2025.08.18	01:56:31.889	0.94438				2
2025.08.18	01:56:45.277	0.94437				2
2025.08.18	01:57:00.646	0.94437				2
2025.08.18	01:57:01.477	0.94438				2
2025.08.18	01:57:06.616	0.94435	0.94444			6
2025.08.18	01:57:08.745	0.94432	0.94442			6
2025.08.18	01:57:10.871	0.94431				2
2025.08.18	01:57:11.202	0.94432	0.94441			6
2025.08.18	01:57:11.696		0.94442			4
2025.08.18	01:57:12.099	0.94435	0.94444			6
2025.08.18	01:57:16.048	0.94436				2
2025.08.18	01:57:16.526	0.94433				2
2025.08.18	01:57:17.167	0.94435	0.94445			6
2025.08.18	01:57:21.480	0.94436				2
2025.08.18	01:57:22.860		0.94446			4
2025.08.18	01:57:24.037		0.94447			4
2025.08.18	01:57:24.377		0.94448			4
2025.08.18	01:57:25.834	0.94438	0.94449			6
2025.08.18	01:57:26.142		0.94450			4
2025.08.18	01:57:29.147	0.94437	0.94449			6
2025.08.18	01:57:32.966	0.94438				2
2025.08.18	01:57:38.188	0.94441	0.94453			6
2025.08.18	01:57:39.233		0.94454			4
2025.08.18	01:57:41.623		0.94453			4
2025.08.18	01:57:43.509		0.94452			4
2025.08.18	01:57:46.844		0.94453			4
2025.08.18	01:57:50.561	0.94440				2
2025.08.18	01:57:53.329	0.94441				2
2025.08.18	01:58:00.109	0.94441				2
2025.08.18	01:58:00.975	0.94442				2
2025.08.18	01:58:03.966	0.94441	0.94452			6
2025.08.18	01:58:05.865	0.94442				2
2025.08.18	01:58:09.409	0.94441				2
2025.08.18	01:58:16.467	0.94440				2
2025.08.18	01:58:19.631	0.94442	0.94454			6
2025.08.18	01:58:20.405	0.94441				2
2025.08.18	01:58:21.443	0.94442				2
2025.08.18	01:58:25.585	0.94441				2
2025.08.18	01:58:26.672	0.94442				2
2025.08.18	01:58:32.415	0.94443				2
2025.08.18	01:58:33.459	0.94442				2
2025.08.18	01:58:34.360	0.94443				2
2025.08.18	01:58:36.357	0.94440	0.94453			6
2025.08.18	01:58:36.659	0.94438	0.94450			6
2025.08.18	01:58:38.294		0.94449			4
2025.08.18	01:58:43.357	0.94437				2
2025.08.18	01:58:45.356	0.94438	0.94448			6
2025.08.18	01:58:49.377	0.94439	0.94449			6
2025.08.18	01:58:56.746	0.94438	0.94448			6
2025.08.18	01:59:00.316	0.94438				2
2025.08.18	01:59:02.300		0.94449			4
2025.08.18	01:59:04.150	0.94435	0.94446			6
2025.08.18	01:59:06.241	0.94438				2
2025.08.18	01:59:06.556	0.94437	0.94447			6
2025.08.18	01:59:12.450	0.94438				2
2025.08.18	01:59:14.383		0.94448			4
2025.08.18	01:59:16.823	0.94440				2
2025.08.18	01:59:20.172		0.94449			4
2025.08.18	01:59:23.991	0.94441				2
2025.08.18	01:59:24.963	0.94440				2
2025.08.18	01:59:28.246	0.94441				2
2025.08.18	01:59:30.089	0.94439	0.94448			6
2025.08.18	01:59:31.507	0.94438				2
2025.08.18	01:59:35.128	0.94439				2
2025.08.18	01:59:35.461	0.94438				2
2025.08.18	01:59:36.193	0.94439				2
2025.08.18	01:59:36.656	0.94438				2
2025.08.18	01:59:37.438	0.94439				2
2025.08.18	01:59:38.714	0.94438				2
2025.08.18	01:59:41.709	0.94439				2
2025.08.18	01:59:45.968	0.94438				2
2025.08.18	01:59:52.065	0.94439				2
2025.08.18	01:59:57.240	0.94438				2
2025.08.18	02:00:00.147	0.94441	0.94452			6
2025.08.18	02:00:00.483	0.94442				2
2025.08.18	02:00:02.359	0.94441				2
2025.08.18	02:00:02.681	0.94442				2
2025.08.18	02:00:06.055	0.94441				2
2025.08.18	02:00:06.361	0.94442				2
2025.08.18	02:00:08.910		0.94453			4
2025.08.18	02:00:10.316	0.94443				2
2025.08.18	02:00:14.396	0.94442				2
2025.08.18	02:00:15.324	0.94443				2
2025.08.18	02:00:21.514	0.94442				2
2025.08.18	02:00:23.710	0.94443				2
2025.08.18	02:00:36.276		0.94454			4
2025.08.18	02:00:38.344	0.94442				2
2025.08.18	02:00:42.490	0.94441				2
2025.08.18	02:00:42.816	0.94442				2
2025.08.18	02:00:44.565	0.94441				2
2025.08.18	02:00:44.885	0.94442				2
2025.08.18	02:00:46.911	0.94443				2
2025.08.18	02:00:50.610	0.94442				2
2025.08.18	02:00:52.233	0.94439	0.94450			6
2025.08.18	02:00:55.317	0.94438				2
2025.08.18	02:00:59.147	0.94443	0.94453			6
2025.08.18	02:00:59.566	0.94442				2
2025.08.18	02:01:00.319	0.94442				2
2025.08.18	02:01:00.899		0.94454			4
2025.08.18	02:01:02.535	0.94443				2
2025.08.18	02:01:03.400	0.94442				2
2025.08.18	02:01:04.563	0.94443				2
2025.08.18	02:01:06.379	0.94442				2
2025.08.18	02:01:07.500	0.94441				2
2025.08.18	02:01:07.871	0.94442				2
2025.08.18	02:01:10.507	0.94441				2
2025.08.18	02:01:12.981	0.94442				2
2025.08.18	02:01:14.796		0.94455			4
2025.08.18	02:01:17.997	0.94440	0.94454			6
2025.08.18	02:01:21.658	0.94441				2
2025.08.18	02:01:21.975		0.94455			4
2025.08.18	02:01:24.304	0.94442				2
2025.08.18	02:01:25.203	0.94441				2
2025.08.18	02:01:28.737	0.94442				2
2025.08.18	02:01:30.905	0.94441				2
2025.08.18	02:01:31.940		0.94454			4
2025.08.18	02:01:32.261		0.94455			4
2025.08.18	02:01:34.807	0.94442				2
2025.08.18	02:01:36.445		0.94453			4
2025.08.18	02:01:37.621	0.94443	0.94455			6
2025.08.18	02:01:42.012	0.94445	0.94456			6
2025.08.18	02:01:42.345	0.94444				2
2025.08.18	02:01:44.244	0.94445	0.94457			6
2025.08.18	02:01:44.691	0.94444				2
2025.08.18	02:01:45.056	0.94442	0.94456			6
2025.08.18	02:01:45.697	0.94444	0.94457			6
2025.08.18	02:01:46.410	0.94443				2
2025.08.18	02:01:47.750	0.94444				2
2025.08.18	02:01:51.630	0.94445				2
2025.08.18	02:01:52.347	0.94444				2
2025.08.18	02:01:52.675	0.94445				2
2025.08.18	02:01:55.263	0.94444				2
2025.08.18	02:01:56.440	0.94445				2
2025.08.18	02:01:57.161	0.94443				2
2025.08.18	02:01:57.586	0.94444				2
2025.08.18	02:01:59.932	0.94443	0.94455			6
2025.08.18	02:02:00.313	0.94442				2
2025.08.18	02:02:00.697	0.94443				2
2025.08.18	02:02:01.261	0.94442	0.94453			6
2025.08.18	02:02:03.376	0.94441				2
2025.08.18	02:02:07.213	0.94442	0.94454			6
2025.08.18	02:02:08.568	0.94443	0.94455			6
2025.08.18	02:02:13.270	0.94442	0.94457			6
2025.08.18	02:02:14.257	0.94443	0.94455			6
2025.08.18	02:02:14.595	0.94442				2
2025.08.18	02:02:18.613	0.94443				2
2025.08.18	02:02:18.918	0.94444	0.94458			6
2025.08.18	02:02:20.221	0.94443	0.94457			6
2025.08.18	02:02:29.062	0.94445	0.94456			6
2025.08.18	02:02:29.698	0.94444	0.94455			6
2025.08.18	02:02:31.514	0.94445	0.94456			6
2025.08.18	02:02:31.821	0.94444	0.94455			6
2025.08.18	02:02:32.424	0.94445	0.94456			6
2025.08.18	02:02:32.728	0.94443	0.94457			6
2025.08.18	02:02:33.164	0.94444				2
2025.08.18	02:02:36.353	0.94445				2
2025.08.18	02:02:37.883	0.94444	0.94459			6
2025.08.18	02:02:38.834	0.94445	0.94458			6
2025.08.18	02:02:44.063	0.94443	0.94457			6
2025.08.18	02:02:44.378		0.94458			4
2025.08.18	02:02:46.676	0.94441	0.94454			6
2025.08.18	02:02:46.986		0.94456			4
2025.08.18	02:02:48.363		0.94453			4
2025.08.18	02:02:49.401		0.94456			4
2025.08.18	02:02:49.856	0.94442	0.94454			6
2025.08.18	02:02:50.350	0.94441	0.94455			6
2025.08.18	02:02:51.385	0.94442	0.94454			6
2025.08.18	02:02:57.381	0.94443				2
2025.08.18	02:02:59.247	0.94440	0.94453			6
2025.08.18	02:03:00.936	0.94440				2
2025.08.18	02:03:14.197	0.94439				2
2025.08.18	02:03:15.358		0.94451			4
2025.08.18	02:03:16.849	0.94440				2
2025.08.18	02:03:19.547	0.94441	0.94450			6
2025.08.18	02:03:20.649	0.94439				2
2025.08.18	02:03:22.126	0.94440				2
2025.08.18	02:03:27.236	0.94438	0.94449			6
2025.08.18	02:03:30.809	0.94437				2
2025.08.18	02:03:36.734	0.94438	0.94448			6
2025.08.18	02:03:48.407		0.94450			4
2025.08.18	02:03:50.626	0.94436	0.94447			6
2025.08.18	02:03:55.065	0.94435				2
2025.08.18	02:03:55.970		0.94446			4
2025.08.18	02:03:58.330	0.94436	0.94448			6
2025.08.18	02:03:58.695	0.94437				2
2025.08.18	02:04:00.314	0.94437				2
2025.08.18	02:04:02.847	0.94436				2
2025.08.18	02:04:06.757		0.94447			4
2025.08.18	02:04:20.000	0.94434	0.94445			6
2025.08.18	02:04:20.319	0.94433				2
2025.08.18	02:04:21.294		0.94444			4
2025.08.18	02:04:22.948	0.94432				2
2025.08.18	02:04:24.235	0.94433				2
2025.08.18	02:04:25.356	0.94432				2
2025.08.18	02:04:28.022	0.94433				2
2025.08.18	02:04:30.852		0.94443			4
2025.08.18	02:04:37.328	0.94434	0.94444			6
2025.08.18	02:04:38.164	0.94432	0.94443			6
2025.08.18	02:04:40.064	0.94433				2
2025.08.18	02:04:43.975	0.94430	0.94441			6
2025.08.18	02:04:44.279		0.94440			4
2025.08.18	02:04:46.779		0.94439			4
2025.08.18	02:04:47.113	0.94429				2
2025.08.18	02:04:48.162	0.94431	0.94440			6
2025.08.18	02:04:49.607	0.94430	0.94442			6
2025.08.18	02:04:55.107	0.94431				2
2025.08.18	02:04:56.629	0.94430				2
2025.08.18	02:04:58.634	0.94431				2
2025.08.18	02:04:59.671	0.94430				2
2025.08.18	02:05:00.007	0.94430				2
2025.08.18	02:05:00.432	0.94432	0.94441			6
2025.08.18	02:05:00.750	0.94431	0.94442			6
2025.08.18	02:05:05.534	0.94430				2
2025.08.18	02:05:05.903	0.94431				2
2025.08.18	02:05:11.134	0.94432				2
2025.08.18	02:05:20.661	0.94430	0.94440			6
2025.08.18	02:05:21.377		0.94441			4
2025.08.18	02:05:22.749	0.94431				2
2025.08.18	02:05:25.607	0.94434	0.94443			6
2025.08.18	02:05:26.661		0.94442			4
2025.08.18	02:05:28.804		0.94443			4
2025.08.18	02:05:31.897	0.94432				2
2025.08.18	02:05:34.285	0.94431				2
2025.08.18	02:05:34.652		0.94444			4
2025.08.18	02:05:38.587	0.94432				2
2025.08.18	02:05:38.912	0.94431				2
2025.08.18	02:05:41.753		0.94442			4
2025.08.18	02:05:42.060	0.94429	0.94441			6
2025.08.18	02:05:44.228	0.94434				2
2025.08.18	02:05:49.566	0.94429				2
2025.08.18	02:05:53.969	0.94431	0.94442			6
2025.08.18	02:05:57.751	0.94430	0.94440			6
2025.08.18	02:05:59.757	0.94429				2
2025.08.18	02:06:00.149	0.94429				2
2025.08.18	02:06:01.567	0.94433				2
2025.08.18	02:06:02.182	0.94434				2
2025.08.18	02:06:02.500		0.94441			4
2025.08.18	02:06:07.779		0.94442			4
2025.08.18	02:06:17.390		0.94441			4
2025.08.18	02:06:29.958		0.94442			4
2025.08.18	02:06:47.127	0.94432				2
2025.08.18	02:06:48.211	0.94430	0.94443			6
2025.08.18	02:06:52.123	0.94431				2
2025.08.18	02:06:53.400		0.94442			4
2025.08.18	02:06:54.306	0.94432	0.94443			6
2025.08.18	02:06:55.350	0.94431				2
2025.08.18	02:06:56.370	0.94432	0.94442			6
2025.08.18	02:06:57.556	0.94434				2
2025.08.18	02:07:00.318	0.94434				2
2025.08.18	02:07:08.369		0.94441			4
2025.08.18	02:07:08.822		0.94442			4
2025.08.18	02:07:09.385		0.94441			4
2025.08.18	02:07:10.474		0.94442			4
2025.08.18	02:07:10.907		0.94443			4
2025.08.18	02:07:14.062		0.94444			4
2025.08.18	02:07:27.315		0.94439			4
2025.08.18	02:07:35.712		0.94440			4
2025.08.18	02:07:39.913		0.94439			4
2025.08.18	02:07:40.645	0.94433	0.94440			6
2025.08.18	02:07:41.023	0.94434				2
2025.08.18	02:07:48.057	0.94433				2
2025.08.18	02:07:56.409	0.94430				2
2025.08.18	02:08:00.546	0.94432	0.94439			6
2025.08.18	02:08:05.074		0.94440			4
2025.08.18	02:08:06.042	0.94433				2
2025.08.18	02:08:07.431	0.94432	0.94441			6
2025.08.18	02:08:07.899		0.94440			4
2025.08.18	02:08:09.725	0.94433				2
2025.08.18	02:08:11.948	0.94432				2
2025.08.18	02:08:12.700	0.94434	0.94444			6
2025.08.18	02:08:13.732		0.94443			4
2025.08.18	02:08:14.982		0.94445			4
2025.08.18	02:08:15.773		0.94444			4
2025.08.18	02:08:16.867	0.94437	0.94446			6
2025.08.18	02:08:17.180		0.94447			4
2025.08.18	02:08:22.261		0.94446			4
2025.08.18	02:08:22.569		0.94447			4
2025.08.18	02:08:23.972		0.94448			4
2025.08.18	02:08:28.295	0.94435	0.94445			6
2025.08.18	02:08:30.445		0.94446			4
2025.08.18	02:08:33.302	0.94436				2
2025.08.18	02:08:34.133		0.94447			4
2025.08.18	02:08:36.655		0.94448			4
2025.08.18	02:08:37.229		0.94447			4
2025.08.18	02:08:37.690		0.94448			4
2025.08.18	02:08:38.276		0.94447			4
2025.08.18	02:08:38.726		0.94448			4
2025.08.18	02:08:40.325	0.94439	0.94450			6
2025.08.18	02:08:41.453		0.94449			4
2025.08.18	02:08:45.183		0.94450			4
2025.08.18	02:08:50.492	0.94440				2
2025.08.18	02:08:52.426		0.94451			4
2025.08.18	02:08:57.626		0.94450			4
2025.08.18	02:09:05.100	0.94440				2
2025.08.18	02:09:10.063		0.94451			4
2025.08.18	02:09:11.093		0.94450			4
2025.08.18	02:09:21.675	0.94441				2
2025.08.18	02:09:27.668	0.94442	0.94451			6
2025.08.18	02:09:37.022		0.94452			4
2025.08.18	02:10:00.694	0.94442	0.94453			6
2025.08.18	02:10:02.347		0.94452			4
2025.08.18	02:10:33.729		0.94453			4
2025.08.18	02:10:36.455		0.94452			4
2025.08.18	02:10:47.892		0.94451			4
2025.08.18	02:10:57.257		0.94452			4
2025.08.18	02:11:00.653	0.94442	0.94451			6
2025.08.18	02:11:10.059	0.94441				2
2025.08.18	02:11:11.873		0.94452			4
2025.08.18	02:11:12.274		0.94451			4
2025.08.18	02:11:35.489		0.94450			4
2025.08.18	02:11:39.699		0.94451			4
2025.08.18	02:11:44.860		0.94450			4
2025.08.18	02:11:49.934		0.94451			4
2025.08.18	02:11:55.062		0.94452			4
2025.08.18	02:11:58.467	0.94438	0.94450			6
2025.08.18	02:12:00.606	0.94439	0.94449			6
2025.08.18	02:12:03.209	0.94440				2
2025.08.18	02:12:04.237	0.94441	0.94452			6
2025.08.18	02:12:05.546	0.94440	0.94449			6
2025.08.18	02:12:06.468		0.94450			4
2025.08.18	02:12:07.664		0.94449			4
2025.08.18	02:12:08.679	0.94445	0.94453			6
2025.08.18	02:12:09.666	0.94444	0.94452			6
2025.08.18	02:12:10.694		0.94453			4
2025.08.18	02:12:11.755	0.94443				2
2025.08.18	02:12:14.887		0.94451			4
2025.08.18	02:12:17.877	0.94442				2
2025.08.18	02:12:34.191	0.94443	0.94453			6
2025.08.18	02:12:34.514		0.94454			4
2025.08.18	02:12:44.847	0.94444	0.94453			6
2025.08.18	02:12:45.577	0.94443				2
2025.08.18	02:12:48.342	0.94444				2
2025.08.18	02:12:49.397	0.94443				2
2025.08.18	02:12:52.505		0.94452			4
2025.08.18	02:12:52.885		0.94453			4
2025.08.18	02:12:54.707		0.94452			4
2025.08.18	02:12:55.601		0.94453			4
2025.08.18	02:12:58.419	0.94445				2
2025.08.18	02:12:58.721	0.94444	0.94451			6
2025.08.18	02:12:59.777		0.94452			4
2025.08.18	02:13:00.083	0.94444				2
2025.08.18	02:13:07.578	0.94443				2
2025.08.18	02:13:13.349	0.94444	0.94453			6
2025.08.18	02:13:14.298	0.94443				2
2025.08.18	02:13:26.224		0.94452			4
2025.08.18	02:13:35.250		0.94453			4
2025.08.18	02:13:37.778		0.94452			4
2025.08.18	02:13:48.830		0.94453			4
2025.08.18	02:13:49.873	0.94444	0.94452			6
2025.08.18	02:13:59.049	0.94443				2
2025.08.18	02:13:59.428	0.94444				2
2025.08.18	02:14:00.119	0.94443				2
2025.08.18	02:14:00.469	0.94444				2
2025.08.18	02:14:01.162	0.94443				2
2025.08.18	02:14:01.516	0.94444				2
2025.08.18	02:14:02.205	0.94443				2
2025.08.18	02:14:02.558	0.94444				2
2025.08.18	02:14:03.257	0.94443				2
2025.08.18	02:14:03.601	0.94444				2
2025.08.18	02:14:04.292	0.94443				2
2025.08.18	02:14:04.642	0.94444				2
2025.08.18	02:14:05.337	0.94443				2
2025.08.18	02:14:05.674	0.94444				2
2025.08.18	02:14:06.381	0.94443				2
2025.08.18	02:14:06.711	0.94444				2
2025.08.18	02:14:07.425	0.94443				2
2025.08.18	02:14:07.749	0.94444				2
2025.08.18	02:14:08.440	0.94443	0.94453			6
2025.08.18	02:14:08.759	0.94444	0.94452			6
2025.08.18	02:14:11.421	0.94443				2
2025.08.18	02:14:20.808		0.94453			4
2025.08.18	02:14:21.143		0.94452			4
2025.08.18	02:14:23.941	0.94445	0.94455			6
2025.08.18	02:14:24.243	0.94447				2
2025.08.18	02:14:24.559		0.94456			4
2025.08.18	02:14:30.853		0.94455			4
2025.08.18	02:15:00.304	0.94447				2
2025.08.18	02:15:01.503		0.94456			4
2025.08.18	02:15:07.276	0.94446	0.94455			6
2025.08.18	02:15:07.578		0.94456			4
2025.08.18	02:15:07.947		0.94454			4
2025.08.18	02:15:11.124		0.94455			4
2025.08.18	02:15:11.427		0.94454			4
2025.08.18	02:15:12.093		0.94455			4
2025.08.18	02:15:22.409		0.94454			4
2025.08.18	02:15:43.419	0.94447	0.94455			6
2025.08.18	02:15:45.500		0.94456			4
2025.08.18	02:15:52.638		0.94457			4
2025.08.18	02:15:53.676		0.94456			4
2025.08.18	02:15:55.520	0.94448				2
2025.08.18	02:16:00.501	0.94448				2
2025.08.18	02:16:00.824	0.94447	0.94454			6
2025.08.18	02:16:01.138		0.94455			4
2025.08.18	02:16:20.319		0.94456			4
2025.08.18	02:16:26.110	0.94448				2
2025.08.18	02:16:34.775	0.94444	0.94453			6
2025.08.18	02:16:35.799	0.94445				2
2025.08.18	02:16:41.686		0.94452			4
2025.08.18	02:16:41.998		0.94450			4
2025.08.18	02:16:43.171	0.94443				2
2025.08.18	02:16:44.334	0.94444				2
2025.08.18	02:16:45.463	0.94443				2
2025.08.18	02:16:48.124	0.94444				2
2025.08.18	02:16:51.950		0.94452			4
2025.08.18	02:16:53.610	0.94443	0.94450			6
2025.08.18	02:16:54.398	0.94444	0.94452			6
2025.08.18	02:17:00.093	0.94444				2
2025.08.18	02:17:00.471	0.94445	0.94453			6
2025.08.18	02:17:07.620		0.94454			4
2025.08.18	02:17:09.745	0.94446	0.94455			6
2025.08.18	02:17:10.377	0.94447				2
2025.08.18	02:17:10.742	0.94446				2
2025.08.18	02:17:11.140	0.94447				2
2025.08.18	02:17:13.816		0.94454			4
2025.08.18	02:17:14.511	0.94446				2
2025.08.18	02:17:14.963		0.94453			4
2025.08.18	02:17:20.142	0.94445				2
2025.08.18	02:17:21.685	0.94446				2
2025.08.18	02:17:22.065	0.94445				2
2025.08.18	02:17:34.092	0.94446				2
2025.08.18	02:17:36.237	0.94444	0.94454			6
2025.08.18	02:17:50.192	0.94446	0.94453			6
2025.08.18	02:17:54.820	0.94443				2
2025.08.18	02:17:55.339	0.94445				2
2025.08.18	02:17:56.610		0.94454			4
2025.08.18	02:17:57.731	0.94450	0.94457			6
2025.08.18	02:17:58.034		0.94458			4
2025.08.18	02:17:59.418		0.94457			4
2025.08.18	02:18:00.450	0.94451				2
2025.08.18	02:18:26.066	0.94450				2
2025.08.18	02:18:30.614		0.94456			4
2025.08.18	02:18:32.686		0.94457			4
2025.08.18	02:18:33.927	0.94451				2
2025.08.18	02:18:34.797	0.94450	0.94458			6
2025.08.18	02:18:41.110	0.94451				2
2025.08.18	02:18:41.489		0.94457			4
2025.08.18	02:18:42.294		0.94458			4
2025.08.18	02:18:45.358		0.94457			4
2025.08.18	02:18:54.626		0.94458			4
2025.08.18	02:18:57.218	0.94452				2
2025.08.18	02:18:57.757		0.94457			4
2025.08.18	02:18:58.587		0.94456			4
2025.08.18	02:19:00.139	0.94452				2
2025.08.18	02:19:01.383	0.94451				2
2025.08.18	02:19:02.577		0.94457			4
2025.08.18	02:19:05.720		0.94458			4
2025.08.18	02:19:08.263	0.94450				2
2025.08.18	02:19:17.173		0.94457			4
2025.08.18	02:19:20.325	0.94449				2
2025.08.18	02:19:30.561		0.94458			4
2025.08.18	02:19:32.272		0.94457			4
2025.08.18	02:19:34.373		0.94458			4
2025.08.18	02:19:35.329		0.94457			4
2025.08.18	02:19:35.827		0.94458			4
2025.08.18	02:19:43.501		0.94457			4
2025.08.18	02:19:45.360	0.94450				2
2025.08.18	02:20:00.184	0.94450				2
2025.08.18	02:20:00.503	0.94451				2
2025.08.18	02:20:01.232		0.94458			4
2025.08.18	02:20:14.299		0.94457			4
2025.08.18	02:20:20.914	0.94453	0.94458			6
2025.08.18	02:20:23.138	0.94452	0.94457			6
2025.08.18	02:21:00.630	0.94451				2
2025.08.18	02:21:06.622		0.94458			4
2025.08.18	02:21:09.035		0.94457			4
2025.08.18	02:21:13.932		0.94458			4
2025.08.18	02:21:14.252		0.94457			4
2025.08.18	02:21:21.584	0.94449				2
2025.08.18	02:21:52.317		0.94458			4
2025.08.18	02:22:00.280	0.94449				2
2025.08.18	02:22:01.315		0.94459			4
2025.08.18	02:22:06.533		0.94458			4
2025.08.18	02:22:09.150		0.94459			4
2025.08.18	02:22:09.836	0.94448	0.94457			6
2025.08.18	02:22:32.775	0.94447				2
2025.08.18	02:22:33.742	0.94448				2
2025.08.18	02:22:36.186	0.94447				2
2025.08.18	02:22:36.740	0.94448	0.94458			6
2025.08.18	02:22:37.583		0.94457			4
2025.08.18	02:22:39.088		0.94456			4
2025.08.18	02:22:47.706		0.94457			4
2025.08.18	02:22:48.825		0.94456			4
2025.08.18	02:22:51.852	0.94446				2
2025.08.18	02:22:52.940	0.94447				2
2025.08.18	02:22:54.154	0.94446				2
2025.08.18	02:22:56.637	0.94447				2
2025.08.18	02:23:00.574	0.94444	0.94454			6
2025.08.18	02:23:02.739	0.94443				2
2025.08.18	02:23:20.140	0.94442	0.94452			6
2025.08.18	02:23:23.285		0.94453			4
2025.08.18	02:23:26.798	0.94443	0.94454			6
2025.08.18	02:23:37.519	0.94442	0.94453			6
2025.08.18	02:23:39.618		0.94452			4
2025.08.18	02:23:49.535		0.94451			4
2025.08.18	02:23:52.204	0.94443	0.94453			6
2025.08.18	02:23:55.474		0.94452			4
2025.08.18	02:23:58.142	0.94444	0.94453			6
2025.08.18	02:24:00.383	0.94444				2
2025.08.18	02:24:01.307	0.94443	0.94451			6
2025.08.18	02:24:01.620	0.94442				2
2025.08.18	02:24:01.927	0.94443	0.94452			6
2025.08.18	02:24:33.903		0.94453			4
2025.08.18	02:24:34.218	0.94442	0.94450			6
2025.08.18	02:24:39.465	0.94443				2
2025.08.18	02:24:47.261	0.94442	0.94447			6
2025.08.18	02:24:48.523	0.94441				2
2025.08.18	02:24:50.809		0.94449			4
2025.08.18	02:24:51.121	0.94440				2
2025.08.18	02:24:51.595	0.94441				2
2025.08.18	02:24:55.163		0.94450			4
2025.08.18	02:24:56.019		0.94449			4
2025.08.18	02:24:57.951		0.94450			4
2025.08.18	02:25:00.414	0.94441	0.94449			6
2025.08.18	02:25:00.718	0.94442	0.94451			6
2025.08.18	02:25:01.482		0.94450			4
2025.08.18	02:25:01.799		0.94451			4
2025.08.18	02:25:02.120		0.94450			4
2025.08.18	02:25:03.466	0.94443	0.94451			6
2025.08.18	02:25:03.890		0.94450			4
2025.08.18	02:25:06.304	0.94442	0.94451			6
2025.08.18	02:25:15.328	0.94443				2
2025.08.18	02:25:17.372	0.94444	0.94452			6
2025.08.18	02:25:21.434		0.94453			4
2025.08.18	02:25:25.217	0.94443	0.94452			6
2025.08.18	02:25:29.905	0.94444	0.94453			6
2025.08.18	02:25:40.528		0.94454			4
2025.08.18	02:25:43.040	0.94442	0.94452			6
2025.08.18	02:25:44.056	0.94443				2
2025.08.18	02:26:00.636	0.94443				2
2025.08.18	02:26:02.068		0.94453			4
2025.08.18	02:26:03.115	0.94444				2
2025.08.18	02:26:05.559	0.94441	0.94449			6
2025.08.18	02:26:05.861	0.94440	0.94452			6
2025.08.18	02:26:09.054	0.94441				2
2025.08.18	02:26:15.361		0.94450			4
2025.08.18	02:27:00.061	0.94441				2
2025.08.18	02:27:08.455	0.94440				2
2025.08.18	02:27:14.259	0.94441				2
2025.08.18	02:27:15.397		0.94450			4
2025.08.18	02:27:21.210	0.94439	0.94449			6
2025.08.18	02:27:25.048		0.94447			4
2025.08.18	02:27:26.711	0.94438	0.94448			6
2025.08.18	02:27:34.478	0.94439				2
2025.08.18	02:28:00.324	0.94439				2
2025.08.18	02:28:01.381	0.94440				2
2025.08.18	02:28:01.860	0.94441				2
2025.08.18	02:28:02.499		0.94450			4
2025.08.18	02:28:05.661	0.94439	0.94447			6
2025.08.18	02:28:10.683	0.94440	0.94448			6
2025.08.18	02:28:13.453	0.94439	0.94449			6
2025.08.18	02:28:14.614	0.94441				2
2025.08.18	02:28:17.393	0.94438	0.94447			6
2025.08.18	02:28:18.348		0.94446			4
2025.08.18	02:28:20.450		0.94447			4
2025.08.18	02:28:21.550	0.94439				2
2025.08.18	02:28:22.383		0.94446			4
2025.08.18	02:28:25.478		0.94447			4
2025.08.18	02:28:27.384	0.94438				2
2025.08.18	02:28:29.009	0.94439				2
2025.08.18	02:28:29.659	0.94438	0.94448			6
2025.08.18	02:28:30.345		0.94447			4
2025.08.18	02:28:32.945	0.94439				2
2025.08.18	02:28:35.964	0.94438				2
2025.08.18	02:28:37.544	0.94439				2
2025.08.18	02:28:37.960	0.94438				2
2025.08.18	02:28:41.275	0.94439				2
2025.08.18	02:28:44.300	0.94438				2
2025.08.18	02:28:51.466		0.94448			4
2025.08.18	02:28:54.198		0.94447			4
2025.08.18	02:28:54.539		0.94448			4
2025.08.18	02:28:55.380		0.94447			4
2025.08.18	02:28:56.547		0.94448			4
2025.08.18	02:29:00.682	0.94439				2
2025.08.18	02:29:12.525	0.94438	0.94449			6
2025.08.18	02:29:12.847	0.94439	0.94448			6
2025.08.18	02:29:14.413		0.94449			4
2025.08.18	02:29:16.536		0.94448			4
2025.08.18	02:29:17.490	0.94440	0.94449			6
2025.08.18	02:29:21.999	0.94437	0.94445			6
2025.08.18	02:29:42.434		0.94446			4
2025.08.18	02:30:00.564	0.94437				2
2025.08.18	02:30:08.424		0.94445			4
2025.08.18	02:30:13.062		0.94446			4
2025.08.18	02:30:20.177		0.94445			4
2025.08.18	02:30:20.673	0.94440	0.94448			6
2025.08.18	02:30:28.387	0.94439	0.94449			6
2025.08.18	02:30:34.845	0.94441	0.94450			6
2025.08.18	02:30:41.072	0.94439	0.94446			6
2025.08.18	02:30:41.393		0.94448			4
2025.08.18	02:30:42.132	0.94441	0.94451			6
2025.08.18	02:30:50.510		0.94450			4
2025.08.18	02:30:53.486	0.94438	0.94448			6
2025.08.18	02:30:54.774		0.94447			4
2025.08.18	02:30:55.080	0.94434	0.94443			6
2025.08.18	02:30:57.325	0.94433				2
2025.08.18	02:31:00.189	0.94433				2
2025.08.18	02:31:00.511	0.94434	0.94442			6
2025.08.18	02:31:01.656	0.94435				2
2025.08.18	02:31:04.377		0.94445			4
2025.08.18	02:31:06.453		0.94444			4
2025.08.18	02:31:10.303	0.94434	0.94443			6
2025.08.18	02:31:23.094		0.94442			4
2025.08.18	02:31:29.709		0.94443			4
2025.08.18	02:31:30.075		0.94444			4
2025.08.18	02:31:30.383		0.94443			4
2025.08.18	02:31:34.066		0.94444			4
2025.08.18	02:31:40.966		0.94443			4
2025.08.18	02:32:00.431	0.94434				2
2025.08.18	02:32:16.548	0.94431	0.94444			6
2025.08.18	02:32:16.848	0.94433	0.94441			6
2025.08.18	02:32:17.945		0.94442			4
2025.08.18	02:32:18.768	0.94432	0.94443			6
2025.08.18	02:32:19.145	0.94433	0.94442			6
2025.08.18	02:32:22.509		0.94443			4
2025.08.18	02:32:23.761		0.94442			4
2025.08.18	02:32:45.440	0.94435	0.94444			6
2025.08.18	02:32:47.197	0.94434	0.94443			6
2025.08.18	02:32:52.382	0.94437	0.94449			6
2025.08.18	02:32:52.789		0.94448			4
2025.08.18	02:32:54.059		0.94447			4
2025.08.18	02:32:55.393	0.94441	0.94451			6
2025.08.18	02:32:57.874	0.94440	0.94449			6
2025.08.18	02:33:00.366	0.94440				2
2025.08.18	02:33:03.662		0.94448			4
2025.08.18	02:33:05.540	0.94434	0.94446			6
2025.08.18	02:33:07.893		0.94445			4
2025.08.18	02:33:12.874	0.94435	0.94444			6
2025.08.18	02:33:22.460	0.94434				2
2025.08.18	02:33:30.634		0.94445			4
2025.08.18	02:33:31.082	0.94435	0.94444			6
2025.08.18	02:33:31.459	0.94437	0.94447			6
2025.08.18	02:33:36.694	0.94439	0.94450			6
2025.08.18	02:33:37.061		0.94449			4
2025.08.18	02:33:38.460		0.94448			4
2025.08.18	02:33:44.108	0.94438				2
2025.08.18	02:33:48.450		0.94447			4
2025.08.18	02:33:49.375		0.94448			4
2025.08.18	02:34:00.379	0.94438				2
2025.08.18	02:34:09.301	0.94437	0.94449			6
2025.08.18	02:34:09.622	0.94438	0.94448			6
2025.08.18	02:34:38.451	0.94437	0.94449			6
2025.08.18	02:34:38.752	0.94438	0.94448			6
2025.08.18	02:34:39.372	0.94437				2
2025.08.18	02:34:39.679	0.94438				2
2025.08.18	02:34:40.435	0.94437	0.94449			6
2025.08.18	02:34:40.822	0.94438	0.94448			6
2025.08.18	02:34:41.481	0.94437	0.94449			6
2025.08.18	02:34:41.806	0.94438	0.94448			6
2025.08.18	02:34:42.525	0.94437	0.94449			6
2025.08.18	02:34:42.895	0.94438	0.94448			6
2025.08.18	02:34:44.610	0.94437	0.94449			6
2025.08.18	02:34:44.970	0.94438	0.94448			6
2025.08.18	02:34:45.490		0.94449			4
2025.08.18	02:34:46.345	0.94437				2
2025.08.18	02:34:46.716	0.94438				2
2025.08.18	02:34:47.694		0.94448			4
2025.08.18	02:34:48.597	0.94437	0.94449			6
2025.08.18	02:34:50.719	0.94438	0.94448			6
2025.08.18	02:34:51.761		0.94446			4
2025.08.18	02:34:52.085	0.94436	0.94447			6
2025.08.18	02:34:52.477	0.94437	0.94446			6
2025.08.18	02:35:00.638	0.94437				2
2025.08.18	02:35:03.656	0.94438	0.94448			6
2025.08.18	02:35:05.777		0.94449			4
2025.08.18	02:35:10.093		0.94448			4
2025.08.18	02:35:17.260	0.94437	0.94449			6
2025.08.18	02:35:17.949	0.94438				2
2025.08.18	02:35:33.723	0.94439				2
2025.08.18	02:35:34.726	0.94438				2
2025.08.18	02:35:36.577	0.94439	0.94447			6
2025.08.18	02:35:43.337	0.94442	0.94452			6
2025.08.18	02:35:43.644	0.94444				2
2025.08.18	02:35:44.589	0.94443	0.94451			6
2025.08.18	02:35:44.920	0.94444				2
2025.08.18	02:35:45.671	0.94443	0.94452			6
2025.08.18	02:35:48.665		0.94453			4
2025.08.18	02:35:48.996	0.94444	0.94452			6
2025.08.18	02:35:49.743		0.94453			4
2025.08.18	02:35:50.058	0.94443	0.94452			6
2025.08.18	02:35:55.215		0.94451			4
2025.08.18	02:36:00.250	0.94443				2
2025.08.18	02:36:00.982		0.94452			4
2025.08.18	02:36:02.192		0.94453			4
2025.08.18	02:36:06.358	0.94444	0.94452			6
2025.08.18	02:36:10.332		0.94453			4
2025.08.18	02:36:11.292		0.94452			4
2025.08.18	02:36:14.353		0.94453			4
2025.08.18	02:36:17.749	0.94443				2
2025.08.18	02:36:18.125	0.94444	0.94452			6
2025.08.18	02:36:18.781	0.94443	0.94453			6
2025.08.18	02:36:19.143	0.94444				2
2025.08.18	02:36:19.597	0.94443				2
2025.08.18	02:36:19.941	0.94444				2
2025.08.18	02:36:20.844		0.94452			4
2025.08.18	02:36:27.938	0.94443	0.94453			6
2025.08.18	02:36:28.248	0.94444	0.94452			6
2025.08.18	02:36:32.237	0.94443				2
2025.08.18	02:36:33.273	0.94444				2
2025.08.18	02:36:36.384	0.94443				2
2025.08.18	02:36:37.409	0.94444				2
2025.08.18	02:36:39.487	0.94443				2
2025.08.18	02:36:40.523	0.94444				2
2025.08.18	02:36:44.530	0.94443				2
2025.08.18	02:36:45.149	0.94444				2
2025.08.18	02:36:51.786	0.94443	0.94453			6
2025.08.18	02:36:52.951		0.94452			4
2025.08.18	02:36:54.229	0.94444				2
2025.08.18	02:36:59.138		0.94451			4
2025.08.18	02:37:00.335	0.94444				2
2025.08.18	02:37:01.365		0.94453			4
2025.08.18	02:37:01.857	0.94445	0.94454			6
2025.08.18	02:37:02.911	0.94446				2
2025.08.18	02:37:03.961	0.94444	0.94452			6
2025.08.18	02:37:04.317		0.94453			4
2025.08.18	02:37:05.795	0.94446	0.94457			6
2025.08.18	02:37:06.124		0.94455			4
2025.08.18	02:37:08.086		0.94454			4
2025.08.18	02:37:08.553		0.94457			4
2025.08.18	02:37:12.704		0.94455			4
2025.08.18	02:37:15.294	0.94447				2
2025.08.18	02:37:19.899		0.94456			4
2025.08.18	02:37:20.440		0.94455			4
2025.08.18	02:37:22.614	0.94448	0.94456			6
2025.08.18	02:37:23.601	0.94447				2
2025.08.18	02:37:30.880		0.94455			4
2025.08.18	02:37:31.917		0.94456			4
2025.08.18	02:37:32.791		0.94457			4
2025.08.18	02:37:33.142		0.94455			4
2025.08.18	02:37:43.088	0.94448	0.94456			6
2025.08.18	02:38:00.161	0.94448				2
2025.08.18	02:38:00.576	0.94446	0.94454			6
2025.08.18	02:38:00.885	0.94445				2
2025.08.18	02:38:19.670	0.94443	0.94453			6
2025.08.18	02:38:20.672	0.94444	0.94455			6
2025.08.18	02:38:22.810		0.94456			4
2025.08.18	02:38:23.661		0.94454			4
2025.08.18	02:38:25.060	0.94445				2
2025.08.18	02:38:37.484	0.94446				2
2025.08.18	02:38:38.079	0.94445	0.94455			6
2025.08.18	02:38:43.522		0.94454			4
2025.08.18	02:38:44.770		0.94455			4
2025.08.18	02:38:45.448	0.94444				2
2025.08.18	02:38:45.763		0.94454			4
2025.08.18	02:38:46.103		0.94456			4
2025.08.18	02:38:46.407		0.94454			4
2025.08.18	02:38:46.856		0.94456			4
2025.08.18	02:38:50.298		0.94454			4
2025.08.18	02:38:50.688	0.94445				2
2025.08.18	02:39:00.333	0.94444	0.94455			6
2025.08.18	02:39:03.644	0.94443	0.94453			6
2025.08.18	02:39:10.878	0.94444	0.94452			6
2025.08.18	02:39:16.833	0.94445	0.94453			6
2025.08.18	02:39:30.075	0.94444	0.94452			6
2025.08.18	02:39:31.986		0.94453			4
2025.08.18	02:39:40.793	0.94443	0.94451			6
2025.08.18	02:39:41.099	0.94444				2
2025.08.18	02:39:42.993	0.94443				2
2025.08.18	02:39:45.898		0.94450			4
2025.08.18	02:39:46.235		0.94451			4
2025.08.18	02:39:46.603	0.94445				2
2025.08.18	02:39:47.049		0.94452			4
2025.08.18	02:39:52.492		0.94451			4
2025.08.18	02:39:53.557		0.94452			4
2025.08.18	02:40:00.171	0.94445				2
2025.08.18	02:40:00.784		0.94451			4
2025.08.18	02:40:04.062		0.94452			4
2025.08.18	02:40:05.688	0.94444				2
2025.08.18	02:40:06.745	0.94445				2
2025.08.18	02:40:08.751	0.94444				2
2025.08.18	02:40:09.408	0.94445	0.94453			6
2025.08.18	02:40:13.398	0.94443				2
2025.08.18	02:40:13.739		0.94452			4
2025.08.18	02:40:15.590		0.94451			4
2025.08.18	02:40:17.268		0.94453			4
2025.08.18	02:40:19.500		0.94454			4
2025.08.18	02:40:19.821	0.94444	0.94453			6
2025.08.18	02:40:20.376	0.94443	0.94454			6
2025.08.18	02:40:20.767	0.94444	0.94453			6
2025.08.18	02:40:21.136		0.94452			4
2025.08.18	02:40:21.487	0.94442				2
2025.08.18	02:40:23.454	0.94445	0.94454			6
2025.08.18	02:40:25.543		0.94455			4
2025.08.18	02:40:32.287		0.94456			4
2025.08.18	02:40:35.260		0.94455			4
2025.08.18	02:40:41.627	0.94446	0.94456			6
2025.08.18	02:40:41.941		0.94457			4
2025.08.18	02:40:42.682		0.94456			4
2025.08.18	02:40:44.223	0.94444	0.94453			6
2025.08.18	02:40:47.917		0.94452			4
2025.08.18	02:40:57.475		0.94454			4
2025.08.18	02:41:00.519	0.94444				2
2025.08.18	02:41:01.563	0.94443				2
2025.08.18	02:41:01.890	0.94444	0.94453			6
2025.08.18	02:41:14.077		0.94452			4
2025.08.18	02:41:17.215	0.94445				2
2025.08.18	02:41:25.866		0.94454			4
2025.08.18	02:41:27.277	0.94446	0.94455			6
2025.08.18	02:41:31.353	0.94445	0.94457			6
2025.08.18	02:41:32.444		0.94456			4
2025.08.18	02:41:37.765		0.94455			4
2025.08.18	02:41:38.284		0.94456			4
2025.08.18	02:41:38.795	0.94446	0.94455			6
2025.08.18	02:41:39.468		0.94456			4
2025.08.18	02:41:45.782	0.94445				2
2025.08.18	02:41:47.079		0.94455			4
2025.08.18	02:41:49.117	0.94446				2
2025.08.18	02:42:00.326	0.94446				2
2025.08.18	02:42:03.348	0.94445	0.94456			6
2025.08.18	02:42:09.755	0.94446	0.94457			6
2025.08.18	02:42:11.745	0.94445	0.94455			6
2025.08.18	02:42:13.601	0.94444				2
2025.08.18	02:42:15.511	0.94445	0.94454			6
2025.08.18	02:42:20.721		0.94455			4
2025.08.18	02:42:21.361	0.94443	0.94456			6
2025.08.18	02:42:28.369		0.94455			4
2025.08.18	02:42:35.571	0.94434	0.94447			6
2025.08.18	02:42:40.394	0.94436	0.94446			6
2025.08.18	02:42:40.742	0.94435				2
2025.08.18	02:42:43.528		0.94448			4
2025.08.18	02:42:50.225		0.94449			4
2025.08.18	02:42:51.665		0.94448			4
2025.08.18	02:43:00.184	0.94435				2
2025.08.18	02:43:35.618	0.94436	0.94447			6
2025.08.18	02:43:50.329		0.94448			4
2025.08.18	02:43:56.593	0.94439	0.94452			6
2025.08.18	02:43:56.900	0.94438	0.94451			6
2025.08.18	02:44:00.159	0.94438	0.94450			6
2025.08.18	02:44:07.764	0.94439				2
2025.08.18	02:44:15.383		0.94451			4
2025.08.18	02:44:17.099	0.94440	0.94450			6
2025.08.18	02:44:28.977	0.94439	0.94451			6
2025.08.18	02:44:36.281	0.94438	0.94452			6
2025.08.18	02:44:47.848	0.94439	0.94451			6
2025.08.18	02:44:48.709	0.94438	0.94452			6
2025.08.18	02:44:56.542	0.94439	0.94451			6
2025.08.18	02:44:59.127	0.94438	0.94452			6
2025.08.18	02:45:00.152	0.94439	0.94451			6
2025.08.18	02:45:01.553		0.94450			4
2025.08.18	02:45:02.901		0.94451			4
2025.08.18	02:45:03.950		0.94450			4
2025.08.18	02:45:05.085		0.94451			4
2025.08.18	02:45:06.331	0.94438	0.94450			6
2025.08.18	02:45:07.842		0.94451			4
2025.08.18	02:45:09.183	0.94440	0.94453			6
2025.08.18	02:45:09.564		0.94450			4
2025.08.18	02:45:09.871		0.94452			4
2025.08.18	02:45:17.299		0.94450			4
2025.08.18	02:45:17.602	0.94442	0.94453			6
2025.08.18	02:45:18.158		0.94452			4
2025.08.18	02:45:21.803	0.94441				2
2025.08.18	02:45:28.010	0.94440	0.94453			6
2025.08.18	02:45:30.061		0.94454			4
2025.08.18	02:45:33.713	0.94437	0.94451			6
2025.08.18	02:45:34.409	0.94438				2
2025.08.18	02:45:36.550	0.94439				2
2025.08.18	02:45:38.320	0.94438	0.94452			6
2025.08.18	02:45:39.012	0.94439	0.94451			6
2025.08.18	02:45:45.292	0.94438				2
2025.08.18	02:45:45.693	0.94439	0.94450			6
2025.08.18	02:45:48.736		0.94451			4
2025.08.18	02:45:50.745	0.94438	0.94452			6
2025.08.18	02:45:51.106	0.94439	0.94451			6
2025.08.18	02:45:51.839	0.94438	0.94452			6
2025.08.18	02:45:52.143	0.94439	0.94451			6
2025.08.18	02:45:55.953	0.94438	0.94452			6
2025.08.18	02:45:56.287	0.94439	0.94451			6
2025.08.18	02:45:57.142		0.94452			4
2025.08.18	02:45:57.460	0.94438	0.94451			6
2025.08.18	02:45:59.506	0.94437				2
2025.08.18	02:46:00.569	0.94437				2
2025.08.18	02:46:01.716	0.94438				2
2025.08.18	02:46:03.492	0.94437				2
2025.08.18	02:46:03.794	0.94438				2
2025.08.18	02:46:07.373		0.94449			4
2025.08.18	02:46:07.767	0.94437	0.94450			6
2025.08.18	02:46:15.874	0.94436				2
2025.08.18	02:46:16.586	0.94437	0.94449			6
2025.08.18	02:46:17.925	0.94438	0.94450			6
2025.08.18	02:46:18.371	0.94436	0.94449			6
2025.08.18	02:46:20.694	0.94437	0.94448			6
2025.08.18	02:46:28.061	0.94436				2
2025.08.18	02:46:29.520		0.94447			4
2025.08.18	02:46:34.344	0.94434	0.94446			6
2025.08.18	02:46:36.648	0.94435	0.94447			6
2025.08.18	02:46:43.811		0.94446			4
2025.08.18	02:46:44.258		0.94447			4
2025.08.18	02:46:45.057	0.94436				2
2025.08.18	02:46:45.471		0.94446			4
2025.08.18	02:46:47.081		0.94447			4
2025.08.18	02:46:47.421	0.94435	0.94448			6
2025.08.18	02:46:48.389	0.94436	0.94447			6
2025.08.18	02:47:00.317	0.94436				2
2025.08.18	02:47:01.477		0.94448			4
2025.08.18	02:47:01.863	0.94435	0.94447			6
2025.08.18	02:47:05.313		0.94446			4
2025.08.18	02:47:05.724		0.94447			4
2025.08.18	02:47:06.248	0.94436				2
2025.08.18	02:47:09.314	0.94435				2
2025.08.18	02:47:14.359		0.94446			4
2025.08.18	02:47:15.156		0.94445			4
2025.08.18	02:47:20.842	0.94434	0.94446			6
2025.08.18	02:47:23.143		0.94447			4
2025.08.18	02:47:23.487		0.94445			4
2025.08.18	02:47:25.097		0.94446			4
2025.08.18	02:47:29.197	0.94435				2
2025.08.18	02:47:30.258	0.94434				2
2025.08.18	02:47:39.206		0.94445			4
2025.08.18	02:47:39.599	0.94433	0.94447			6
2025.08.18	02:47:41.746		0.94445			4
2025.08.18	02:47:47.806	0.94435	0.94447			6
2025.08.18	02:47:48.864		0.94448			4
