<DATE>	<TIME>	<BID>	<ASK>	<LAST>	<VOLUME>	<FLAGS>
2025.11.13	00:03:30.626	0.92384	0.92521			6
2025.11.13	00:04:00.433	0.92384	0.92522			6
2025.11.13	00:05:00.653	0.92384	0.92522			6
2025.11.13	00:06:00.569	0.92384				2
2025.11.13	00:06:02.343		0.92522			4
2025.11.13	00:07:00.561	0.92384				2
2025.11.13	00:07:02.717		0.92522			4
2025.11.13	00:08:00.565	0.92384				2
2025.11.13	00:08:14.349		0.92522			4
2025.11.13	00:08:14.955	0.92359	0.92520			6
2025.11.13	00:09:00.356	0.92359				2
2025.11.13	00:09:16.351		0.92520			4
2025.11.13	00:10:00.402	0.92404				2
2025.11.13	00:10:01.609	0.92403				2
2025.11.13	00:10:12.562	0.92415	0.92565			6
2025.11.13	00:11:00.189	0.92415				2
2025.11.13	00:11:05.967	0.92396	0.92522			6
2025.11.13	00:11:07.334	0.92403	0.92520			6
2025.11.13	00:11:08.898	0.92415	0.92565			6
2025.11.13	00:11:09.885	0.92403	0.92520			6
2025.11.13	00:11:21.315	0.92415	0.92565			6
2025.11.13	00:11:22.294	0.92403	0.92520			6
2025.11.13	00:11:27.530	0.92415	0.92565			6
2025.11.13	00:11:28.520	0.92406	0.92520			6
2025.11.13	00:11:29.351	0.92404				2
2025.11.13	00:11:33.757	0.92415	0.92565			6
2025.11.13	00:11:34.748	0.92404	0.92520			6
2025.11.13	00:12:01.406	0.92404				2
2025.11.13	00:12:46.397		0.92520			4
2025.11.13	00:12:47.398	0.92405				2
2025.11.13	00:12:48.147	0.92404				2
2025.11.13	00:13:00.364	0.92404				2
2025.11.13	00:13:48.892		0.92520			4
2025.11.13	00:14:04.326	0.92404				2
2025.11.13	00:15:11.871	0.92404	0.92520			6
2025.11.13	00:16:07.083	0.92404				2
2025.11.13	00:16:17.096		0.92520			4
2025.11.13	00:17:00.768	0.92404				2
2025.11.13	00:17:22.452	0.92405	0.92520			6
2025.11.13	00:17:32.455	0.92404				2
2025.11.13	00:18:01.406	0.92404				2
2025.11.13	00:18:25.683		0.92520			4
2025.11.13	00:18:36.287	0.92405				2
2025.11.13	00:19:03.691	0.92402				2
2025.11.13	00:19:06.744	0.92401				2
2025.11.13	00:19:13.693	0.92405				2
2025.11.13	00:19:14.819	0.92404				2
2025.11.13	00:19:23.695	0.92401				2
2025.11.13	00:19:34.972	0.92402	0.92520			6
2025.11.13	00:20:01.413	0.92402				2
2025.11.13	00:20:01.744	0.92401				2
2025.11.13	00:20:13.699	0.92404				2
2025.11.13	00:20:23.202	0.92406				2
2025.11.13	00:20:23.694	0.92403				2
2025.11.13	00:20:31.059	0.92406				2
2025.11.13	00:20:43.372		0.92520			4
2025.11.13	00:20:56.688	0.92407				2
2025.11.13	00:21:01.146	0.92407				2
2025.11.13	00:21:09.846	0.92405				2
2025.11.13	00:21:33.696	0.92408				2
2025.11.13	00:21:36.824	0.92406				2
2025.11.13	00:21:46.637		0.92520			4
2025.11.13	00:21:59.975	0.92407				2
2025.11.13	00:22:03.434	0.92409				2
2025.11.13	00:22:04.550	0.92407				2
2025.11.13	00:22:14.760	0.92410				2
2025.11.13	00:22:46.638		0.92520			4
2025.11.13	00:22:55.455	0.92408				2
2025.11.13	00:23:11.203	0.92408				2
2025.11.13	00:23:27.513	0.92411				2
2025.11.13	00:23:49.976		0.92520			4
2025.11.13	00:24:01.029	0.92410				2
2025.11.13	00:24:17.275	0.92411				2
2025.11.13	00:24:25.647	0.92405				2
2025.11.13	00:24:35.518	0.92406				2
2025.11.13	00:24:51.770	0.92407	0.92520			6
2025.11.13	00:25:00.373	0.92407				2
2025.11.13	00:25:01.605	0.92408				2
2025.11.13	00:25:03.740	0.92405				2
2025.11.13	00:25:06.789	0.92406				2
2025.11.13	00:25:07.254	0.92407				2
2025.11.13	00:25:10.968	0.92406				2
2025.11.13	00:25:20.268	0.92407				2
2025.11.13	00:25:43.695	0.92408				2
2025.11.13	00:25:53.693		0.92520			4
2025.11.13	00:26:10.969	0.92408				2
2025.11.13	00:26:34.070	0.92409				2
2025.11.13	00:26:59.228		0.92520			4
2025.11.13	00:27:00.354	0.92409				2
2025.11.13	00:27:05.061	0.92405				2
2025.11.13	00:27:09.163	0.92404				2
2025.11.13	00:27:16.984		0.92493			4
2025.11.13	00:27:18.345		0.92492			4
2025.11.13	00:27:21.696		0.92493			4
2025.11.13	00:27:26.899		0.92492			4
2025.11.13	00:27:34.417	0.92403	0.92493			6
2025.11.13	00:27:35.864	0.92408	0.92497			6
2025.11.13	00:27:44.569	0.92409	0.92496			6
2025.11.13	00:27:49.068	0.92410				2
2025.11.13	00:27:57.771		0.92495			4
2025.11.13	00:28:03.170	0.92410				2
2025.11.13	00:28:03.653	0.92409	0.92496			6
2025.11.13	00:28:05.806	0.92410				2
2025.11.13	00:28:34.075	0.92411				2
2025.11.13	00:28:37.070	0.92410				2
2025.11.13	00:28:40.315	0.92409	0.92498			6
2025.11.13	00:28:57.468		0.92497			4
2025.11.13	00:29:00.356	0.92409				2
2025.11.13	00:29:59.036		0.92497			4
2025.11.13	00:30:00.386	0.92409				2
2025.11.13	00:30:05.420		0.92498			4
2025.11.13	00:30:06.421	0.92408				2
2025.11.13	00:30:17.947		0.92499			4
2025.11.13	00:30:19.032	0.92407				2
2025.11.13	00:30:22.308	0.92406	0.92500			6
2025.11.13	00:30:24.548	0.92405	0.92502			6
2025.11.13	00:30:29.977		0.92501			4
2025.11.13	00:30:35.597	0.92406				2
2025.11.13	00:30:36.614		0.92500			4
2025.11.13	00:30:44.842	0.92383				2
2025.11.13	00:30:46.331	0.92384				2
2025.11.13	00:30:50.157	0.92410	0.92501			6
2025.11.13	00:31:00.355	0.92410				2
2025.11.13	00:31:16.973	0.92384				2
2025.11.13	00:31:35.080	0.92382	0.92503			6
2025.11.13	00:31:50.243		0.92502			4
2025.11.13	00:31:51.310	0.92387				2
2025.11.13	00:31:53.570		0.92503			4
2025.11.13	00:31:56.399		0.92502			4
2025.11.13	00:32:01.406	0.92387				2
2025.11.13	00:32:03.695		0.92503			4
2025.11.13	00:32:14.868		0.92502			4
2025.11.13	00:32:21.308	0.92390				2
2025.11.13	00:32:22.607		0.92503			4
2025.11.13	00:32:23.691		0.92502			4
2025.11.13	00:32:26.597	0.92408	0.92504			6
2025.11.13	00:32:30.624	0.92427	0.92521			6
2025.11.13	00:32:33.725	0.92428				2
2025.11.13	00:32:36.481	0.92407	0.92504			6
2025.11.13	00:32:41.583	0.92416	0.92517			6
2025.11.13	00:32:43.109	0.92422	0.92521			6
2025.11.13	00:32:43.691		0.92520			4
2025.11.13	00:32:44.447		0.92519			4
2025.11.13	00:32:45.274		0.92518			4
2025.11.13	00:32:49.110	0.92425				2
2025.11.13	00:32:49.669		0.92517			4
2025.11.13	00:32:53.698		0.92518			4
2025.11.13	00:32:58.969		0.92517			4
2025.11.13	00:33:01.046	0.92425				2
2025.11.13	00:33:02.095	0.92422	0.92509			6
2025.11.13	00:33:03.699		0.92508			4
2025.11.13	00:33:05.568		0.92509			4
2025.11.13	00:33:09.973	0.92426	0.92517			6
2025.11.13	00:33:22.279	0.92414	0.92512			6
2025.11.13	00:33:22.699	0.92413				2
2025.11.13	00:33:23.694		0.92513			4
2025.11.13	00:33:26.344	0.92415				2
2025.11.13	00:33:28.915	0.92421	0.92515			6
2025.11.13	00:33:35.867		0.92514			4
2025.11.13	00:33:43.701	0.92416				2
2025.11.13	00:33:46.644	0.92415				2
2025.11.13	00:34:02.281	0.92415				2
2025.11.13	00:34:03.694	0.92418				2
2025.11.13	00:34:23.282	0.92415				2
2025.11.13	00:34:36.483		0.92514			4
2025.11.13	00:34:41.642	0.92416				2
2025.11.13	00:35:01.157	0.92416				2
2025.11.13	00:35:35.691	0.92415	0.92513			6
2025.11.13	00:35:36.321	0.92424	0.92515			6
2025.11.13	00:35:43.698	0.92431	0.92516			6
2025.11.13	00:35:46.397	0.92438	0.92519			6
2025.11.13	00:35:46.912	0.92430	0.92518			6
2025.11.13	00:35:47.345	0.92440				2
2025.11.13	00:35:47.852	0.92435				2
2025.11.13	00:35:48.345	0.92442				2
2025.11.13	00:35:48.846	0.92435	0.92519			6
2025.11.13	00:36:00.827	0.92435				2
2025.11.13	00:36:03.017		0.92518			4
2025.11.13	00:36:03.762		0.92519			4
2025.11.13	00:36:19.349	0.92440				2
2025.11.13	00:36:22.313	0.92426	0.92514			6
2025.11.13	00:36:22.837	0.92427	0.92516			6
2025.11.13	00:36:23.138	0.92376	0.92524			6
2025.11.13	00:36:23.451	0.92421				2
2025.11.13	00:36:27.170		0.92520			4
2025.11.13	00:36:27.724		0.92524			4
2025.11.13	00:36:31.269		0.92523			4
2025.11.13	00:36:31.766		0.92524			4
2025.11.13	00:36:39.750		0.92521			4
2025.11.13	00:36:41.228		0.92523			4
2025.11.13	00:36:42.757		0.92521			4
2025.11.13	00:36:51.226		0.92523			4
2025.11.13	00:37:00.170	0.92421				2
2025.11.13	00:37:17.789		0.92521			4
2025.11.13	00:37:21.360		0.92520			4
2025.11.13	00:37:23.599		0.92521			4
2025.11.13	00:37:23.922		0.92520			4
2025.11.13	00:37:24.364		0.92521			4
2025.11.13	00:37:26.665		0.92520			4
2025.11.13	00:37:32.311		0.92519			4
2025.11.13	00:37:35.131		0.92520			4
2025.11.13	00:37:35.878		0.92521			4
2025.11.13	00:37:36.653		0.92520			4
2025.11.13	00:37:39.824		0.92521			4
2025.11.13	00:37:51.071		0.92520			4
2025.11.13	00:37:51.572		0.92521			4
2025.11.13	00:38:00.353	0.92421				2
2025.11.13	00:38:25.659		0.92520			4
2025.11.13	00:38:26.165		0.92521			4
2025.11.13	00:38:28.683		0.92520			4
2025.11.13	00:38:34.487		0.92521			4
2025.11.13	00:38:39.897		0.92520			4
2025.11.13	00:38:49.557		0.92521			4
2025.11.13	00:39:00.534	0.92421				2
2025.11.13	00:39:03.728		0.92519			4
2025.11.13	00:39:04.470		0.92520			4
2025.11.13	00:39:07.484		0.92521			4
2025.11.13	00:40:00.436	0.92421				2
2025.11.13	00:40:08.697		0.92521			4
2025.11.13	00:41:00.057	0.92421				2
2025.11.13	00:41:11.396		0.92521			4
2025.11.13	00:42:00.060	0.92421				2
2025.11.13	00:42:12.832		0.92519			4
2025.11.13	00:42:16.015		0.92521			4
2025.11.13	00:42:18.987		0.92518			4
2025.11.13	00:42:19.298		0.92517			4
2025.11.13	00:42:19.751		0.92518			4
2025.11.13	00:42:20.517		0.92517			4
2025.11.13	00:42:21.031		0.92518			4
2025.11.13	00:42:21.515		0.92519			4
2025.11.13	00:42:22.693		0.92518			4
2025.11.13	00:42:23.143		0.92516			4
2025.11.13	00:42:23.621		0.92521			4
2025.11.13	00:42:24.051		0.92518			4
2025.11.13	00:42:24.358		0.92517			4
2025.11.13	00:42:24.689		0.92519			4
2025.11.13	00:42:25.058		0.92521			4
2025.11.13	00:42:29.134		0.92520			4
2025.11.13	00:42:29.519		0.92516			4
2025.11.13	00:42:29.879		0.92518			4
2025.11.13	00:42:31.153		0.92519			4
2025.11.13	00:42:31.958		0.92517			4
2025.11.13	00:42:32.814		0.92515			4
2025.11.13	00:42:33.156		0.92516			4
2025.11.13	00:42:33.654		0.92517			4
2025.11.13	00:42:34.157		0.92520			4
2025.11.13	00:42:34.574		0.92521			4
2025.11.13	00:42:37.011		0.92519			4
2025.11.13	00:42:39.173		0.92521			4
2025.11.13	00:42:49.426		0.92517			4
2025.11.13	00:42:49.769		0.92519			4
2025.11.13	00:42:50.270		0.92521			4
2025.11.13	00:42:50.765		0.92520			4
2025.11.13	00:42:51.306		0.92516			4
2025.11.13	00:42:52.011		0.92519			4
2025.11.13	00:42:52.500		0.92518			4
2025.11.13	00:42:53.508		0.92519			4
2025.11.13	00:42:55.345		0.92521			4
2025.11.13	00:43:02.349	0.92421				2
2025.11.13	00:43:03.698		0.92520			4
2025.11.13	00:43:09.778		0.92521			4
2025.11.13	00:44:02.310	0.92421				2
2025.11.13	00:44:10.930		0.92521			4
2025.11.13	00:44:19.958		0.92520			4
2025.11.13	00:44:23.705		0.92521			4
2025.11.13	00:44:52.289		0.92520			4
2025.11.13	00:44:53.589		0.92521			4
2025.11.13	00:45:00.487	0.92421				2
2025.11.13	00:45:03.185	0.92399	0.92518			6
2025.11.13	00:45:06.715	0.92421	0.92521			6
2025.11.13	00:45:11.001	0.92439	0.92503			6
2025.11.13	00:46:01.225	0.92439				2
2025.11.13	00:46:12.469		0.92503			4
2025.11.13	00:47:01.933	0.92439				2
2025.11.13	00:47:03.142	0.92418	0.92501			6
2025.11.13	00:47:06.632	0.92439	0.92505			6
2025.11.13	00:47:11.004		0.92504			4
2025.11.13	00:47:21.169		0.92503			4
2025.11.13	00:47:25.895		0.92504			4
2025.11.13	00:48:03.702	0.92439				2
2025.11.13	00:48:04.345		0.92505			4
2025.11.13	00:48:15.422		0.92501			4
2025.11.13	00:48:15.923		0.92504			4
2025.11.13	00:48:16.380		0.92505			4
2025.11.13	00:48:18.800		0.92504			4
2025.11.13	00:48:25.203		0.92501			4
2025.11.13	00:48:25.564		0.92503			4
2025.11.13	00:48:35.583		0.92504			4
2025.11.13	00:48:37.167		0.92503			4
2025.11.13	00:48:40.244		0.92504			4
2025.11.13	00:48:43.709		0.92503			4
2025.11.13	00:48:58.273		0.92499			4
2025.11.13	00:48:58.581		0.92501			4
2025.11.13	00:48:59.799		0.92502			4
2025.11.13	00:49:00.381	0.92439				2
2025.11.13	00:49:03.775		0.92504			4
2025.11.13	00:49:04.167		0.92500			4
2025.11.13	00:49:05.434		0.92504			4
2025.11.13	00:49:07.171		0.92503			4
2025.11.13	00:49:07.502		0.92504			4
2025.11.13	00:49:08.666		0.92502			4
2025.11.13	00:49:09.239		0.92504			4
2025.11.13	00:49:10.106		0.92505			4
2025.11.13	00:49:10.751		0.92499			4
2025.11.13	00:49:13.768		0.92501			4
2025.11.13	00:49:14.103		0.92499			4
2025.11.13	00:49:15.443		0.92502			4
2025.11.13	00:49:15.955		0.92503			4
2025.11.13	00:49:16.405		0.92504			4
2025.11.13	00:49:17.078		0.92503			4
2025.11.13	00:49:18.843		0.92504			4
2025.11.13	00:49:19.167		0.92505			4
2025.11.13	00:49:25.558		0.92501			4
2025.11.13	00:49:25.930		0.92500			4
2025.11.13	00:49:33.703		0.92502			4
2025.11.13	00:49:34.224		0.92501			4
2025.11.13	00:49:36.319		0.92500			4
2025.11.13	00:49:36.843		0.92501			4
2025.11.13	00:49:39.273		0.92503			4
2025.11.13	00:49:39.583		0.92504			4
2025.11.13	00:49:40.657		0.92502			4
2025.11.13	00:49:41.556		0.92504			4
2025.11.13	00:49:42.464		0.92505			4
2025.11.13	00:49:57.203		0.92504			4
2025.11.13	00:49:57.713		0.92505			4
2025.11.13	00:49:59.783		0.92506			4
2025.11.13	00:50:00.280	0.92439	0.92505			6
2025.11.13	00:50:07.756		0.92504			4
2025.11.13	00:50:11.599		0.92505			4
2025.11.13	00:50:26.696		0.92502			4
2025.11.13	00:50:27.342		0.92504			4
2025.11.13	00:50:27.714		0.92502			4
2025.11.13	00:50:31.351		0.92505			4
2025.11.13	00:50:35.868	0.92441				2
2025.11.13	00:50:36.690	0.92439				2
2025.11.13	00:50:37.086	0.92440				2
2025.11.13	00:50:37.677	0.92439				2
2025.11.13	00:51:00.320	0.92439	0.92504			6
2025.11.13	00:51:00.682		0.92505			4
2025.11.13	00:51:22.353		0.92504			4
2025.11.13	00:51:22.661		0.92505			4
2025.11.13	00:51:26.214		0.92506			4
2025.11.13	00:51:28.876		0.92502			4
2025.11.13	00:51:30.075		0.92505			4
2025.11.13	00:51:49.481		0.92506			4
2025.11.13	00:51:51.482		0.92505			4
2025.11.13	00:51:53.699		0.92502			4
2025.11.13	00:51:54.318		0.92505			4
2025.11.13	00:51:56.350		0.92504			4
2025.11.13	00:51:57.571		0.92505			4
2025.11.13	00:51:58.309		0.92504			4
2025.11.13	00:51:59.055		0.92505			4
2025.11.13	00:51:59.843		0.92508			4
2025.11.13	00:52:00.409	0.92439				2
2025.11.13	00:52:02.015		0.92504			4
2025.11.13	00:52:03.130		0.92508			4
2025.11.13	00:52:04.243		0.92507			4
2025.11.13	00:52:05.267		0.92505			4
2025.11.13	00:52:05.689		0.92504			4
2025.11.13	00:52:06.452		0.92502			4
2025.11.13	00:52:06.772		0.92504			4
2025.11.13	00:52:08.277		0.92505			4
2025.11.13	00:52:08.584		0.92506			4
2025.11.13	00:52:08.951		0.92505			4
2025.11.13	00:52:09.265		0.92504			4
2025.11.13	00:52:09.700		0.92505			4
2025.11.13	00:52:14.075		0.92502			4
2025.11.13	00:52:14.584		0.92505			4
2025.11.13	00:52:15.143		0.92504			4
2025.11.13	00:52:16.299		0.92505			4
2025.11.13	00:52:28.975		0.92502			4
2025.11.13	00:52:29.513		0.92505			4
2025.11.13	00:52:30.407		0.92507			4
2025.11.13	00:52:32.236		0.92502			4
2025.11.13	00:52:33.308		0.92504			4
2025.11.13	00:52:34.893		0.92505			4
2025.11.13	00:52:35.196		0.92504			4
2025.11.13	00:52:36.101		0.92503			4
2025.11.13	00:52:36.419		0.92506			4
2025.11.13	00:52:36.734		0.92505			4
2025.11.13	00:52:37.687		0.92502			4
2025.11.13	00:52:38.333		0.92505			4
2025.11.13	00:52:39.396		0.92508			4
2025.11.13	00:52:40.512		0.92502			4
2025.11.13	00:52:42.798		0.92508			4
2025.11.13	00:52:45.203		0.92505			4
2025.11.13	00:52:46.758		0.92504			4
2025.11.13	00:52:51.397		0.92502			4
2025.11.13	00:52:55.432		0.92504			4
2025.11.13	00:52:55.773		0.92505			4
2025.11.13	00:53:00.407	0.92439	0.92508			6
2025.11.13	00:53:02.692		0.92502			4
2025.11.13	00:53:10.442		0.92505			4
2025.11.13	00:53:11.080		0.92504			4
2025.11.13	00:53:11.381		0.92505			4
2025.11.13	00:53:15.094		0.92509			4
2025.11.13	00:53:15.535		0.92502			4
2025.11.13	00:53:16.035		0.92505			4
2025.11.13	00:53:21.181		0.92504			4
2025.11.13	00:53:22.992		0.92508			4
2025.11.13	00:53:23.396		0.92504			4
2025.11.13	00:53:23.699		0.92508			4
2025.11.13	00:53:26.402		0.92506			4
2025.11.13	00:53:26.828		0.92508			4
2025.11.13	00:53:33.689		0.92507			4
2025.11.13	00:53:34.268		0.92510			4
2025.11.13	00:53:36.721		0.92505			4
2025.11.13	00:53:37.494		0.92502			4
2025.11.13	00:53:41.902		0.92505			4
2025.11.13	00:53:43.815		0.92509			4
2025.11.13	00:53:45.531		0.92505			4
2025.11.13	00:53:52.368		0.92506			4
2025.11.13	00:53:53.693		0.92505			4
2025.11.13	00:53:54.669		0.92502			4
2025.11.13	00:53:55.284		0.92506			4
2025.11.13	00:54:00.030	0.92439				2
2025.11.13	00:54:13.378		0.92505			4
2025.11.13	00:54:18.243		0.92503			4
2025.11.13	00:54:18.688		0.92506			4
2025.11.13	00:54:19.193		0.92503			4
2025.11.13	00:54:21.408		0.92506			4
2025.11.13	00:54:22.795		0.92505			4
2025.11.13	00:54:23.350		0.92506			4
2025.11.13	00:54:29.593		0.92498			4
2025.11.13	00:54:29.958		0.92503			4
2025.11.13	00:54:30.273		0.92502			4
2025.11.13	00:54:30.591		0.92503			4
2025.11.13	00:54:32.684		0.92504			4
2025.11.13	00:54:33.923		0.92505			4
2025.11.13	00:54:37.674		0.92503			4
2025.11.13	00:54:38.006		0.92504			4
2025.11.13	00:54:38.687		0.92505			4
2025.11.13	00:54:39.192		0.92504			4
2025.11.13	00:54:40.607		0.92503			4
2025.11.13	00:54:41.115		0.92504			4
2025.11.13	00:54:41.618		0.92502			4
2025.11.13	00:54:42.691		0.92504			4
2025.11.13	00:54:42.998		0.92503			4
2025.11.13	00:54:44.425		0.92504			4
2025.11.13	00:54:44.928		0.92503			4
2025.11.13	00:54:45.268		0.92505			4
2025.11.13	00:54:46.063		0.92506			4
2025.11.13	00:54:53.411		0.92504			4
2025.11.13	00:54:55.002		0.92505			4
2025.11.13	00:54:55.417		0.92504			4
2025.11.13	00:54:55.739		0.92505			4
2025.11.13	00:54:56.965		0.92504			4
2025.11.13	00:55:00.276	0.92439	0.92500			6
2025.11.13	00:55:00.777		0.92504			4
2025.11.13	00:55:01.266		0.92505			4
2025.11.13	00:55:09.400		0.92504			4
2025.11.13	00:55:10.455		0.92505			4
2025.11.13	00:55:10.802		0.92502			4
2025.11.13	00:55:11.225		0.92501			4
2025.11.13	00:55:11.732		0.92499			4
2025.11.13	00:55:13.107		0.92498			4
2025.11.13	00:55:13.423		0.92502			4
2025.11.13	00:55:13.825		0.92498			4
2025.11.13	00:55:14.693		0.92501			4
2025.11.13	00:55:15.117		0.92498			4
2025.11.13	00:55:15.419		0.92503			4
2025.11.13	00:55:16.353		0.92504			4
2025.11.13	00:55:17.356		0.92505			4
2025.11.13	00:55:19.486		0.92502			4
2025.11.13	00:55:20.003		0.92503			4
2025.11.13	00:55:21.268		0.92502			4
2025.11.13	00:55:22.091		0.92503			4
2025.11.13	00:55:22.810		0.92504			4
2025.11.13	00:55:23.313		0.92502			4
2025.11.13	00:55:24.259		0.92504			4
2025.11.13	00:55:27.027		0.92502			4
2025.11.13	00:55:27.390	0.92442	0.92493			6
2025.11.13	00:55:27.921	0.92433	0.92490			6
2025.11.13	00:55:28.234	0.92431				2
2025.11.13	00:55:28.538	0.92432				2
2025.11.13	00:55:29.469	0.92439	0.92496			6
2025.11.13	00:55:29.972		0.92499			4
2025.11.13	00:55:30.280		0.92500			4
2025.11.13	00:55:30.590		0.92501			4
2025.11.13	00:55:31.321	0.92434	0.92492			6
2025.11.13	00:55:33.869	0.92436	0.92497			6
2025.11.13	00:55:35.380	0.92439	0.92492			6
2025.11.13	00:55:35.708		0.92498			4
2025.11.13	00:55:36.410		0.92501			4
2025.11.13	00:55:36.914	0.92437				2
2025.11.13	00:55:37.392		0.92500			4
2025.11.13	00:55:38.268	0.92439				2
2025.11.13	00:55:39.689		0.92501			4
2025.11.13	00:55:39.993		0.92500			4
2025.11.13	00:55:41.177		0.92501			4
2025.11.13	00:55:41.572		0.92500			4
2025.11.13	00:55:44.073		0.92499			4
2025.11.13	00:55:44.949		0.92501			4
2025.11.13	00:55:47.316		0.92500			4
2025.11.13	00:55:47.939		0.92502			4
2025.11.13	00:55:48.440		0.92501			4
2025.11.13	00:55:49.955		0.92502			4
2025.11.13	00:55:50.380		0.92496			4
2025.11.13	00:55:52.398		0.92497			4
2025.11.13	00:55:52.722		0.92504			4
2025.11.13	00:55:53.025		0.92501			4
2025.11.13	00:55:53.480		0.92500			4
2025.11.13	00:55:54.217		0.92496			4
2025.11.13	00:55:54.560		0.92495			4
2025.11.13	00:55:55.116	0.92437	0.92496			6
2025.11.13	00:55:56.321	0.92434	0.92492			6
2025.11.13	00:55:56.643	0.92439	0.92499			6
2025.11.13	00:55:57.035		0.92498			4
2025.11.13	00:55:57.338		0.92499			4
2025.11.13	00:55:57.654		0.92500			4
2025.11.13	00:55:58.327		0.92501			4
2025.11.13	00:55:59.303		0.92503			4
2025.11.13	00:56:00.009	0.92439				2
2025.11.13	00:56:01.140		0.92502			4
2025.11.13	00:56:02.100		0.92501			4
2025.11.13	00:56:02.443		0.92498			4
2025.11.13	00:56:03.419		0.92500			4
2025.11.13	00:56:03.746		0.92496			4
2025.11.13	00:56:04.053		0.92503			4
2025.11.13	00:56:05.811		0.92504			4
2025.11.13	00:56:06.118		0.92506			4
2025.11.13	00:56:10.059		0.92505			4
2025.11.13	00:56:11.380		0.92504			4
2025.11.13	00:56:12.364		0.92506			4
2025.11.13	00:56:13.694		0.92505			4
2025.11.13	00:56:20.260		0.92503			4
2025.11.13	00:56:20.693		0.92505			4
2025.11.13	00:56:20.997		0.92506			4
2025.11.13	00:56:21.584		0.92507			4
2025.11.13	00:56:23.186		0.92505			4
2025.11.13	00:56:43.960		0.92504			4
2025.11.13	00:56:48.772	0.92436	0.92500			6
2025.11.13	00:56:49.397		0.92501			4
2025.11.13	00:56:50.969	0.92439				2
2025.11.13	00:56:51.484		0.92502			4
2025.11.13	00:56:52.699	0.92437	0.92498			6
2025.11.13	00:56:57.152		0.92496			4
2025.11.13	00:56:57.485	0.92435				2
2025.11.13	00:56:59.117	0.92433	0.92498			6
2025.11.13	00:56:59.419	0.92438	0.92497			6
2025.11.13	00:57:00.314	0.92439	0.92498			6
2025.11.13	00:57:01.271		0.92501			4
2025.11.13	00:57:02.373	0.92437	0.92498			6
2025.11.13	00:57:02.724	0.92439				2
2025.11.13	00:57:03.548	0.92425	0.92496			6
2025.11.13	00:57:03.852	0.92438	0.92492			6
2025.11.13	00:57:04.159	0.92445	0.92485			6
2025.11.13	00:57:04.468	0.92443	0.92487			6
2025.11.13	00:57:04.780	0.92444				2
2025.11.13	00:57:05.817	0.92442	0.92488			6
2025.11.13	00:57:06.241		0.92489			4
2025.11.13	00:57:06.542		0.92490			4
2025.11.13	00:57:06.858	0.92441				2
2025.11.13	00:57:07.478	0.92440	0.92491			6
2025.11.13	00:57:08.097	0.92439				2
2025.11.13	00:57:08.400	0.92441	0.92489			6
2025.11.13	00:57:08.719	0.92442				2
2025.11.13	00:57:09.260	0.92437	0.92493			6
2025.11.13	00:57:11.900	0.92436	0.92495			6
2025.11.13	00:57:13.108	0.92435	0.92497			6
2025.11.13	00:57:13.782	0.92438				2
2025.11.13	00:57:14.280	0.92439	0.92498			6
2025.11.13	00:57:14.784	0.92437	0.92495			6
2025.11.13	00:57:15.112	0.92435				2
2025.11.13	00:57:16.675	0.92439	0.92498			6
2025.11.13	00:57:18.689		0.92501			4
2025.11.13	00:57:19.043		0.92498			4
2025.11.13	00:57:19.980		0.92504			4
2025.11.13	00:57:20.315		0.92499			4
2025.11.13	00:57:21.098		0.92502			4
2025.11.13	00:57:21.429		0.92507			4
2025.11.13	00:57:31.969		0.92502			4
2025.11.13	00:57:32.301		0.92505			4
2025.11.13	00:57:36.853		0.92496			4
2025.11.13	00:57:38.521		0.92497			4
2025.11.13	00:57:40.074		0.92496			4
2025.11.13	00:57:41.801		0.92498			4
2025.11.13	00:57:42.194		0.92496			4
2025.11.13	00:57:42.506		0.92498			4
2025.11.13	00:57:42.897		0.92500			4
2025.11.13	00:57:43.199		0.92497			4
2025.11.13	00:57:43.556		0.92500			4
2025.11.13	00:57:44.060		0.92498			4
2025.11.13	00:57:46.137	0.92434	0.92495			6
2025.11.13	00:57:46.439	0.92435	0.92494			6
2025.11.13	00:57:46.890	0.92434				2
2025.11.13	00:57:48.429	0.92392	0.92501			6
2025.11.13	00:57:48.730	0.92400	0.92500			6
2025.11.13	00:57:49.435	0.92404				2
2025.11.13	00:57:49.738	0.92400				2
2025.11.13	00:57:52.979	0.92403				2
2025.11.13	00:57:53.648	0.92400				2
2025.11.13	00:58:00.203	0.92400				2
2025.11.13	00:58:00.868	0.92403				2
2025.11.13	00:58:01.193	0.92416				2
2025.11.13	00:58:01.874	0.92405				2
2025.11.13	00:58:02.204	0.92403				2
2025.11.13	00:58:02.535	0.92402				2
2025.11.13	00:58:02.873	0.92400				2
2025.11.13	00:58:09.736	0.92402				2
2025.11.13	00:58:10.365	0.92400				2
2025.11.13	00:58:10.835	0.92403				2
2025.11.13	00:58:11.391	0.92404				2
2025.11.13	00:58:15.194	0.92407	0.92499			6
2025.11.13	00:58:15.651	0.92408	0.92498			6
2025.11.13	00:58:17.422	0.92410	0.92497			6
2025.11.13	00:58:18.073		0.92496			4
2025.11.13	00:58:18.721		0.92497			4
2025.11.13	00:58:19.077		0.92496			4
2025.11.13	00:58:19.395	0.92409				2
2025.11.13	00:58:19.720	0.92410				2
2025.11.13	00:58:20.103	0.92411	0.92495			6
2025.11.13	00:58:20.419		0.92496			4
2025.11.13	00:58:22.061		0.92495			4
2025.11.13	00:58:22.519	0.92412				2
2025.11.13	00:58:23.537	0.92410				2
2025.11.13	00:58:26.064	0.92411	0.92471			6
2025.11.13	00:58:26.373	0.92410	0.92493			6
2025.11.13	00:58:26.746	0.92417	0.92498			6
2025.11.13	00:58:27.750		0.92499			4
2025.11.13	00:58:31.943	0.92412	0.92464			6
2025.11.13	00:58:32.373	0.92404	0.92461			6
2025.11.13	00:58:32.677	0.92402	0.92464			6
2025.11.13	00:58:33.075		0.92465			4
2025.11.13	00:58:33.377		0.92462			4
2025.11.13	00:58:33.731	0.92414	0.92461			6
2025.11.13	00:58:34.038	0.92397	0.92493			6
2025.11.13	00:58:36.446	0.92407	0.92470			6
2025.11.13	00:58:37.281	0.92404	0.92467			6
2025.11.13	00:58:37.582	0.92405	0.92469			6
2025.11.13	00:58:37.898	0.92407				2
2025.11.13	00:58:39.637	0.92404				2
2025.11.13	00:58:40.319	0.92400	0.92490			6
2025.11.13	00:58:46.213	0.92401	0.92489			6
2025.11.13	00:58:47.186	0.92409	0.92481			6
2025.11.13	00:58:47.732	0.92405	0.92485			6
2025.11.13	00:58:48.638	0.92420	0.92491			6
2025.11.13	00:58:49.360	0.92402	0.92490			6
2025.11.13	00:58:49.700		0.92500			4
2025.11.13	00:58:56.419	0.92409	0.92470			6
2025.11.13	00:58:56.725	0.92400	0.92469			6
2025.11.13	00:58:57.027	0.92405	0.92465			6
2025.11.13	00:58:57.339	0.92400				2
2025.11.13	00:58:58.199	0.92407	0.92500			6
2025.11.13	00:58:58.963	0.92419	0.92496			6
2025.11.13	00:58:59.276	0.92403	0.92495			6
2025.11.13	00:59:00.458	0.92403	0.92493			6
2025.11.13	00:59:00.879		0.92488			4
2025.11.13	00:59:01.202		0.92494			4
2025.11.13	00:59:01.523	0.92414	0.92490			6
2025.11.13	00:59:01.872	0.92403	0.92489			6
2025.11.13	00:59:02.190		0.92491			4
2025.11.13	00:59:02.524		0.92489			4
2025.11.13	00:59:02.842		0.92492			4
2025.11.13	00:59:06.443		0.92490			4
2025.11.13	00:59:06.869	0.92409	0.92472			6
2025.11.13	00:59:07.179	0.92408	0.92468			6
2025.11.13	00:59:07.592	0.92405	0.92464			6
2025.11.13	00:59:07.908		0.92466			4
2025.11.13	00:59:08.335	0.92406	0.92494			6
2025.11.13	00:59:08.640	0.92416	0.92489			6
2025.11.13	00:59:08.986	0.92419	0.92484			6
2025.11.13	00:59:09.315	0.92418	0.92485			6
2025.11.13	00:59:09.797	0.92420	0.92487			6
2025.11.13	00:59:10.132	0.92418	0.92492			6
2025.11.13	00:59:10.439	0.92395	0.92481			6
2025.11.13	00:59:10.745		0.92483			4
2025.11.13	00:59:11.060	0.92411	0.92493			6
2025.11.13	00:59:11.423		0.92492			4
2025.11.13	00:59:11.740		0.92495			4
2025.11.13	00:59:12.049	0.92397	0.92486			6
2025.11.13	00:59:12.359		0.92485			4
2025.11.13	00:59:12.715	0.92410	0.92491			6
2025.11.13	00:59:13.037		0.92494			4
2025.11.13	00:59:13.347	0.92405	0.92472			6
2025.11.13	00:59:13.672	0.92402	0.92469			6
2025.11.13	00:59:14.407	0.92400	0.92492			6
2025.11.13	00:59:14.809	0.92406	0.92497			6
2025.11.13	00:59:15.225	0.92401	0.92494			6
2025.11.13	00:59:15.593		0.92487			4
2025.11.13	00:59:16.656		0.92489			4
2025.11.13	00:59:16.962		0.92488			4
2025.11.13	00:59:17.285		0.92490			4
2025.11.13	00:59:17.599		0.92489			4
2025.11.13	00:59:18.078		0.92488			4
2025.11.13	00:59:18.813		0.92487			4
2025.11.13	00:59:19.880		0.92489			4
2025.11.13	00:59:20.224		0.92486			4
2025.11.13	00:59:20.578		0.92489			4
2025.11.13	00:59:20.890		0.92488			4
2025.11.13	00:59:21.780		0.92489			4
2025.11.13	00:59:22.135		0.92490			4
2025.11.13	00:59:22.479		0.92491			4
2025.11.13	00:59:22.782		0.92486			4
2025.11.13	00:59:23.446		0.92489			4
2025.11.13	00:59:24.271		0.92488			4
2025.11.13	00:59:24.817		0.92487			4
2025.11.13	00:59:25.208		0.92488			4
2025.11.13	00:59:25.708	0.92405	0.92476			6
2025.11.13	00:59:26.200	0.92408	0.92474			6
2025.11.13	00:59:26.519	0.92405				2
2025.11.13	00:59:26.945	0.92415	0.92487			6
2025.11.13	00:59:28.071	0.92396	0.92485			6
2025.11.13	00:59:28.514		0.92486			4
2025.11.13	00:59:29.207	0.92423	0.92492			6
2025.11.13	00:59:29.829	0.92398	0.92470			6
2025.11.13	00:59:30.204	0.92399	0.92480			6
2025.11.13	00:59:31.208	0.92419	0.92483			6
2025.11.13	00:59:31.511	0.92425				2
2025.11.13	00:59:31.876	0.92398	0.92488			6
2025.11.13	00:59:32.233		0.92490			4
2025.11.13	00:59:32.727		0.92488			4
2025.11.13	00:59:33.794		0.92490			4
2025.11.13	00:59:34.206		0.92491			4
2025.11.13	00:59:34.878		0.92489			4
2025.11.13	00:59:35.377		0.92490			4
2025.11.13	00:59:37.392		0.92488			4
2025.11.13	00:59:38.500		0.92489			4
2025.11.13	00:59:39.528		0.92490			4
2025.11.13	00:59:42.077		0.92488			4
2025.11.13	00:59:42.917	0.92419	0.92493			6
2025.11.13	00:59:43.246	0.92429	0.92496			6
2025.11.13	00:59:43.614		0.92498			4
2025.11.13	00:59:48.960	0.92430	0.92488			6
2025.11.13	00:59:55.626	0.92436	0.92496			6
2025.11.13	00:59:57.289	0.92427	0.92499			6
2025.11.13	00:59:57.593	0.92436	0.92497			6
2025.11.13	00:59:58.177	0.92428	0.92499			6
2025.11.13	00:59:58.642	0.92435				2
2025.11.13	01:00:00.283	0.92426	0.92497			6
2025.11.13	01:00:00.599	0.92433	0.92503			6
2025.11.13	01:00:00.907	0.92437				2
2025.11.13	01:00:01.219	0.92441				2
2025.11.13	01:00:02.220		0.92500			4
2025.11.13	01:00:02.526		0.92503			4
2025.11.13	01:00:04.115	0.92382	0.92512			6
2025.11.13	01:00:04.428	0.92437				2
2025.11.13	01:00:04.778	0.92460	0.92513			6
2025.11.13	01:00:05.079	0.92459	0.92521			6
2025.11.13	01:00:05.384	0.92461	0.92518			6
2025.11.13	01:00:05.701	0.92459	0.92514			6
2025.11.13	01:00:06.002	0.92434				2
2025.11.13	01:00:06.331	0.92460	0.92517			6
2025.11.13	01:00:06.634		0.92510			4
2025.11.13	01:00:06.937	0.92461	0.92539			6
2025.11.13	01:00:07.286	0.92463	0.92534			6
2025.11.13	01:00:07.589	0.92462	0.92535			6
2025.11.13	01:00:07.908	0.92444	0.92503			6
2025.11.13	01:00:11.187	0.92452				2
2025.11.13	01:00:11.501	0.92444				2
2025.11.13	01:00:12.980	0.92448				2
2025.11.13	01:00:13.301	0.92444				2
2025.11.13	01:00:16.836	0.92448				2
2025.11.13	01:00:17.139	0.92444				2
2025.11.13	01:00:19.482	0.92465	0.92500			6
2025.11.13	01:00:19.844	0.92466				2
2025.11.13	01:00:20.463	0.92467				2
2025.11.13	01:00:21.986	0.92466				2
2025.11.13	01:00:23.109	0.92467				2
2025.11.13	01:00:23.510	0.92449				2
2025.11.13	01:00:24.093	0.92444				2
2025.11.13	01:00:25.074	0.92445				2
2025.11.13	01:00:25.844	0.92457				2
2025.11.13	01:00:26.595	0.92458	0.92501			6
2025.11.13	01:00:27.381	0.92455				2
2025.11.13	01:00:29.398	0.92444	0.92500			6
2025.11.13	01:00:30.442	0.92454				2
2025.11.13	01:00:31.470	0.92444				2
2025.11.13	01:00:32.531	0.92459				2
2025.11.13	01:00:37.669	0.92460				2
2025.11.13	01:00:37.979	0.92461	0.92498			6
2025.11.13	01:00:38.557	0.92456				2
2025.11.13	01:00:38.873	0.92457	0.92499			6
2025.11.13	01:00:44.340	0.92456	0.92495			6
2025.11.13	01:00:44.652	0.92457				2
2025.11.13	01:00:48.770	0.92458				2
2025.11.13	01:00:59.416	0.92459	0.92496			6
2025.11.13	01:01:00.232	0.92459	0.92491			6
2025.11.13	01:01:00.681	0.92457				2
2025.11.13	01:01:01.410		0.92488			4
2025.11.13	01:01:01.727	0.92455				2
2025.11.13	01:01:02.387	0.92456				2
2025.11.13	01:01:05.269	0.92455				2
2025.11.13	01:01:06.771	0.92456				2
2025.11.13	01:01:11.409		0.92487			4
2025.11.13	01:01:18.872	0.92455	0.92488			6
2025.11.13	01:01:20.053	0.92457	0.92489			6
2025.11.13	01:01:31.408		0.92488			4
2025.11.13	01:01:32.870	0.92458				2
2025.11.13	01:01:33.655	0.92454	0.92485			6
2025.11.13	01:01:34.008	0.92452				2
2025.11.13	01:01:34.349	0.92451				2
2025.11.13	01:01:34.654	0.92450				2
2025.11.13	01:01:39.768	0.92451				2
2025.11.13	01:01:41.270		0.92484			4
2025.11.13	01:01:41.622	0.92452				2
2025.11.13	01:01:43.695	0.92451				2
2025.11.13	01:01:44.717	0.92452				2
2025.11.13	01:01:45.126	0.92454	0.92486			6
2025.11.13	01:01:56.498	0.92455				2
2025.11.13	01:01:57.700	0.92458	0.92488			6
2025.11.13	01:02:00.654	0.92458				2
2025.11.13	01:02:01.075	0.92456	0.92486			6
2025.11.13	01:02:01.457	0.92455				2
2025.11.13	01:02:05.550	0.92456				2
2025.11.13	01:02:09.260	0.92458				2
2025.11.13	01:02:10.519		0.92487			4
2025.11.13	01:02:16.385		0.92488			4
2025.11.13	01:02:21.749	0.92459	0.92487			6
2025.11.13	01:02:25.070	0.92458				2
2025.11.13	01:02:25.583	0.92470	0.92479			6
2025.11.13	01:02:29.004	0.92458	0.92487			6
2025.11.13	01:02:31.671	0.92459				2
2025.11.13	01:02:38.772	0.92457	0.92484			6
2025.11.13	01:02:39.404	0.92456				2
2025.11.13	01:02:39.967	0.92454				2
2025.11.13	01:02:40.668	0.92455				2
2025.11.13	01:02:45.353	0.92454				2
2025.11.13	01:02:46.045	0.92456				2
2025.11.13	01:02:46.772	0.92457	0.92486			6
2025.11.13	01:02:47.150	0.92458				2
2025.11.13	01:02:48.768	0.92459				2
2025.11.13	01:02:55.049	0.92461	0.92488			6
2025.11.13	01:02:58.349	0.92464	0.92489			6
2025.11.13	01:03:00.204	0.92466				2
2025.11.13	01:03:03.477	0.92467				2
2025.11.13	01:03:04.197	0.92466				2
2025.11.13	01:03:09.158	0.92457	0.92483			6
2025.11.13	01:03:12.154	0.92458				2
2025.11.13	01:03:50.011	0.92454	0.92481			6
2025.11.13	01:03:51.371		0.92480			4
2025.11.13	01:04:00.355	0.92455				2
2025.11.13	01:04:00.658	0.92454	0.92477			6
2025.11.13	01:04:04.779	0.92456	0.92479			6
2025.11.13	01:04:05.402		0.92478			4
2025.11.13	01:04:06.384	0.92457				2
2025.11.13	01:04:13.420		0.92479			4
2025.11.13	01:04:14.270	0.92458				2
2025.11.13	01:04:16.970	0.92457				2
2025.11.13	01:04:18.793	0.92456				2
2025.11.13	01:04:20.046	0.92457	0.92480			6
2025.11.13	01:04:23.268	0.92458				2
2025.11.13	01:04:33.793	0.92466	0.92475			6
2025.11.13	01:04:37.320	0.92461	0.92480			6
2025.11.13	01:04:39.980	0.92460				2
2025.11.13	01:04:45.379	0.92464	0.92481			6
2025.11.13	01:04:46.982	0.92463				2
2025.11.13	01:04:52.217	0.92464				2
2025.11.13	01:04:53.246		0.92480			4
2025.11.13	01:04:53.759	0.92463				2
2025.11.13	01:05:00.318	0.92464				2
2025.11.13	01:05:00.644	0.92462	0.92479			6
2025.11.13	01:05:03.543		0.92478			4
2025.11.13	01:05:12.469	0.92463				2
2025.11.13	01:05:19.969		0.92479			4
2025.11.13	01:05:34.081		0.92478			4
2025.11.13	01:05:45.377	0.92464	0.92479			6
2025.11.13	01:05:46.551	0.92465				2
2025.11.13	01:05:59.569	0.92464				2
2025.11.13	01:06:00.632	0.92463	0.92478			6
2025.11.13	01:06:02.782	0.92459	0.92476			6
2025.11.13	01:06:11.570	0.92458				2
2025.11.13	01:06:37.370		0.92475			4
2025.11.13	01:06:41.078		0.92476			4
2025.11.13	01:06:42.130	0.92459				2
2025.11.13	01:06:43.200	0.92458				2
2025.11.13	01:06:43.699	0.92459				2
2025.11.13	01:06:44.269	0.92458				2
2025.11.13	01:06:45.039	0.92459				2
2025.11.13	01:06:46.091	0.92458				2
2025.11.13	01:07:00.644	0.92458				2
2025.11.13	01:07:03.026	0.92456	0.92474			6
2025.11.13	01:07:03.772	0.92455	0.92472			6
2025.11.13	01:07:04.274	0.92456				2
2025.11.13	01:07:06.113	0.92457	0.92474			6
2025.11.13	01:07:08.270	0.92456				2
2025.11.13	01:07:09.582	0.92457				2
2025.11.13	01:07:11.928	0.92458	0.92475			6
2025.11.13	01:07:22.000		0.92476			4
2025.11.13	01:07:28.369	0.92459	0.92477			6
2025.11.13	01:07:31.068	0.92460				2
2025.11.13	01:07:45.369	0.92461	0.92478			6
2025.11.13	01:07:46.427	0.92460				2
2025.11.13	01:07:55.294	0.92461				2
2025.11.13	01:07:57.472	0.92462				2
2025.11.13	01:08:00.354	0.92461	0.92479			6
2025.11.13	01:08:00.837	0.92462				2
2025.11.13	01:08:03.492		0.92478			4
2025.11.13	01:08:09.316		0.92479			4
2025.11.13	01:08:20.745		0.92476			4
2025.11.13	01:08:21.684		0.92479			4
2025.11.13	01:08:24.124	0.92461	0.92478			6
2025.11.13	01:08:26.877	0.92462	0.92479			6
2025.11.13	01:08:35.328	0.92465				2
2025.11.13	01:08:35.836		0.92480			4
2025.11.13	01:08:38.907	0.92461	0.92478			6
2025.11.13	01:08:50.015	0.92458	0.92475			6
2025.11.13	01:08:51.043	0.92459				2
2025.11.13	01:08:52.109		0.92476			4
2025.11.13	01:09:00.445	0.92459	0.92474			6
2025.11.13	01:09:00.967	0.92458	0.92473			6
2025.11.13	01:09:04.880		0.92474			4
2025.11.13	01:09:18.769		0.92475			4
2025.11.13	01:09:21.169		0.92474			4
2025.11.13	01:09:26.152	0.92459				2
2025.11.13	01:09:27.968	0.92458	0.92475			6
2025.11.13	01:09:45.371	0.92459				2
2025.11.13	01:09:45.724	0.92457	0.92474			6
2025.11.13	01:09:46.621	0.92458				2
2025.11.13	01:09:51.382	0.92457				2
2025.11.13	01:09:53.794	0.92461	0.92476			6
2025.11.13	01:09:54.800	0.92459	0.92474			6
2025.11.13	01:09:56.204		0.92473			4
2025.11.13	01:09:57.375		0.92474			4
2025.11.13	01:09:59.172	0.92460	0.92475			6
2025.11.13	01:10:00.352	0.92460				2
2025.11.13	01:10:00.658	0.92459	0.92474			6
2025.11.13	01:10:01.620	0.92458	0.92472			6
2025.11.13	01:10:03.248	0.92459	0.92474			6
2025.11.13	01:10:04.393	0.92458				2
2025.11.13	01:10:07.455		0.92473			4
2025.11.13	01:10:08.457	0.92457				2
2025.11.13	01:10:13.223	0.92458	0.92474			6
2025.11.13	01:10:14.383		0.92473			4
2025.11.13	01:10:15.899		0.92472			4
2025.11.13	01:10:20.852		0.92471			4
2025.11.13	01:10:21.732		0.92472			4
2025.11.13	01:10:25.069		0.92471			4
2025.11.13	01:10:27.760		0.92472			4
2025.11.13	01:10:28.731		0.92471			4
2025.11.13	01:10:30.959		0.92472			4
2025.11.13	01:10:37.570	0.92459	0.92474			6
2025.11.13	01:10:41.871	0.92458				2
2025.11.13	01:10:45.375	0.92459				2
2025.11.13	01:10:47.420	0.92460	0.92476			6
2025.11.13	01:10:49.108	0.92461	0.92475			6
2025.11.13	01:10:51.457	0.92462	0.92477			6
2025.11.13	01:10:54.169		0.92478			4
2025.11.13	01:11:00.675	0.92463	0.92477			6
2025.11.13	01:11:01.042		0.92476			4
2025.11.13	01:11:02.742	0.92464				2
2025.11.13	01:11:03.749	0.92463				2
2025.11.13	01:11:07.669		0.92477			4
2025.11.13	01:11:12.515	0.92462	0.92475			6
2025.11.13	01:11:15.467	0.92461				2
2025.11.13	01:11:31.368		0.92476			4
2025.11.13	01:11:31.694		0.92477			4
2025.11.13	01:11:33.469	0.92460	0.92475			6
2025.11.13	01:11:34.808		0.92474			4
2025.11.13	01:11:35.143		0.92475			4
2025.11.13	01:11:37.817		0.92474			4
2025.11.13	01:11:40.668		0.92475			4
2025.11.13	01:11:45.377		0.92476			4
2025.11.13	01:11:46.235	0.92462	0.92478			6
2025.11.13	01:12:00.581	0.92462				2
2025.11.13	01:12:21.749		0.92477			4
2025.11.13	01:12:35.723	0.92464	0.92478			6
2025.11.13	01:13:00.649	0.92463	0.92477			6
2025.11.13	01:13:01.203		0.92478			4
2025.11.13	01:13:08.242	0.92462				2
2025.11.13	01:13:08.895	0.92461	0.92476			6
2025.11.13	01:13:10.370	0.92460				2
2025.11.13	01:13:17.167		0.92477			4
2025.11.13	01:13:18.820	0.92462	0.92476			6
2025.11.13	01:13:20.864	0.92460				2
2025.11.13	01:13:22.814		0.92475			4
2025.11.13	01:13:23.507	0.92461	0.92476			6
2025.11.13	01:13:25.786	0.92460				2
2025.11.13	01:13:31.541		0.92475			4
2025.11.13	01:13:43.690		0.92476			4
2025.11.13	01:13:45.378	0.92461	0.92477			6
2025.11.13	01:13:49.501	0.92462				2
2025.11.13	01:13:50.190	0.92461				2
2025.11.13	01:14:00.238	0.92461	0.92476			6
2025.11.13	01:14:00.648	0.92460	0.92477			6
2025.11.13	01:14:04.371	0.92461				2
2025.11.13	01:14:49.618	0.92462				2
2025.11.13	01:14:51.707	0.92461				2
2025.11.13	01:14:52.355	0.92462	0.92478			6
2025.11.13	01:14:55.570	0.92460	0.92476			6
2025.11.13	01:15:00.388	0.92460				2
2025.11.13	01:15:03.695		0.92477			4
2025.11.13	01:15:04.969	0.92461	0.92476			6
2025.11.13	01:15:05.354		0.92475			4
2025.11.13	01:15:06.898		0.92476			4
2025.11.13	01:15:08.868	0.92460				2
2025.11.13	01:15:11.167	0.92459				2
2025.11.13	01:15:13.669	0.92460				2
2025.11.13	01:15:14.732	0.92455	0.92466			6
2025.11.13	01:15:15.042	0.92457	0.92473			6
2025.11.13	01:15:19.180		0.92472			4
2025.11.13	01:15:23.613		0.92473			4
2025.11.13	01:15:26.346	0.92459				2
2025.11.13	01:15:27.769	0.92460	0.92474			6
2025.11.13	01:15:28.345		0.92473			4
2025.11.13	01:15:28.696	0.92459	0.92474			6
2025.11.13	01:15:29.285		0.92475			4
2025.11.13	01:15:35.474	0.92460	0.92474			6
2025.11.13	01:15:35.799		0.92475			4
2025.11.13	01:15:38.207	0.92463	0.92478			6
2025.11.13	01:15:39.411	0.92464				2
2025.11.13	01:15:45.362	0.92465				2
2025.11.13	01:16:00.478	0.92465				2
2025.11.13	01:16:30.333	0.92466	0.92477			6
2025.11.13	01:16:33.687		0.92478			4
2025.11.13	01:16:36.724	0.92465	0.92477			6
2025.11.13	01:16:41.000		0.92478			4
2025.11.13	01:16:44.487	0.92464				2
2025.11.13	01:16:46.303	0.92465				2
2025.11.13	01:16:46.611	0.92466				2
2025.11.13	01:16:50.787	0.92467				2
2025.11.13	01:16:51.407	0.92468				2
2025.11.13	01:16:58.062		0.92479			4
2025.11.13	01:17:00.607	0.92468	0.92478			6
2025.11.13	01:17:09.771	0.92469				2
2025.11.13	01:17:11.991	0.92471				2
2025.11.13	01:17:28.896		0.92479			4
2025.11.13	01:17:30.097	0.92470				2
2025.11.13	01:17:32.990	0.92469				2
2025.11.13	01:17:36.126		0.92478			4
2025.11.13	01:17:37.845		0.92479			4
2025.11.13	01:17:41.313		0.92480			4
2025.11.13	01:18:00.316	0.92469				2
2025.11.13	01:18:22.281		0.92482			4
2025.11.13	01:18:24.158		0.92481			4
2025.11.13	01:18:30.015		0.92482			4
2025.11.13	01:18:30.359	0.92470	0.92481			6
2025.11.13	01:18:31.475	0.92471	0.92480			6
2025.11.13	01:19:00.700	0.92471				2
2025.11.13	01:19:23.110	0.92470	0.92477			6
2025.11.13	01:19:25.378	0.92469				2
2025.11.13	01:19:34.297	0.92472	0.92480			6
2025.11.13	01:19:34.821	0.92470				2
2025.11.13	01:19:48.609	0.92472				2
2025.11.13	01:19:48.977	0.92473				2
2025.11.13	01:20:00.145	0.92473	0.92481			6
2025.11.13	01:20:09.868		0.92480			4
2025.11.13	01:20:15.999		0.92481			4
2025.11.13	01:20:18.154	0.92470				2
2025.11.13	01:20:23.477		0.92480			4
2025.11.13	01:20:32.177	0.92469				2
2025.11.13	01:20:32.478		0.92479			4
2025.11.13	01:20:33.042	0.92470				2
2025.11.13	01:20:33.695	0.92469				2
2025.11.13	01:20:41.569		0.92480			4
2025.11.13	01:21:00.471	0.92469				2
2025.11.13	01:21:07.097	0.92470				2
2025.11.13	01:21:09.470	0.92469				2
2025.11.13	01:21:11.886	0.92470				2
2025.11.13	01:21:37.358	0.92471				2
2025.11.13	01:21:38.945	0.92472	0.92481			6
2025.11.13	01:21:39.943	0.92471				2
2025.11.13	01:21:40.827	0.92472				2
2025.11.13	01:21:41.144	0.92471	0.92482			6
2025.11.13	01:21:41.570		0.92481			4
2025.11.13	01:22:01.737	0.92471				2
2025.11.13	01:22:02.868		0.92480			4
2025.11.13	01:22:25.968		0.92481			4
2025.11.13	01:22:26.681		0.92480			4
2025.11.13	01:22:36.764		0.92481			4
2025.11.13	01:22:38.528		0.92480			4
2025.11.13	01:22:46.268		0.92481			4
2025.11.13	01:22:46.569		0.92480			4
2025.11.13	01:22:57.168	0.92472	0.92482			6
2025.11.13	01:22:58.884	0.92473				2
2025.11.13	01:22:59.656	0.92472	0.92481			6
2025.11.13	01:23:00.563	0.92470				2
2025.11.13	01:23:02.640	0.92471	0.92480			6
2025.11.13	01:23:05.268		0.92481			4
2025.11.13	01:23:07.889		0.92480			4
2025.11.13	01:23:09.469		0.92481			4
2025.11.13	01:23:09.827	0.92469	0.92479			6
2025.11.13	01:23:22.323	0.92470				2
2025.11.13	01:23:24.395	0.92469				2
2025.11.13	01:23:25.670	0.92470				2
2025.11.13	01:23:33.782	0.92469				2
2025.11.13	01:23:36.050	0.92470	0.92480			6
2025.11.13	01:23:37.715	0.92469	0.92478			6
2025.11.13	01:23:40.912		0.92479			4
2025.11.13	01:23:43.951		0.92478			4
2025.11.13	01:23:47.054		0.92479			4
2025.11.13	01:23:48.090		0.92478			4
2025.11.13	01:23:51.169		0.92479			4
2025.11.13	01:23:57.413		0.92478			4
2025.11.13	01:24:00.315	0.92469				2
2025.11.13	01:24:02.802	0.92468				2
2025.11.13	01:24:04.998		0.92477			4
2025.11.13	01:24:05.345	0.92467	0.92476			6
2025.11.13	01:24:05.703		0.92477			4
2025.11.13	01:24:06.923	0.92468				2
2025.11.13	01:24:10.732	0.92467	0.92476			6
2025.11.13	01:24:11.787	0.92466				2
2025.11.13	01:24:12.802	0.92470	0.92480			6
2025.11.13	01:24:13.112	0.92471				2
2025.11.13	01:24:14.272	0.92470				2
2025.11.13	01:24:20.156		0.92479			4
2025.11.13	01:24:22.468		0.92480			4
2025.11.13	01:24:23.793		0.92479			4
2025.11.13	01:24:24.732	0.92469	0.92478			6
2025.11.13	01:24:27.645	0.92468				2
2025.11.13	01:24:30.316	0.92469				2
2025.11.13	01:24:58.969		0.92479			4
2025.11.13	01:25:00.350	0.92470				2
2025.11.13	01:25:00.658	0.92465	0.92474			6
2025.11.13	01:25:02.033	0.92464	0.92473			6
2025.11.13	01:25:03.772	0.92463				2
2025.11.13	01:25:04.276	0.92464				2
2025.11.13	01:25:07.264	0.92463				2
2025.11.13	01:25:07.968	0.92464				2
2025.11.13	01:25:08.952		0.92475			4
2025.11.13	01:25:10.547		0.92474			4
2025.11.13	01:25:11.852	0.92468	0.92476			6
2025.11.13	01:25:13.358	0.92467	0.92477			6
2025.11.13	01:25:46.319	0.92468				2
2025.11.13	01:25:50.868		0.92478			4
2025.11.13	01:26:00.853	0.92469				2
2025.11.13	01:26:06.251		0.92479			4
2025.11.13	01:26:06.922	0.92468	0.92478			6
2025.11.13	01:26:16.714	0.92467				2
2025.11.13	01:26:18.346	0.92468				2
2025.11.13	01:26:33.739	0.92469				2
2025.11.13	01:26:36.362	0.92470	0.92479			6
2025.11.13	01:26:37.368	0.92471				2
2025.11.13	01:26:39.535	0.92470	0.92480			6
2025.11.13	01:26:42.470	0.92471	0.92479			6
2025.11.13	01:26:44.741	0.92470	0.92480			6
2025.11.13	01:26:46.669	0.92471	0.92479			6
2025.11.13	01:26:48.883	0.92470	0.92480			6
2025.11.13	01:26:50.870	0.92471	0.92479			6
2025.11.13	01:26:51.769	0.92470				2
2025.11.13	01:26:56.775		0.92480			4
2025.11.13	01:26:57.149		0.92479			4
2025.11.13	01:26:59.885		0.92480			4
2025.11.13	01:27:00.223	0.92470	0.92479			6
2025.11.13	01:27:02.044		0.92480			4
2025.11.13	01:27:02.361		0.92479			4
2025.11.13	01:27:02.990		0.92480			4
2025.11.13	01:27:03.400		0.92479			4
2025.11.13	01:27:35.502	0.92471				2
2025.11.13	01:27:40.590	0.92470				2
2025.11.13	01:27:42.752		0.92480			4
2025.11.13	01:27:43.788		0.92479			4
2025.11.13	01:27:44.814	0.92472	0.92480			6
2025.11.13	01:27:45.905	0.92471				2
2025.11.13	01:28:00.969	0.92471				2
2025.11.13	01:28:10.769	0.92470	0.92479			6
2025.11.13	01:28:11.080		0.92480			4
2025.11.13	01:28:12.158		0.92479			4
2025.11.13	01:28:14.214		0.92480			4
2025.11.13	01:28:14.527		0.92479			4
2025.11.13	01:28:21.474		0.92480			4
2025.11.13	01:28:22.363		0.92479			4
2025.11.13	01:28:25.786		0.92478			4
2025.11.13	01:28:33.169		0.92479			4
2025.11.13	01:28:34.842		0.92478			4
2025.11.13	01:28:37.963		0.92479			4
2025.11.13	01:28:40.913		0.92478			4
2025.11.13	01:28:43.614		0.92479			4
2025.11.13	01:28:45.929		0.92478			4
2025.11.13	01:28:46.686		0.92479			4
2025.11.13	01:28:48.962		0.92478			4
2025.11.13	01:28:55.197		0.92479			4
2025.11.13	01:28:56.662		0.92478			4
2025.11.13	01:29:01.109	0.92470				2
2025.11.13	01:29:02.878	0.92468	0.92475			6
2025.11.13	01:29:04.009		0.92476			4
2025.11.13	01:29:06.003	0.92467				2
2025.11.13	01:29:08.670		0.92475			4
2025.11.13	01:29:10.125		0.92476			4
2025.11.13	01:29:14.177		0.92475			4
2025.11.13	01:29:20.376		0.92476			4
2025.11.13	01:29:21.495		0.92475			4
2025.11.13	01:29:24.603		0.92476			4
2025.11.13	01:29:48.167		0.92475			4
2025.11.13	01:29:50.026		0.92476			4
2025.11.13	01:29:51.278		0.92475			4
2025.11.13	01:29:51.887		0.92476			4
2025.11.13	01:29:54.139		0.92475			4
2025.11.13	01:29:54.745		0.92476			4
2025.11.13	01:29:55.076		0.92475			4
2025.11.13	01:29:55.402		0.92476			4
2025.11.13	01:29:59.345		0.92475			4
2025.11.13	01:30:00.038	0.92467	0.92476			6
2025.11.13	01:30:03.240		0.92475			4
2025.11.13	01:30:03.866	0.92466	0.92474			6
2025.11.13	01:30:04.166	0.92467	0.92475			6
2025.11.13	01:30:11.582		0.92476			4
2025.11.13	01:30:11.993		0.92475			4
2025.11.13	01:30:15.367	0.92465	0.92476			6
2025.11.13	01:30:16.824	0.92466	0.92475			6
2025.11.13	01:30:18.699	0.92465	0.92476			6
2025.11.13	01:30:20.045	0.92466	0.92475			6
2025.11.13	01:30:22.176	0.92465	0.92476			6
2025.11.13	01:30:25.110	0.92466	0.92475			6
2025.11.13	01:30:26.899	0.92465	0.92476			6
2025.11.13	01:30:28.567	0.92466	0.92475			6
2025.11.13	01:30:30.177		0.92476			4
2025.11.13	01:30:31.700	0.92467	0.92475			6
2025.11.13	01:30:34.676	0.92466	0.92476			6
2025.11.13	01:30:35.568	0.92467	0.92475			6
2025.11.13	01:30:37.233	0.92466	0.92476			6
2025.11.13	01:30:38.576	0.92467	0.92475			6
2025.11.13	01:30:40.248	0.92466	0.92476			6
2025.11.13	01:30:42.720		0.92475			4
2025.11.13	01:30:43.318		0.92476			4
2025.11.13	01:30:44.869	0.92467	0.92475			6
2025.11.13	01:30:46.423	0.92466	0.92476			6
2025.11.13	01:30:46.968	0.92467	0.92475			6
2025.11.13	01:30:49.111	0.92466	0.92476			6
2025.11.13	01:30:51.467	0.92467	0.92475			6
2025.11.13	01:30:53.565	0.92466	0.92476			6
2025.11.13	01:30:55.038	0.92467	0.92475			6
2025.11.13	01:30:55.667		0.92476			4
2025.11.13	01:31:00.471	0.92466				2
2025.11.13	01:31:03.922	0.92467	0.92475			6
2025.11.13	01:31:04.861	0.92466	0.92476			6
2025.11.13	01:31:05.268	0.92467	0.92475			6
2025.11.13	01:31:05.816	0.92470	0.92480			6
2025.11.13	01:31:12.611	0.92473	0.92482			6
2025.11.13	01:31:16.970	0.92474				2
2025.11.13	01:31:42.769	0.92475				2
2025.11.13	01:31:50.868	0.92474				2
2025.11.13	01:32:00.477	0.92474				2
2025.11.13	01:32:14.269	0.92473	0.92483			6
2025.11.13	01:32:16.275	0.92474	0.92482			6
2025.11.13	01:32:37.809		0.92483			4
2025.11.13	01:32:40.967	0.92475				2
2025.11.13	01:32:43.174	0.92470	0.92480			6
2025.11.13	01:32:45.377	0.92471				2
2025.11.13	01:32:45.953	0.92467	0.92476			6
2025.11.13	01:32:46.318	0.92468				2
2025.11.13	01:32:47.881	0.92467				2
2025.11.13	01:32:48.978	0.92468				2
2025.11.13	01:32:52.854	0.92470	0.92479			6
2025.11.13	01:32:55.369	0.92469	0.92478			6
2025.11.13	01:33:00.320	0.92469				2
2025.11.13	01:33:10.479		0.92477			4
2025.11.13	01:33:13.373	0.92468				2
2025.11.13	01:33:22.863	0.92466				2
2025.11.13	01:33:25.668	0.92467	0.92476			6
2025.11.13	01:33:28.673	0.92468				2
2025.11.13	01:33:30.321		0.92477			4
2025.11.13	01:33:30.758	0.92469				2
2025.11.13	01:33:36.818	0.92468				2
2025.11.13	01:33:44.017	0.92469				2
2025.11.13	01:33:45.377	0.92468	0.92478			6
2025.11.13	01:33:50.208	0.92470	0.92479			6
2025.11.13	01:33:54.169		0.92478			4
2025.11.13	01:34:02.924	0.92470				2
2025.11.13	01:34:26.529		0.92479			4
2025.11.13	01:34:35.918		0.92478			4
2025.11.13	01:34:49.152		0.92477			4
2025.11.13	01:35:00.313	0.92470				2
2025.11.13	01:35:02.282	0.92469				2
2025.11.13	01:35:05.175		0.92478			4
2025.11.13	01:35:14.870		0.92477			4
2025.11.13	01:35:15.419		0.92478			4
2025.11.13	01:35:17.473		0.92477			4
2025.11.13	01:35:18.783	0.92468				2
2025.11.13	01:35:26.233	0.92469				2
2025.11.13	01:35:28.327		0.92479			4
2025.11.13	01:35:29.643	0.92470	0.92478			6
2025.11.13	01:35:34.969	0.92469				2
2025.11.13	01:36:00.470	0.92469				2
2025.11.13	01:36:03.452	0.92470	0.92479			6
2025.11.13	01:36:05.270	0.92468	0.92477			6
2025.11.13	01:36:05.688	0.92470	0.92478			6
2025.11.13	01:36:10.940		0.92479			4
2025.11.13	01:36:16.619	0.92466	0.92476			6
2025.11.13	01:36:17.262	0.92467				2
2025.11.13	01:36:20.314	0.92468				2
2025.11.13	01:36:30.238	0.92470	0.92478			6
2025.11.13	01:36:30.732	0.92469	0.92477			6
2025.11.13	01:36:31.534	0.92470	0.92479			6
2025.11.13	01:36:34.970		0.92478			4
2025.11.13	01:36:49.968	0.92471				2
2025.11.13	01:36:50.458	0.92469	0.92477			6
2025.11.13	01:36:57.066		0.92478			4
2025.11.13	01:37:00.319	0.92469				2
2025.11.13	01:37:01.656		0.92477			4
2025.11.13	01:37:08.608	0.92468				2
2025.11.13	01:37:11.285		0.92478			4
2025.11.13	01:37:16.969	0.92469	0.92477			6
2025.11.13	01:37:21.408	0.92468				2
2025.11.13	01:37:28.420		0.92478			4
2025.11.13	01:37:31.969		0.92477			4
2025.11.13	01:37:35.912	0.92471	0.92481			6
2025.11.13	01:37:36.521	0.92473				2
2025.11.13	01:37:39.762		0.92482			4
2025.11.13	01:37:58.712	0.92471	0.92480			6
2025.11.13	01:38:00.354	0.92471				2
2025.11.13	01:38:06.754		0.92481			4
2025.11.13	01:38:07.395		0.92480			4
2025.11.13	01:38:24.179	0.92470	0.92479			6
2025.11.13	01:38:26.178		0.92480			4
2025.11.13	01:38:39.204		0.92479			4
2025.11.13	01:38:46.494		0.92478			4
2025.11.13	01:38:46.957		0.92479			4
2025.11.13	01:38:56.930		0.92478			4
2025.11.13	01:38:58.697		0.92479			4
2025.11.13	01:39:00.316	0.92470				2
2025.11.13	01:39:00.737		0.92478			4
2025.11.13	01:39:04.945		0.92479			4
2025.11.13	01:39:12.449		0.92478			4
2025.11.13	01:39:15.731	0.92469				2
2025.11.13	01:39:21.553	0.92471	0.92480			6
2025.11.13	01:39:22.265		0.92479			4
2025.11.13	01:39:37.716		0.92480			4
2025.11.13	01:39:41.355		0.92481			4
2025.11.13	01:39:48.506	0.92470				2
2025.11.13	01:39:50.424	0.92471				2
2025.11.13	01:40:00.306	0.92474				2
2025.11.13	01:40:02.205		0.92480			4
2025.11.13	01:40:29.484	0.92472				2
2025.11.13	01:40:31.391		0.92479			4
2025.11.13	01:40:37.068		0.92480			4
2025.11.13	01:40:41.772		0.92479			4
2025.11.13	01:40:45.346		0.92480			4
2025.11.13	01:40:47.472		0.92479			4
2025.11.13	01:40:55.162	0.92470	0.92477			6
2025.11.13	01:41:00.404	0.92470				2
2025.11.13	01:41:05.091	0.92468				2
2025.11.13	01:41:10.635	0.92472	0.92478			6
2025.11.13	01:41:36.454		0.92479			4
2025.11.13	01:41:46.968		0.92480			4
2025.11.13	01:41:59.930		0.92478			4
2025.11.13	01:42:00.436	0.92472				2
2025.11.13	01:42:00.780		0.92479			4
2025.11.13	01:42:02.414	0.92473				2
2025.11.13	01:42:03.929	0.92476	0.92482			6
2025.11.13	01:42:07.765	0.92473	0.92479			6
2025.11.13	01:42:09.400		0.92480			4
2025.11.13	01:42:14.357		0.92479			4
2025.11.13	01:42:18.518		0.92480			4
2025.11.13	01:42:21.852		0.92479			4
2025.11.13	01:42:23.740		0.92478			4
2025.11.13	01:42:30.714	0.92477	0.92483			6
2025.11.13	01:42:32.315		0.92484			4
2025.11.13	01:42:40.673	0.92479	0.92486			6
2025.11.13	01:42:51.175	0.92480				2
2025.11.13	01:42:59.013		0.92487			4
2025.11.13	01:43:00.637	0.92480	0.92486			6
2025.11.13	01:43:04.531	0.92481	0.92489			6
2025.11.13	01:43:07.499		0.92487			4
2025.11.13	01:43:07.985	0.92482	0.92488			6
2025.11.13	01:43:10.140		0.92489			4
2025.11.13	01:43:16.969		0.92490			4
2025.11.13	01:43:19.368		0.92489			4
2025.11.13	01:43:25.583	0.92481	0.92488			6
2025.11.13	01:43:25.893		0.92487			4
2025.11.13	01:43:29.705		0.92486			4
2025.11.13	01:43:36.934		0.92487			4
2025.11.13	01:43:41.120	0.92480				2
2025.11.13	01:44:00.624	0.92480	0.92486			6
2025.11.13	01:44:05.691	0.92479				2
2025.11.13	01:44:17.930	0.92482	0.92488			6
2025.11.13	01:44:28.192	0.92483				2
2025.11.13	01:44:43.468		0.92489			4
2025.11.13	01:44:49.526		0.92488			4
2025.11.13	01:44:52.202		0.92489			4
2025.11.13	01:44:52.880	0.92485	0.92490			6
2025.11.13	01:45:00.308	0.92482				2
2025.11.13	01:45:00.610	0.92483				2
2025.11.13	01:45:01.350	0.92479	0.92486			6
2025.11.13	01:45:05.584		0.92487			4
2025.11.13	01:45:10.631	0.92478				2
2025.11.13	01:45:11.082	0.92479				2
2025.11.13	01:45:16.501	0.92478				2
2025.11.13	01:45:36.457	0.92479	0.92488			6
2025.11.13	01:45:43.370		0.92487			4
2025.11.13	01:45:57.106		0.92488			4
2025.11.13	01:46:00.501	0.92479	0.92487			6
2025.11.13	01:46:08.772	0.92477	0.92484			6
2025.11.13	01:46:22.804		0.92485			4
2025.11.13	01:46:32.555	0.92476	0.92484			6
2025.11.13	01:46:34.567	0.92477				2
2025.11.13	01:46:40.306	0.92476				2
2025.11.13	01:46:45.917	0.92475	0.92483			6
2025.11.13	01:46:47.469	0.92474	0.92484			6
2025.11.13	01:46:49.896	0.92475				2
2025.11.13	01:46:54.446		0.92483			4
2025.11.13	01:46:56.993	0.92473	0.92482			6
2025.11.13	01:47:00.431	0.92472	0.92480			6
2025.11.13	01:47:00.734	0.92473	0.92481			6
2025.11.13	01:47:01.045	0.92472	0.92480			6
2025.11.13	01:47:01.624	0.92474	0.92482			6
2025.11.13	01:47:05.612	0.92477	0.92486			6
2025.11.13	01:47:22.427		0.92487			4
2025.11.13	01:47:32.012		0.92486			4
2025.11.13	01:47:34.806		0.92487			4
2025.11.13	01:47:39.813	0.92479	0.92486			6
2025.11.13	01:47:40.119	0.92478				2
2025.11.13	01:47:43.968	0.92479	0.92487			6
2025.11.13	01:47:45.296	0.92478	0.92486			6
2025.11.13	01:47:49.971	0.92479				2
2025.11.13	01:47:50.308	0.92478	0.92487			6
2025.11.13	01:47:58.967		0.92486			4
2025.11.13	01:48:00.169	0.92479				2
2025.11.13	01:48:01.247	0.92478	0.92485			6
2025.11.13	01:48:06.898	0.92477				2
2025.11.13	01:48:19.959	0.92478	0.92486			6
2025.11.13	01:48:21.635	0.92477				2
2025.11.13	01:48:25.504	0.92478				2
2025.11.13	01:48:39.237	0.92480	0.92487			6
2025.11.13	01:48:43.892		0.92488			4
2025.11.13	01:48:48.150	0.92485	0.92492			6
2025.11.13	01:48:48.482	0.92486	0.92494			6
2025.11.13	01:48:57.170		0.92493			4
2025.11.13	01:48:57.471	0.92485	0.92494			6
2025.11.13	01:49:00.593	0.92485				2
2025.11.13	01:49:15.500		0.92493			4
2025.11.13	01:49:22.673		0.92494			4
2025.11.13	01:49:38.573	0.92481	0.92489			6
2025.11.13	01:49:56.551	0.92483	0.92492			6
2025.11.13	01:49:58.662	0.92482				2
2025.11.13	01:49:59.888	0.92483				2
2025.11.13	01:50:00.682	0.92484	0.92493			6
2025.11.13	01:50:03.919	0.92485				2
2025.11.13	01:50:08.344	0.92484	0.92492			6
2025.11.13	01:50:13.622	0.92482	0.92491			6
2025.11.13	01:50:22.173		0.92492			4
2025.11.13	01:50:23.317	0.92483	0.92491			6
2025.11.13	01:50:24.401	0.92482				2
2025.11.13	01:50:27.066	0.92483				2
2025.11.13	01:50:27.538	0.92482				2
2025.11.13	01:50:31.450	0.92483				2
2025.11.13	01:50:32.072	0.92484	0.92492			6
2025.11.13	01:50:35.963		0.92491			4
2025.11.13	01:50:37.823	0.92483				2
2025.11.13	01:50:39.757	0.92482	0.92490			6
2025.11.13	01:50:54.067		0.92488			4
2025.11.13	01:50:58.529	0.92483	0.92491			6
2025.11.13	01:50:59.610	0.92484	0.92492			6
2025.11.13	01:51:00.628	0.92482	0.92490			6
2025.11.13	01:51:02.436	0.92484	0.92492			6
2025.11.13	01:51:03.508	0.92483	0.92490			6
2025.11.13	01:51:06.685	0.92484	0.92492			6
2025.11.13	01:51:07.115	0.92483	0.92491			6
2025.11.13	01:51:15.966	0.92484	0.92492			6
2025.11.13	01:51:24.312		0.92491			4
2025.11.13	01:51:31.173	0.92483				2
2025.11.13	01:51:38.571		0.92490			4
2025.11.13	01:51:40.008		0.92491			4
2025.11.13	01:51:42.079	0.92480	0.92487			6
2025.11.13	01:51:42.413	0.92479				2
2025.11.13	01:51:42.773		0.92488			4
2025.11.13	01:51:44.800		0.92487			4
2025.11.13	01:51:46.046	0.92481	0.92489			6
2025.11.13	01:51:48.063	0.92482				2
2025.11.13	01:51:48.935	0.92478	0.92487			6
2025.11.13	01:51:50.556	0.92479				2
2025.11.13	01:51:51.892	0.92480				2
2025.11.13	01:52:00.677	0.92479	0.92486			6
2025.11.13	01:52:06.948		0.92487			4
2025.11.13	01:52:09.569		0.92485			4
2025.11.13	01:52:10.893		0.92486			4
2025.11.13	01:52:13.451		0.92487			4
2025.11.13	01:52:24.168		0.92486			4
2025.11.13	01:52:40.095		0.92487			4
2025.11.13	01:52:41.409		0.92486			4
2025.11.13	01:52:56.783		0.92487			4
2025.11.13	01:52:59.599		0.92486			4
2025.11.13	01:53:00.639	0.92478				2
2025.11.13	01:53:01.031	0.92479				2
2025.11.13	01:53:09.398	0.92478				2
2025.11.13	01:53:33.163	0.92479				2
2025.11.13	01:53:41.234	0.92477				2
2025.11.13	01:53:41.870	0.92478				2
2025.11.13	01:53:59.975		0.92486			4
2025.11.13	01:54:00.453	0.92478	0.92487			6
2025.11.13	01:54:02.437		0.92486			4
2025.11.13	01:54:05.802	0.92477				2
2025.11.13	01:54:06.322	0.92478				2
2025.11.13	01:54:07.826	0.92477				2
2025.11.13	01:54:09.516	0.92478				2
2025.11.13	01:54:12.169	0.92477				2
2025.11.13	01:54:18.337	0.92479	0.92487			6
2025.11.13	01:54:28.986		0.92486			4
2025.11.13	01:55:00.606	0.92479				2
2025.11.13	01:55:07.950	0.92478	0.92485			6
2025.11.13	01:55:24.592		0.92486			4
2025.11.13	01:55:28.533	0.92479	0.92487			6
2025.11.13	01:55:30.331	0.92478				2
2025.11.13	01:55:31.124		0.92486			4
2025.11.13	01:55:34.524	0.92479	0.92487			6
2025.11.13	01:55:39.216	0.92478	0.92486			6
2025.11.13	01:55:45.377		0.92487			4
2025.11.13	01:55:47.342	0.92479	0.92486			6
2025.11.13	01:55:50.056		0.92488			4
2025.11.13	01:55:53.423	0.92481	0.92490			6
2025.11.13	01:56:00.319	0.92481				2
2025.11.13	01:56:02.270		0.92489			4
2025.11.13	01:56:04.029	0.92482				2
2025.11.13	01:56:22.540	0.92481				2
2025.11.13	01:57:00.561	0.92481				2
2025.11.13	01:57:02.562	0.92479	0.92486			6
2025.11.13	01:57:03.218		0.92487			4
2025.11.13	01:57:06.691		0.92486			4
2025.11.13	01:57:13.368	0.92478				2
2025.11.13	01:57:13.784	0.92479				2
2025.11.13	01:57:16.209		0.92487			4
2025.11.13	01:57:25.652		0.92486			4
2025.11.13	01:57:27.724	0.92478				2
2025.11.13	01:57:45.177		0.92487			4
2025.11.13	01:57:49.731		0.92486			4
2025.11.13	01:57:55.373	0.92479				2
2025.11.13	01:57:58.258	0.92481	0.92488			6
2025.11.13	01:58:00.358	0.92481				2
2025.11.13	01:58:50.868		0.92489			4
2025.11.13	01:58:53.954	0.92482	0.92491			6
2025.11.13	01:58:55.164		0.92490			4
2025.11.13	01:59:00.760	0.92482				2
2025.11.13	01:59:03.770	0.92481	0.92491			6
2025.11.13	01:59:04.992	0.92484	0.92492			6
2025.11.13	01:59:09.471	0.92485				2
2025.11.13	01:59:19.661	0.92482	0.92490			6
2025.11.13	01:59:36.431		0.92491			4
2025.11.13	01:59:39.197	0.92483	0.92490			6
2025.11.13	01:59:39.501	0.92481	0.92489			6
2025.11.13	02:00:00.319	0.92482				2
2025.11.13	02:00:03.934		0.92490			4
2025.11.13	02:00:04.330		0.92489			4
2025.11.13	02:00:05.470		0.92490			4
2025.11.13	02:00:07.516	0.92481	0.92491			6
2025.11.13	02:00:11.330		0.92489			4
2025.11.13	02:00:13.982		0.92490			4
2025.11.13	02:00:15.402	0.92482	0.92491			6
2025.11.13	02:00:15.858	0.92481	0.92490			6
2025.11.13	02:00:16.221	0.92482	0.92491			6
2025.11.13	02:00:25.175	0.92480	0.92489			6
2025.11.13	02:00:26.981	0.92481	0.92488			6
2025.11.13	02:00:30.335	0.92480				2
2025.11.13	02:00:32.449		0.92489			4
2025.11.13	02:00:40.645		0.92490			4
2025.11.13	02:00:41.996	0.92481				2
2025.11.13	02:00:43.008	0.92480	0.92489			6
2025.11.13	02:00:51.118		0.92490			4
2025.11.13	02:00:53.810		0.92489			4
2025.11.13	02:00:59.789		0.92490			4
2025.11.13	02:01:00.106	0.92480	0.92489			6
2025.11.13	02:01:03.036		0.92490			4
2025.11.13	02:01:03.478	0.92481	0.92491			6
2025.11.13	02:01:04.371		0.92490			4
2025.11.13	02:01:08.313		0.92488			4
2025.11.13	02:01:08.828		0.92489			4
2025.11.13	02:01:09.217		0.92488			4
2025.11.13	02:01:10.899	0.92480	0.92489			6
2025.11.13	02:01:14.380		0.92490			4
2025.11.13	02:01:14.802	0.92481	0.92491			6
2025.11.13	02:01:15.141	0.92483	0.92492			6
2025.11.13	02:01:17.942	0.92484	0.92493			6
2025.11.13	02:01:18.372		0.92494			4
2025.11.13	02:01:19.828	0.92483	0.92491			6
2025.11.13	02:01:20.607		0.92492			4
2025.11.13	02:01:21.421		0.92491			4
2025.11.13	02:01:28.896	0.92482				2
2025.11.13	02:01:30.411	0.92481				2
2025.11.13	02:01:31.677		0.92490			4
2025.11.13	02:01:32.818		0.92491			4
2025.11.13	02:01:37.285	0.92482				2
2025.11.13	02:01:37.605	0.92483	0.92492			6
2025.11.13	02:01:38.846	0.92482	0.92491			6
2025.11.13	02:01:40.853	0.92484	0.92492			6
2025.11.13	02:01:42.622		0.92491			4
2025.11.13	02:01:46.681		0.92493			4
2025.11.13	02:01:47.237	0.92483				2
2025.11.13	02:01:48.508		0.92492			4
2025.11.13	02:01:51.360	0.92484	0.92493			6
2025.11.13	02:01:53.787	0.92486	0.92495			6
2025.11.13	02:01:54.634		0.92494			4
2025.11.13	02:01:57.995	0.92484	0.92493			6
2025.11.13	02:01:59.897		0.92492			4
2025.11.13	02:02:00.203	0.92484				2
2025.11.13	02:02:00.558		0.92493			4
2025.11.13	02:02:00.865	0.92485	0.92494			6
2025.11.13	02:02:01.400	0.92484	0.92493			6
2025.11.13	02:02:02.267		0.92494			4
2025.11.13	02:02:02.661		0.92493			4
2025.11.13	02:02:03.981	0.92486	0.92495			6
2025.11.13	02:02:07.548		0.92494			4
2025.11.13	02:02:08.608		0.92493			4
2025.11.13	02:02:11.275		0.92494			4
2025.11.13	02:02:12.256		0.92493			4
2025.11.13	02:02:12.573		0.92494			4
2025.11.13	02:02:13.650	0.92484				2
2025.11.13	02:02:14.208		0.92492			4
2025.11.13	02:02:15.403	0.92483				2
2025.11.13	02:02:15.900	0.92486	0.92494			6
2025.11.13	02:02:16.212	0.92485	0.92495			6
2025.11.13	02:02:18.788	0.92486				2
2025.11.13	02:02:21.345	0.92487	0.92496			6
2025.11.13	02:02:21.694	0.92486	0.92495			6
2025.11.13	02:02:22.346	0.92485				2
2025.11.13	02:02:26.590	0.92488	0.92497			6
2025.11.13	02:02:27.265	0.92487	0.92495			6
2025.11.13	02:02:29.654		0.92496			4
2025.11.13	02:02:31.009		0.92495			4
2025.11.13	02:02:31.597		0.92496			4
2025.11.13	02:02:32.177		0.92495			4
2025.11.13	02:02:33.131		0.92496			4
2025.11.13	02:02:37.315	0.92488	0.92498			6
2025.11.13	02:02:39.354		0.92497			4
2025.11.13	02:02:41.244	0.92487				2
2025.11.13	02:02:44.856	0.92488	0.92498			6
2025.11.13	02:02:45.562		0.92497			4
2025.11.13	02:02:46.899		0.92498			4
2025.11.13	02:02:51.669	0.92487				2
2025.11.13	02:02:55.593		0.92497			4
2025.11.13	02:02:57.207	0.92488	0.92496			6
2025.11.13	02:02:58.450		0.92498			4
2025.11.13	02:03:00.446	0.92488	0.92497			6
2025.11.13	02:03:01.481		0.92496			4
2025.11.13	02:03:02.250		0.92495			4
2025.11.13	02:03:02.564		0.92496			4
2025.11.13	02:03:02.928		0.92497			4
2025.11.13	02:03:04.799	0.92486	0.92495			6
2025.11.13	02:03:05.725		0.92493			4
2025.11.13	02:03:06.470		0.92494			4
2025.11.13	02:03:08.279		0.92496			4
2025.11.13	02:03:11.385		0.92497			4
2025.11.13	02:03:15.934	0.92488				2
2025.11.13	02:03:16.344		0.92498			4
2025.11.13	02:03:26.111	0.92487	0.92497			6
2025.11.13	02:03:27.953	0.92488	0.92496			6
2025.11.13	02:03:30.410		0.92497			4
2025.11.13	02:03:35.064	0.92485	0.92494			6
2025.11.13	02:03:40.335	0.92484	0.92492			6
2025.11.13	02:03:42.423		0.92493			4
2025.11.13	02:03:46.464		0.92494			4
2025.11.13	02:03:54.940	0.92485				2
2025.11.13	02:03:55.627		0.92493			4
2025.11.13	02:03:57.378		0.92494			4
2025.11.13	02:04:00.560	0.92485	0.92495			6
2025.11.13	02:04:02.572		0.92494			4
2025.11.13	02:04:04.469		0.92495			4
2025.11.13	02:04:06.077	0.92486				2
2025.11.13	02:04:11.974	0.92487	0.92496			6
2025.11.13	02:04:17.099		0.92495			4
2025.11.13	02:04:21.974		0.92494			4
2025.11.13	02:04:22.972		0.92496			4
2025.11.13	02:04:28.291		0.92495			4
2025.11.13	02:04:29.021	0.92488	0.92498			6
2025.11.13	02:04:32.806	0.92486	0.92496			6
2025.11.13	02:04:34.142		0.92495			4
2025.11.13	02:04:34.908		0.92496			4
2025.11.13	02:04:36.007		0.92495			4
2025.11.13	02:04:37.357		0.92496			4
2025.11.13	02:04:39.300		0.92495			4
2025.11.13	02:04:39.638		0.92496			4
2025.11.13	02:04:43.886		0.92495			4
2025.11.13	02:04:45.642		0.92496			4
2025.11.13	02:04:49.656		0.92495			4
2025.11.13	02:04:51.727		0.92494			4
2025.11.13	02:04:52.451		0.92495			4
2025.11.13	02:04:55.331		0.92496			4
2025.11.13	02:04:57.527		0.92495			4
2025.11.13	02:05:00.195	0.92486				2
2025.11.13	02:05:02.425	0.92485				2
2025.11.13	02:05:02.778	0.92486				2
2025.11.13	02:05:03.274	0.92485				2
2025.11.13	02:05:05.308		0.92494			4
2025.11.13	02:05:30.396		0.92493			4
2025.11.13	02:05:32.017		0.92494			4
2025.11.13	02:05:33.080	0.92486				2
2025.11.13	02:05:33.663		0.92495			4
2025.11.13	02:05:34.454		0.92494			4
2025.11.13	02:05:36.347		0.92495			4
2025.11.13	02:05:37.588		0.92497			4
2025.11.13	02:05:40.030		0.92495			4
2025.11.13	02:05:58.355	0.92487	0.92497			6
2025.11.13	02:05:58.810	0.92486	0.92495			6
2025.11.13	02:05:59.809		0.92493			4
2025.11.13	02:06:00.133	0.92486	0.92494			6
2025.11.13	02:06:02.704		0.92495			4
2025.11.13	02:06:05.220	0.92487				2
2025.11.13	02:06:05.523		0.92497			4
2025.11.13	02:06:05.923		0.92496			4
2025.11.13	02:06:06.973		0.92495			4
2025.11.13	02:06:11.855	0.92485	0.92494			6
2025.11.13	02:06:12.892		0.92493			4
2025.11.13	02:06:13.204		0.92494			4
2025.11.13	02:06:14.259		0.92493			4
2025.11.13	02:06:15.105		0.92494			4
2025.11.13	02:06:19.096		0.92493			4
2025.11.13	02:06:20.243		0.92494			4
2025.11.13	02:06:21.272		0.92495			4
2025.11.13	02:06:21.662		0.92494			4
2025.11.13	02:06:30.565		0.92495			4
2025.11.13	02:06:31.527		0.92494			4
2025.11.13	02:06:33.510		0.92495			4
2025.11.13	02:06:33.832		0.92494			4
2025.11.13	02:06:34.625	0.92482	0.92492			6
2025.11.13	02:06:38.984		0.92490			4
2025.11.13	02:06:39.684		0.92491			4
2025.11.13	02:06:44.008	0.92483	0.92492			6
2025.11.13	02:06:44.730	0.92482	0.92494			6
2025.11.13	02:06:45.069		0.92493			4
2025.11.13	02:06:48.134	0.92483				2
2025.11.13	02:06:51.217	0.92484	0.92494			6
2025.11.13	02:06:55.380		0.92493			4
2025.11.13	02:07:00.171	0.92484				2
2025.11.13	02:07:03.264	0.92485				2
2025.11.13	02:07:04.365		0.92494			4
2025.11.13	02:07:15.203	0.92486				2
2025.11.13	02:07:23.233		0.92495			4
2025.11.13	02:07:38.489	0.92484	0.92490			6
2025.11.13	02:07:38.834		0.92495			4
2025.11.13	02:07:39.156	0.92485	0.92494			6
2025.11.13	02:07:39.482	0.92482	0.92493			6
2025.11.13	02:07:39.881		0.92491			4
2025.11.13	02:07:40.256	0.92481	0.92492			6
2025.11.13	02:07:40.577	0.92482				2
2025.11.13	02:07:41.152	0.92483				2
2025.11.13	02:07:42.377		0.92493			4
2025.11.13	02:07:42.980	0.92482	0.92492			6
2025.11.13	02:07:43.768		0.92493			4
2025.11.13	02:07:45.611		0.92492			4
2025.11.13	02:07:50.820	0.92481	0.92491			6
2025.11.13	02:07:53.606	0.92480	0.92490			6
2025.11.13	02:07:58.748	0.92481				2
2025.11.13	02:07:59.755	0.92482	0.92491			6
2025.11.13	02:08:00.266	0.92482				2
2025.11.13	02:08:00.624	0.92481	0.92490			6
2025.11.13	02:08:00.971	0.92480				2
2025.11.13	02:08:04.679		0.92489			4
2025.11.13	02:08:07.283		0.92490			4
2025.11.13	02:08:11.358	0.92481	0.92491			6
2025.11.13	02:08:14.521	0.92482	0.92492			6
2025.11.13	02:08:15.691		0.92491			4
2025.11.13	02:08:16.389	0.92483				2
2025.11.13	02:08:19.320	0.92482				2
2025.11.13	02:08:19.892		0.92492			4
2025.11.13	02:08:20.447		0.92491			4
2025.11.13	02:08:29.373	0.92483	0.92492			6
2025.11.13	02:08:31.624		0.92493			4
2025.11.13	02:08:35.969	0.92482	0.92491			6
2025.11.13	02:08:41.192		0.92492			4
2025.11.13	02:08:45.660	0.92481				2
2025.11.13	02:08:47.969		0.92491			4
2025.11.13	02:08:49.206		0.92492			4
2025.11.13	02:08:49.843		0.92491			4
2025.11.13	02:08:52.491	0.92482				2
2025.11.13	02:09:00.425	0.92481				2
2025.11.13	02:09:03.390	0.92482				2
2025.11.13	02:09:05.778	0.92481				2
2025.11.13	02:09:06.852	0.92482				2
2025.11.13	02:09:11.108		0.92492			4
2025.11.13	02:09:14.198	0.92485	0.92494			6
2025.11.13	02:09:15.941	0.92486	0.92495			6
2025.11.13	02:09:16.790	0.92485				2
2025.11.13	02:09:19.977	0.92486				2
2025.11.13	02:09:24.082	0.92487	0.92496			6
2025.11.13	02:09:25.421	0.92485	0.92494			6
2025.11.13	02:09:26.416		0.92493			4
2025.11.13	02:09:26.721		0.92494			4
2025.11.13	02:09:27.047		0.92495			4
2025.11.13	02:09:27.851	0.92484	0.92494			6
2025.11.13	02:09:30.434	0.92483	0.92492			6
2025.11.13	02:09:30.798	0.92484				2
2025.11.13	02:09:31.252	0.92483				2
2025.11.13	02:09:31.711	0.92484				2
2025.11.13	02:09:32.019	0.92483	0.92493			6
2025.11.13	02:09:33.047	0.92484				2
2025.11.13	02:09:39.399	0.92483				2
2025.11.13	02:09:43.899	0.92484				2
2025.11.13	02:09:50.674	0.92483				2
2025.11.13	02:09:52.362	0.92484				2
2025.11.13	02:09:54.643	0.92488	0.92497			6
2025.11.13	02:09:58.853	0.92487	0.92496			6
2025.11.13	02:10:00.095	0.92487				2
2025.11.13	02:10:01.023		0.92497			4
2025.11.13	02:10:04.069		0.92496			4
2025.11.13	02:10:07.664	0.92488	0.92497			6
2025.11.13	02:10:25.879	0.92489	0.92498			6
2025.11.13	02:10:29.877	0.92487	0.92497			6
2025.11.13	02:10:31.405		0.92496			4
2025.11.13	02:10:32.218	0.92488	0.92498			6
2025.11.13	02:10:33.292		0.92497			4
2025.11.13	02:10:34.429		0.92498			4
2025.11.13	02:10:48.138	0.92487	0.92497			6
2025.11.13	02:10:54.119		0.92496			4
2025.11.13	02:10:55.311		0.92498			4
2025.11.13	02:11:00.435	0.92487	0.92496			6
2025.11.13	02:11:03.267	0.92486	0.92495			6
2025.11.13	02:11:04.960	0.92487	0.92496			6
2025.11.13	02:11:05.365		0.92497			4
2025.11.13	02:11:05.938	0.92485	0.92496			6
2025.11.13	02:11:06.323	0.92486				2
2025.11.13	02:11:11.798	0.92487				2
2025.11.13	02:11:16.156	0.92486				2
2025.11.13	02:11:35.729	0.92487				2
2025.11.13	02:11:39.535	0.92488				2
2025.11.13	02:11:42.981	0.92487	0.92498			6
2025.11.13	02:11:44.693	0.92486				2
2025.11.13	02:11:47.018		0.92497			4
2025.11.13	02:11:50.107		0.92496			4
2025.11.13	02:11:58.332	0.92485	0.92495			6
2025.11.13	02:12:00.423	0.92484				2
2025.11.13	02:12:05.012	0.92483	0.92494			6
2025.11.13	02:12:09.779	0.92484				2
2025.11.13	02:12:22.320	0.92485				2
2025.11.13	02:12:25.525	0.92484	0.92492			6
2025.11.13	02:12:25.923	0.92483	0.92493			6
2025.11.13	02:12:38.926	0.92482				2
2025.11.13	02:12:47.112	0.92483				2
2025.11.13	02:13:00.356	0.92481	0.92492			6
2025.11.13	02:13:07.611	0.92482	0.92491			6
2025.11.13	02:13:08.857	0.92478	0.92489			6
2025.11.13	02:13:14.660	0.92480	0.92490			6
2025.11.13	02:13:24.559	0.92481				2
2025.11.13	02:13:26.835	0.92480				2
2025.11.13	02:13:27.169	0.92481				2
2025.11.13	02:13:37.476	0.92479	0.92488			6
2025.11.13	02:13:41.173	0.92478	0.92489			6
2025.11.13	02:13:43.057	0.92480	0.92490			6
2025.11.13	02:13:43.697	0.92481	0.92491			6
2025.11.13	02:13:44.955	0.92480				2
2025.11.13	02:13:47.689		0.92490			4
2025.11.13	02:13:51.791	0.92479				2
2025.11.13	02:13:55.969		0.92489			4
2025.11.13	02:13:58.380	0.92481	0.92492			6
2025.11.13	02:14:00.225	0.92481	0.92489			6
2025.11.13	02:14:00.904	0.92479	0.92488			6
2025.11.13	02:14:01.219	0.92478	0.92489			6
2025.11.13	02:14:02.470	0.92479	0.92490			6
2025.11.13	02:14:06.915	0.92480				2
2025.11.13	02:14:22.226		0.92489			4
2025.11.13	02:14:22.669		0.92488			4
2025.11.13	02:14:23.296		0.92489			4
2025.11.13	02:14:23.945		0.92490			4
2025.11.13	02:14:26.446	0.92482				2
2025.11.13	02:14:26.859		0.92492			4
2025.11.13	02:14:27.553		0.92490			4
2025.11.13	02:14:27.896	0.92480	0.92489			6
2025.11.13	02:14:31.954	0.92479				2
2025.11.13	02:14:33.380		0.92490			4
2025.11.13	02:14:36.276	0.92480				2
2025.11.13	02:14:58.898		0.92489			4
2025.11.13	02:15:00.306	0.92480	0.92490			6
2025.11.13	02:15:01.566	0.92478	0.92487			6
2025.11.13	02:15:02.706		0.92488			4
2025.11.13	02:15:05.068		0.92487			4
2025.11.13	02:15:07.036	0.92480	0.92490			6
2025.11.13	02:15:07.673		0.92489			4
2025.11.13	02:15:08.438		0.92487			4
2025.11.13	02:15:08.790		0.92489			4
2025.11.13	02:15:11.808		0.92488			4
2025.11.13	02:15:12.506	0.92479	0.92487			6
2025.11.13	02:15:13.166	0.92478				2
2025.11.13	02:15:18.225	0.92477	0.92488			6
2025.11.13	02:15:18.667	0.92478				2
2025.11.13	02:15:23.024	0.92479	0.92489			6
2025.11.13	02:15:24.142		0.92490			4
2025.11.13	02:15:24.458		0.92489			4
2025.11.13	02:15:25.358		0.92490			4
2025.11.13	02:15:25.708		0.92489			4
2025.11.13	02:15:26.600	0.92480				2
2025.11.13	02:15:28.288		0.92490			4
2025.11.13	02:15:28.622	0.92481				2
2025.11.13	02:15:29.841		0.92489			4
2025.11.13	02:15:32.586	0.92480	0.92490			6
2025.11.13	02:15:35.154	0.92481				2
2025.11.13	02:15:37.047	0.92480				2
2025.11.13	02:15:43.064		0.92489			4
2025.11.13	02:15:44.477		0.92490			4
2025.11.13	02:15:52.118		0.92489			4
2025.11.13	02:15:54.520	0.92479				2
2025.11.13	02:15:54.826	0.92480				2
2025.11.13	02:15:55.331		0.92490			4
2025.11.13	02:15:56.831	0.92477	0.92487			6
2025.11.13	02:15:57.199		0.92486			4
2025.11.13	02:16:00.434	0.92477				2
2025.11.13	02:16:02.552	0.92475	0.92484			6
2025.11.13	02:16:03.053	0.92474	0.92482			6
2025.11.13	02:16:03.781	0.92473	0.92481			6
2025.11.13	02:16:04.186		0.92483			4
2025.11.13	02:16:04.822		0.92482			4
2025.11.13	02:16:05.339		0.92483			4
2025.11.13	02:16:06.683		0.92484			4
2025.11.13	02:16:08.674		0.92483			4
2025.11.13	02:16:09.151	0.92471				2
2025.11.13	02:16:09.584	0.92473				2
2025.11.13	02:16:23.900		0.92484			4
2025.11.13	02:16:26.223		0.92483			4
2025.11.13	02:16:27.987		0.92482			4
2025.11.13	02:16:30.024	0.92472				2
2025.11.13	02:16:33.351	0.92471				2
2025.11.13	02:16:33.742	0.92470	0.92481			6
2025.11.13	02:16:36.856	0.92471				2
2025.11.13	02:16:38.177	0.92470	0.92480			6
2025.11.13	02:16:39.067		0.92481			4
2025.11.13	02:16:39.912	0.92471	0.92480			6
2025.11.13	02:16:43.973	0.92470				2
2025.11.13	02:16:44.355	0.92468	0.92475			6
2025.11.13	02:16:44.664	0.92469	0.92480			6
2025.11.13	02:16:57.932		0.92479			4
2025.11.13	02:17:00.315	0.92469				2
2025.11.13	02:17:02.837		0.92478			4
2025.11.13	02:17:04.665	0.92470	0.92479			6
2025.11.13	02:17:06.235		0.92478			4
2025.11.13	02:17:06.793		0.92479			4
2025.11.13	02:17:12.009		0.92480			4
2025.11.13	02:17:12.427		0.92479			4
2025.11.13	02:17:17.083		0.92480			4
2025.11.13	02:17:17.787		0.92479			4
2025.11.13	02:17:18.541		0.92480			4
2025.11.13	02:17:19.673		0.92479			4
2025.11.13	02:17:25.442		0.92480			4
2025.11.13	02:17:25.995		0.92479			4
2025.11.13	02:17:29.555		0.92477			4
2025.11.13	02:17:31.216	0.92469				2
2025.11.13	02:17:32.097		0.92476			4
2025.11.13	02:17:33.789	0.92468	0.92477			6
2025.11.13	02:17:34.332	0.92469				2
2025.11.13	02:17:45.077		0.92478			4
2025.11.13	02:17:45.574		0.92477			4
2025.11.13	02:17:53.998		0.92478			4
2025.11.13	02:17:55.296		0.92477			4
2025.11.13	02:17:55.874	0.92470				2
2025.11.13	02:17:56.792		0.92478			4
2025.11.13	02:17:57.600		0.92477			4
2025.11.13	02:17:58.857	0.92469	0.92478			6
2025.11.13	02:17:59.982	0.92470				2
2025.11.13	02:18:00.928	0.92470				2
2025.11.13	02:18:09.231		0.92477			4
2025.11.13	02:18:10.991		0.92478			4
2025.11.13	02:18:17.523	0.92471				2
2025.11.13	02:18:18.547		0.92477			4
2025.11.13	02:18:18.873		0.92478			4
2025.11.13	02:18:19.825		0.92477			4
2025.11.13	02:18:22.205		0.92478			4
2025.11.13	02:18:22.531	0.92470				2
2025.11.13	02:18:29.336	0.92471				2
2025.11.13	02:18:33.852		0.92477			4
2025.11.13	02:18:36.223		0.92478			4
2025.11.13	02:18:37.737	0.92470				2
2025.11.13	02:18:39.280		0.92476			4
2025.11.13	02:18:44.218	0.92469				2
2025.11.13	02:18:44.966		0.92475			4
2025.11.13	02:18:45.297	0.92467	0.92474			6
2025.11.13	02:18:46.312	0.92468				2
2025.11.13	02:18:49.398	0.92467	0.92473			6
2025.11.13	02:18:56.588		0.92474			4
2025.11.13	02:19:00.088	0.92467				2
2025.11.13	02:19:03.353		0.92475			4
2025.11.13	02:19:04.449		0.92474			4
2025.11.13	02:19:16.344	0.92465	0.92473			6
2025.11.13	02:19:18.676	0.92466	0.92474			6
2025.11.13	02:19:21.267		0.92473			4
2025.11.13	02:19:21.963		0.92472			4
2025.11.13	02:19:25.876		0.92473			4
2025.11.13	02:19:28.968		0.92472			4
2025.11.13	02:19:29.608		0.92473			4
2025.11.13	02:19:41.047		0.92472			4
2025.11.13	02:19:49.968		0.92473			4
2025.11.13	02:19:52.723	0.92465	0.92472			6
2025.11.13	02:19:57.226	0.92466	0.92473			6
2025.11.13	02:19:57.651		0.92472			4
2025.11.13	02:20:00.490	0.92466				2
2025.11.13	02:20:01.973	0.92465	0.92473			6
2025.11.13	02:20:10.263		0.92472			4
2025.11.13	02:20:10.661		0.92473			4
2025.11.13	02:20:11.897		0.92472			4
2025.11.13	02:20:12.634	0.92464	0.92471			6
2025.11.13	02:20:14.639	0.92465				2
2025.11.13	02:20:15.459	0.92464				2
2025.11.13	02:20:16.179	0.92465				2
2025.11.13	02:20:16.981	0.92464				2
2025.11.13	02:20:20.441	0.92465	0.92472			6
2025.11.13	02:20:21.165		0.92471			4
2025.11.13	02:20:23.157		0.92472			4
2025.11.13	02:20:25.788		0.92471			4
2025.11.13	02:20:27.780		0.92472			4
2025.11.13	02:20:30.141		0.92471			4
2025.11.13	02:20:33.066		0.92472			4
2025.11.13	02:20:36.559	0.92464				2
2025.11.13	02:20:37.913	0.92473	0.92480			6
2025.11.13	02:20:38.266	0.92474				2
2025.11.13	02:20:38.698	0.92473				2
2025.11.13	02:20:39.398	0.92474				2
2025.11.13	02:20:45.393	0.92473	0.92481			6
2025.11.13	02:20:47.072	0.92472				2
2025.11.13	02:20:47.568	0.92474				2
2025.11.13	02:20:52.969	0.92472				2
2025.11.13	02:20:53.590	0.92470	0.92480			6
2025.11.13	02:20:54.855	0.92473				2
2025.11.13	02:20:55.907	0.92472	0.92481			6
2025.11.13	02:20:56.725	0.92473				2
2025.11.13	02:21:00.316	0.92473				2
2025.11.13	02:21:00.674	0.92472				2
2025.11.13	02:21:01.016	0.92473				2
2025.11.13	02:21:21.305	0.92474	0.92482			6
2025.11.13	02:21:32.962		0.92481			4
2025.11.13	02:21:34.767	0.92473	0.92482			6
2025.11.13	02:21:52.459	0.92474				2
2025.11.13	02:22:00.590	0.92475				2
2025.11.13	02:22:00.899	0.92473	0.92483			6
2025.11.13	02:22:01.613	0.92474				2
2025.11.13	02:22:07.968	0.92475				2
2025.11.13	02:22:08.669	0.92474				2
2025.11.13	02:22:09.042	0.92475				2
2025.11.13	02:22:11.420	0.92477	0.92484			6
2025.11.13	02:22:19.544	0.92476				2
2025.11.13	02:22:25.583		0.92485			4
2025.11.13	02:22:26.663	0.92477				2
2025.11.13	02:22:38.964	0.92476				2
2025.11.13	02:22:42.057	0.92478	0.92486			6
2025.11.13	02:22:52.210	0.92477	0.92482			6
2025.11.13	02:22:52.531	0.92478	0.92486			6
2025.11.13	02:22:53.663		0.92484			4
2025.11.13	02:22:58.970		0.92485			4
2025.11.13	02:23:00.317	0.92478				2
2025.11.13	02:23:02.155	0.92477				2
2025.11.13	02:23:02.656	0.92478	0.92484			6
2025.11.13	02:23:13.915	0.92477	0.92485			6
2025.11.13	02:23:14.582	0.92478				2
2025.11.13	02:23:15.526	0.92477	0.92486			6
2025.11.13	02:23:18.849		0.92483			4
2025.11.13	02:23:19.178		0.92485			4
2025.11.13	02:23:19.501	0.92478	0.92486			6
2025.11.13	02:23:20.943	0.92477	0.92485			6
2025.11.13	02:23:21.599	0.92479				2
2025.11.13	02:23:27.328		0.92486			4
2025.11.13	02:23:30.149	0.92478				2
2025.11.13	02:23:30.473	0.92479				2
2025.11.13	02:23:41.081	0.92480	0.92487			6
2025.11.13	02:23:41.986	0.92478				2
2025.11.13	02:23:42.438	0.92480				2
2025.11.13	02:23:43.314		0.92486			4
2025.11.13	02:23:44.428	0.92478				2
2025.11.13	02:23:44.754	0.92477				2
2025.11.13	02:23:46.765	0.92479				2
2025.11.13	02:23:50.018	0.92480	0.92487			6
2025.11.13	02:23:55.548		0.92489			4
2025.11.13	02:23:56.731		0.92487			4
2025.11.13	02:24:01.036	0.92480	0.92488			6
2025.11.13	02:24:03.674		0.92486			4
2025.11.13	02:24:04.342		0.92487			4
2025.11.13	02:24:05.901	0.92471	0.92478			6
2025.11.13	02:24:06.847	0.92472	0.92479			6
2025.11.13	02:24:07.191		0.92480			4
2025.11.13	02:24:12.756	0.92471	0.92478			6
2025.11.13	02:24:15.572		0.92477			4
2025.11.13	02:24:19.716	0.92469	0.92476			6
2025.11.13	02:24:20.962	0.92468	0.92475			6
2025.11.13	02:24:30.270		0.92474			4
2025.11.13	02:24:31.263	0.92470	0.92477			6
2025.11.13	02:24:40.650	0.92468				2
2025.11.13	02:24:40.972		0.92475			4
2025.11.13	02:24:45.435	0.92467				2
2025.11.13	02:24:51.263	0.92466	0.92474			6
2025.11.13	02:24:53.322	0.92468				2
2025.11.13	02:25:00.708	0.92467	0.92475			6
2025.11.13	02:25:01.268	0.92466	0.92474			6
2025.11.13	02:25:01.591	0.92464	0.92473			6
2025.11.13	02:25:02.355	0.92465	0.92474			6
2025.11.13	02:25:04.063	0.92467	0.92475			6
2025.11.13	02:25:04.372	0.92468				2
2025.11.13	02:25:07.944	0.92467				2
2025.11.13	02:25:09.901		0.92474			4
2025.11.13	02:25:10.689	0.92468	0.92476			6
2025.11.13	02:25:13.882	0.92470	0.92477			6
2025.11.13	02:25:14.398	0.92469				2
2025.11.13	02:25:14.992	0.92470				2
2025.11.13	02:25:16.871	0.92469				2
2025.11.13	02:25:27.443		0.92478			4
2025.11.13	02:25:32.176	0.92470				2
2025.11.13	02:25:53.301	0.92471				2
2025.11.13	02:25:53.773	0.92470				2
2025.11.13	02:25:55.705	0.92469	0.92479			6
2025.11.13	02:25:56.048	0.92470	0.92478			6
2025.11.13	02:26:01.000	0.92470				2
2025.11.13	02:26:04.864		0.92479			4
2025.11.13	02:26:07.988	0.92471	0.92478			6
2025.11.13	02:26:09.622	0.92470				2
2025.11.13	02:26:14.633		0.92477			4
2025.11.13	02:26:16.031	0.92469	0.92479			6
2025.11.13	02:26:24.910	0.92470	0.92478			6
2025.11.13	02:26:34.082		0.92479			4
2025.11.13	02:26:40.650	0.92471	0.92478			6
2025.11.13	02:26:43.697	0.92470				2
2025.11.13	02:26:43.998	0.92467	0.92476			6
2025.11.13	02:27:02.842	0.92467	0.92475			6
2025.11.13	02:27:15.962	0.92466	0.92476			6
2025.11.13	02:27:23.264	0.92465	0.92475			6
2025.11.13	02:27:37.472	0.92466	0.92473			6
2025.11.13	02:27:40.318	0.92465	0.92474			6
2025.11.13	02:27:40.645	0.92466	0.92473			6
2025.11.13	02:27:40.980		0.92472			4
2025.11.13	02:27:49.310		0.92473			4
2025.11.13	02:27:49.621	0.92465				2
2025.11.13	02:27:52.413	0.92464				2
2025.11.13	02:28:00.317	0.92464				2
2025.11.13	02:28:04.669	0.92465	0.92472			6
2025.11.13	02:28:09.941	0.92466	0.92473			6
2025.11.13	02:28:10.965	0.92467				2
2025.11.13	02:28:12.544	0.92466				2
2025.11.13	02:28:17.132	0.92463	0.92472			6
2025.11.13	02:28:17.744	0.92464				2
2025.11.13	02:28:19.414	0.92462				2
2025.11.13	02:28:19.725		0.92471			4
2025.11.13	02:28:22.521	0.92463				2
2025.11.13	02:28:25.354	0.92462				2
2025.11.13	02:28:28.087		0.92472			4
2025.11.13	02:28:29.122	0.92464	0.92471			6
2025.11.13	02:28:30.355	0.92465				2
2025.11.13	02:28:33.474	0.92464				2
2025.11.13	02:28:43.320	0.92460	0.92468			6
2025.11.13	02:29:00.473	0.92461				2
2025.11.13	02:29:00.945	0.92460				2
2025.11.13	02:29:07.517	0.92462	0.92471			6
2025.11.13	02:29:15.971	0.92463	0.92470			6
2025.11.13	02:29:24.164	0.92462	0.92471			6
2025.11.13	02:29:24.553		0.92469			4
2025.11.13	02:29:24.858		0.92471			4
2025.11.13	02:29:25.158		0.92468			4
2025.11.13	02:29:25.460		0.92470			4
2025.11.13	02:29:26.057		0.92471			4
2025.11.13	02:29:26.365		0.92469			4
2025.11.13	02:29:26.667		0.92471			4
2025.11.13	02:29:27.591		0.92469			4
2025.11.13	02:29:27.898		0.92471			4
2025.11.13	02:29:28.802	0.92463	0.92470			6
2025.11.13	02:29:29.120	0.92462				2
2025.11.13	02:29:30.572	0.92463				2
2025.11.13	02:29:31.131	0.92461				2
2025.11.13	02:29:34.945	0.92462				2
2025.11.13	02:29:43.969	0.92463				2
2025.11.13	02:29:58.347		0.92469			4
2025.11.13	02:30:00.410	0.92463				2
2025.11.13	02:30:00.719	0.92464	0.92470			6
2025.11.13	02:30:01.029		0.92471			4
2025.11.13	02:30:01.432	0.92465				2
2025.11.13	02:30:01.777	0.92462	0.92470			6
2025.11.13	02:30:02.153	0.92463				2
2025.11.13	02:30:03.082		0.92469			4
2025.11.13	02:30:03.423	0.92466	0.92472			6
2025.11.13	02:30:03.727		0.92473			4
2025.11.13	02:30:04.045	0.92468	0.92474			6
2025.11.13	02:30:04.676		0.92475			4
2025.11.13	02:30:04.983	0.92469	0.92477			6
2025.11.13	02:30:05.611	0.92470	0.92478			6
2025.11.13	02:30:05.921	0.92469	0.92477			6
2025.11.13	02:30:06.553	0.92471	0.92478			6
2025.11.13	02:30:08.352		0.92480			4
2025.11.13	02:30:08.661	0.92472	0.92481			6
2025.11.13	02:30:09.140	0.92473				2
2025.11.13	02:30:10.207		0.92482			4
2025.11.13	02:30:10.519	0.92470	0.92479			6
2025.11.13	02:30:10.822	0.92469				2
2025.11.13	02:30:11.144	0.92471				2
2025.11.13	02:30:11.460	0.92473	0.92481			6
2025.11.13	02:30:11.787	0.92471	0.92479			6
2025.11.13	02:30:12.349	0.92468	0.92476			6
2025.11.13	02:30:12.663	0.92470	0.92478			6
2025.11.13	02:30:12.970	0.92469	0.92477			6
2025.11.13	02:30:13.339	0.92471	0.92479			6
2025.11.13	02:30:14.751		0.92480			4
2025.11.13	02:30:15.774	0.92470				2
2025.11.13	02:30:17.020	0.92471				2
2025.11.13	02:30:17.940	0.92470				2
2025.11.13	02:30:18.248	0.92472				2
2025.11.13	02:30:18.636	0.92474				2
2025.11.13	02:30:19.352	0.92472				2
2025.11.13	02:30:19.865	0.92474	0.92482			6
2025.11.13	02:30:21.084	0.92475				2
2025.11.13	02:30:21.407	0.92472				2
2025.11.13	02:30:21.913	0.92470	0.92480			6
2025.11.13	02:30:22.220	0.92472	0.92481			6
2025.11.13	02:30:22.528	0.92473	0.92482			6
2025.11.13	02:30:22.830	0.92474	0.92481			6
2025.11.13	02:30:23.142		0.92482			4
2025.11.13	02:30:24.248	0.92473	0.92481			6
2025.11.13	02:30:24.809	0.92472				2
2025.11.13	02:30:25.121	0.92474	0.92482			6
2025.11.13	02:30:26.139	0.92472	0.92481			6
2025.11.13	02:30:26.635	0.92473	0.92482			6
2025.11.13	02:30:28.021	0.92475				2
2025.11.13	02:30:30.782		0.92481			4
2025.11.13	02:30:31.450	0.92474	0.92480			6
2025.11.13	02:30:31.811	0.92472	0.92479			6
2025.11.13	02:30:32.508	0.92473	0.92480			6
2025.11.13	02:30:33.075	0.92474	0.92481			6
2025.11.13	02:30:33.887	0.92473	0.92482			6
2025.11.13	02:30:34.202	0.92472	0.92484			6
2025.11.13	02:30:34.527	0.92474	0.92483			6
2025.11.13	02:30:35.440	0.92472	0.92482			6
2025.11.13	02:30:36.293	0.92474	0.92483			6
2025.11.13	02:30:36.675	0.92476	0.92485			6
2025.11.13	02:30:39.470	0.92473	0.92482			6
2025.11.13	02:30:39.780	0.92470	0.92479			6
2025.11.13	02:30:40.110	0.92469				2
2025.11.13	02:30:40.994	0.92471	0.92482			6
2025.11.13	02:30:41.331	0.92472				2
2025.11.13	02:30:43.036	0.92470	0.92479			6
2025.11.13	02:30:43.501	0.92471				2
2025.11.13	02:30:44.719	0.92470				2
2025.11.13	02:30:45.432	0.92469				2
2025.11.13	02:30:46.067	0.92474	0.92482			6
2025.11.13	02:30:46.428		0.92483			4
2025.11.13	02:30:47.598	0.92475	0.92484			6
2025.11.13	02:30:47.917	0.92476	0.92483			6
2025.11.13	02:30:48.644	0.92474	0.92484			6
2025.11.13	02:30:49.281	0.92473	0.92483			6
2025.11.13	02:30:51.403	0.92472				2
2025.11.13	02:30:53.414	0.92473				2
2025.11.13	02:30:55.211	0.92476	0.92484			6
2025.11.13	02:30:55.818	0.92477	0.92485			6
2025.11.13	02:30:56.226	0.92476				2
2025.11.13	02:30:56.540	0.92473	0.92484			6
2025.11.13	02:30:57.406	0.92474	0.92483			6
2025.11.13	02:30:58.251	0.92473	0.92484			6
2025.11.13	02:30:58.807	0.92475	0.92485			6
2025.11.13	02:30:59.499	0.92476				2
2025.11.13	02:31:00.366	0.92476				2
2025.11.13	02:31:00.688	0.92475				2
2025.11.13	02:31:01.041	0.92474				2
2025.11.13	02:31:01.420	0.92475				2
2025.11.13	02:31:02.001	0.92474	0.92482			6
2025.11.13	02:31:02.669		0.92483			4
2025.11.13	02:31:04.343		0.92484			4
2025.11.13	02:31:04.756	0.92473	0.92483			6
2025.11.13	02:31:05.463	0.92475				2
2025.11.13	02:31:05.781	0.92476	0.92484			6
2025.11.13	02:31:06.940	0.92475	0.92483			6
2025.11.13	02:31:07.714		0.92482			4
2025.11.13	02:31:08.769		0.92483			4
2025.11.13	02:31:09.362	0.92476	0.92481			6
2025.11.13	02:31:09.691	0.92472	0.92479			6
2025.11.13	02:31:10.634		0.92480			4
2025.11.13	02:31:11.093	0.92473	0.92479			6
2025.11.13	02:31:11.482	0.92474	0.92478			6
2025.11.13	02:31:11.899	0.92475				2
2025.11.13	02:31:13.143		0.92479			4
2025.11.13	02:31:14.021	0.92474	0.92480			6
2025.11.13	02:31:14.329	0.92472	0.92479			6
2025.11.13	02:31:14.677	0.92473	0.92480			6
2025.11.13	02:31:14.992	0.92474				2
2025.11.13	02:31:15.812		0.92479			4
2025.11.13	02:31:16.973	0.92473				2
2025.11.13	02:31:18.980		0.92482			4
2025.11.13	02:31:21.362	0.92474				2
2025.11.13	02:31:21.698	0.92473				2
2025.11.13	02:31:22.140	0.92474				2
2025.11.13	02:31:23.194	0.92475	0.92483			6
2025.11.13	02:31:23.877		0.92484			4
2025.11.13	02:31:24.193		0.92483			4
2025.11.13	02:31:24.509		0.92484			4
2025.11.13	02:31:28.532		0.92483			4
2025.11.13	02:31:29.093	0.92473	0.92481			6
2025.11.13	02:31:29.424	0.92472	0.92482			6
2025.11.13	02:31:30.307	0.92473				2
2025.11.13	02:31:31.378	0.92472	0.92483			6
2025.11.13	02:31:31.958		0.92482			4
2025.11.13	02:31:33.095	0.92474	0.92483			6
2025.11.13	02:31:34.207		0.92484			4
2025.11.13	02:31:35.631	0.92473	0.92482			6
2025.11.13	02:31:37.774	0.92474	0.92483			6
2025.11.13	02:31:40.706		0.92481			4
2025.11.13	02:31:41.017	0.92471	0.92480			6
2025.11.13	02:31:41.320	0.92472				2
2025.11.13	02:31:41.626	0.92475	0.92483			6
2025.11.13	02:31:45.117	0.92473	0.92482			6
2025.11.13	02:31:45.924		0.92481			4
2025.11.13	02:31:48.190	0.92470	0.92479			6
2025.11.13	02:31:51.543		0.92480			4
2025.11.13	02:31:51.847	0.92471				2
2025.11.13	02:31:52.345	0.92470	0.92478			6
2025.11.13	02:31:53.306		0.92479			4
2025.11.13	02:31:54.152	0.92471	0.92480			6
2025.11.13	02:31:56.948	0.92470	0.92481			6
2025.11.13	02:31:57.250	0.92472	0.92480			6
2025.11.13	02:31:57.603	0.92470	0.92481			6
2025.11.13	02:31:57.924		0.92480			4
2025.11.13	02:31:59.042		0.92479			4
2025.11.13	02:32:00.447	0.92471				2
2025.11.13	02:32:00.751	0.92469	0.92478			6
2025.11.13	02:32:02.240	0.92470				2
2025.11.13	02:32:02.581	0.92471	0.92479			6
2025.11.13	02:32:02.888		0.92478			4
2025.11.13	02:32:05.736	0.92472				2
2025.11.13	02:32:06.510	0.92471				2
2025.11.13	02:32:07.295	0.92470	0.92477			6
2025.11.13	02:32:07.911	0.92471	0.92478			6
2025.11.13	02:32:09.901	0.92470	0.92476			6
2025.11.13	02:32:10.748	0.92471	0.92477			6
2025.11.13	02:32:11.482	0.92470				2
2025.11.13	02:32:13.171		0.92476			4
2025.11.13	02:32:13.798	0.92471	0.92475			6
2025.11.13	02:32:14.102		0.92476			4
2025.11.13	02:32:15.163		0.92477			4
2025.11.13	02:32:17.813	0.92470				2
2025.11.13	02:32:18.121	0.92472	0.92479			6
2025.11.13	02:32:18.828	0.92474				2
2025.11.13	02:32:20.636	0.92471	0.92477			6
2025.11.13	02:32:24.274	0.92472				2
2025.11.13	02:32:24.929	0.92473				2
2025.11.13	02:32:25.416	0.92470				2
2025.11.13	02:32:25.718	0.92471				2
2025.11.13	02:32:35.991	0.92470	0.92476			6
2025.11.13	02:32:37.027	0.92472	0.92478			6
2025.11.13	02:32:38.846	0.92468	0.92476			6
2025.11.13	02:32:39.148	0.92466	0.92474			6
2025.11.13	02:32:39.460	0.92464	0.92471			6
2025.11.13	02:32:39.790	0.92461	0.92469			6
2025.11.13	02:32:40.101	0.92462				2
2025.11.13	02:32:40.423	0.92461				2
2025.11.13	02:32:41.060	0.92460	0.92467			6
2025.11.13	02:32:41.363		0.92466			4
2025.11.13	02:32:42.043		0.92465			4
2025.11.13	02:32:42.359	0.92457	0.92464			6
2025.11.13	02:32:42.683		0.92463			4
2025.11.13	02:32:42.987	0.92456	0.92462			6
2025.11.13	02:32:43.615	0.92458	0.92465			6
2025.11.13	02:32:43.941	0.92456	0.92462			6
2025.11.13	02:32:44.270	0.92454	0.92460			6
2025.11.13	02:32:44.580	0.92455	0.92463			6
2025.11.13	02:32:44.895		0.92461			4
2025.11.13	02:32:45.232		0.92462			4
2025.11.13	02:32:45.788	0.92459	0.92466			6
2025.11.13	02:32:46.113	0.92460	0.92467			6
2025.11.13	02:32:46.640	0.92462	0.92468			6
2025.11.13	02:32:47.030	0.92457	0.92465			6
2025.11.13	02:32:47.361	0.92458	0.92464			6
2025.11.13	02:32:47.747		0.92465			4
2025.11.13	02:32:48.753	0.92462	0.92468			6
2025.11.13	02:32:51.408	0.92460	0.92466			6
2025.11.13	02:32:52.044	0.92461	0.92467			6
2025.11.13	02:32:52.375		0.92466			4
2025.11.13	02:32:53.639	0.92459	0.92467			6
2025.11.13	02:32:53.941		0.92466			4
2025.11.13	02:32:54.247	0.92457	0.92464			6
2025.11.13	02:32:54.555		0.92465			4
2025.11.13	02:32:54.860	0.92456	0.92464			6
2025.11.13	02:32:56.997	0.92460	0.92467			6
2025.11.13	02:32:57.511	0.92458	0.92465			6
2025.11.13	02:32:58.275	0.92456	0.92464			6
2025.11.13	02:32:58.579	0.92455				2
2025.11.13	02:32:59.737	0.92456	0.92465			6
2025.11.13	02:33:00.317	0.92458	0.92466			6
2025.11.13	02:33:01.239	0.92459	0.92467			6
2025.11.13	02:33:01.663	0.92460	0.92468			6
2025.11.13	02:33:02.330	0.92459	0.92467			6
2025.11.13	02:33:02.895		0.92466			4
2025.11.13	02:33:03.834	0.92458	0.92464			6
2025.11.13	02:33:04.145	0.92457				2
2025.11.13	02:33:04.787	0.92456				2
2025.11.13	02:33:05.958	0.92455	0.92463			6
2025.11.13	02:33:06.267	0.92456				2
2025.11.13	02:33:07.060	0.92455				2
2025.11.13	02:33:09.244	0.92456	0.92465			6
2025.11.13	02:33:09.552	0.92457				2
2025.11.13	02:33:09.886		0.92464			4
2025.11.13	02:33:10.848	0.92458	0.92465			6
2025.11.13	02:33:11.158		0.92464			4
2025.11.13	02:33:12.658	0.92454	0.92463			6
2025.11.13	02:33:12.961		0.92461			4
2025.11.13	02:33:13.726		0.92462			4
2025.11.13	02:33:16.324	0.92455				2
2025.11.13	02:33:17.223		0.92461			4
2025.11.13	02:33:18.058		0.92463			4
2025.11.13	02:33:18.781	0.92456				2
2025.11.13	02:33:20.291	0.92457				2
2025.11.13	02:33:23.390	0.92454	0.92464			6
2025.11.13	02:33:23.693	0.92455	0.92463			6
2025.11.13	02:33:24.355		0.92462			4
2025.11.13	02:33:25.762	0.92453				2
2025.11.13	02:33:26.183		0.92463			4
2025.11.13	02:33:26.500	0.92455	0.92461			6
2025.11.13	02:33:29.008		0.92462			4
2025.11.13	02:33:29.713		0.92461			4
2025.11.13	02:33:30.609	0.92460	0.92465			6
2025.11.13	02:33:31.628		0.92466			4
2025.11.13	02:33:32.339		0.92465			4
2025.11.13	02:33:32.982	0.92459				2
2025.11.13	02:33:33.333	0.92460				2
2025.11.13	02:33:33.918	0.92454	0.92463			6
2025.11.13	02:33:34.269		0.92462			4
2025.11.13	02:33:34.760	0.92455				2
2025.11.13	02:33:35.283	0.92454				2
2025.11.13	02:33:37.080	0.92453	0.92463			6
2025.11.13	02:33:37.548		0.92462			4
2025.11.13	02:33:38.846		0.92463			4
2025.11.13	02:33:39.558		0.92462			4
2025.11.13	02:33:41.272	0.92455	0.92464			6
2025.11.13	02:33:43.384		0.92463			4
2025.11.13	02:33:44.696		0.92465			4
2025.11.13	02:33:45.068	0.92456				2
2025.11.13	02:33:45.755	0.92454	0.92463			6
2025.11.13	02:33:46.059		0.92462			4
2025.11.13	02:33:48.362		0.92463			4
2025.11.13	02:33:52.344		0.92462			4
2025.11.13	02:33:52.649	0.92457	0.92465			6
2025.11.13	02:33:53.696	0.92459	0.92467			6
2025.11.13	02:33:54.351		0.92466			4
2025.11.13	02:33:55.739	0.92456	0.92464			6
2025.11.13	02:33:56.863	0.92455				2
2025.11.13	02:34:00.442	0.92455				2
2025.11.13	02:34:01.080		0.92463			4
2025.11.13	02:34:01.737	0.92457	0.92464			6
2025.11.13	02:34:02.455	0.92456	0.92463			6
2025.11.13	02:34:03.753		0.92464			4
2025.11.13	02:34:05.058		0.92463			4
2025.11.13	02:34:07.508		0.92464			4
2025.11.13	02:34:12.477	0.92454	0.92462			6
2025.11.13	02:34:14.193	0.92453	0.92461			6
2025.11.13	02:34:15.070		0.92460			4
2025.11.13	02:34:19.228		0.92462			4
2025.11.13	02:34:20.096	0.92454				2
2025.11.13	02:34:23.582	0.92453	0.92460			6
2025.11.13	02:34:26.583		0.92461			4
2025.11.13	02:34:26.898	0.92456	0.92465			6
2025.11.13	02:34:27.442		0.92464			4
2025.11.13	02:34:28.102		0.92466			4
2025.11.13	02:34:29.002		0.92465			4
2025.11.13	02:34:29.348	0.92457	0.92466			6
2025.11.13	02:34:29.660	0.92459	0.92468			6
2025.11.13	02:34:33.897	0.92456	0.92466			6
2025.11.13	02:34:34.204	0.92457				2
2025.11.13	02:34:35.322	0.92459				2
2025.11.13	02:34:36.348		0.92467			4
2025.11.13	02:34:42.379	0.92458				2
2025.11.13	02:34:43.154	0.92459				2
2025.11.13	02:34:54.452	0.92458				2
2025.11.13	02:34:55.521	0.92460				2
2025.11.13	02:34:55.839	0.92459				2
2025.11.13	02:34:57.268	0.92458				2
2025.11.13	02:34:57.735		0.92466			4
2025.11.13	02:34:58.200		0.92467			4
2025.11.13	02:35:00.011	0.92458	0.92466			6
2025.11.13	02:35:00.315	0.92459	0.92465			6
2025.11.13	02:35:00.619	0.92457	0.92466			6
2025.11.13	02:35:03.041		0.92464			4
2025.11.13	02:35:04.771		0.92465			4
2025.11.13	02:35:06.621	0.92458	0.92466			6
2025.11.13	02:35:07.448	0.92460	0.92467			6
2025.11.13	02:35:09.355	0.92459				2
2025.11.13	02:35:10.067	0.92458				2
2025.11.13	02:35:13.156		0.92466			4
2025.11.13	02:35:14.110		0.92468			4
2025.11.13	02:35:14.419	0.92461				2
2025.11.13	02:35:15.525	0.92459				2
2025.11.13	02:35:16.882		0.92467			4
2025.11.13	02:35:21.507	0.92461	0.92470			6
2025.11.13	02:35:22.345	0.92460				2
2025.11.13	02:35:22.796	0.92461				2
2025.11.13	02:35:23.249	0.92460	0.92467			6
2025.11.13	02:35:24.232	0.92459				2
2025.11.13	02:35:24.543	0.92458				2
2025.11.13	02:35:25.407	0.92459				2
2025.11.13	02:35:25.753	0.92458				2
2025.11.13	02:35:26.946	0.92459	0.92468			6
2025.11.13	02:35:30.467	0.92458				2
2025.11.13	02:35:31.566		0.92467			4
2025.11.13	02:35:34.148	0.92459				2
2025.11.13	02:35:36.944	0.92457				2
2025.11.13	02:35:37.964	0.92458				2
2025.11.13	02:35:38.453		0.92466			4
2025.11.13	02:35:40.712	0.92457	0.92467			6
2025.11.13	02:35:41.093	0.92454	0.92464			6
2025.11.13	02:35:41.396	0.92455				2
2025.11.13	02:35:44.200	0.92454	0.92462			6
2025.11.13	02:35:46.201	0.92453				2
2025.11.13	02:35:46.731	0.92455	0.92464			6
2025.11.13	02:35:47.261	0.92454	0.92463			6
2025.11.13	02:35:47.564	0.92453				2
2025.11.13	02:35:47.865	0.92455				2
2025.11.13	02:35:48.258	0.92454				2
2025.11.13	02:35:51.147	0.92451	0.92461			6
2025.11.13	02:35:51.738	0.92450	0.92459			6
2025.11.13	02:35:52.463	0.92452	0.92460			6
2025.11.13	02:35:52.781	0.92453	0.92462			6
2025.11.13	02:35:53.616	0.92454				2
2025.11.13	02:35:53.922	0.92453				2
2025.11.13	02:35:55.557	0.92452				2
2025.11.13	02:35:57.468	0.92453	0.92461			6
2025.11.13	02:35:57.910	0.92454	0.92464			6
2025.11.13	02:35:58.219		0.92463			4
2025.11.13	02:35:59.322	0.92455	0.92464			6
2025.11.13	02:35:59.668		0.92463			4
2025.11.13	02:36:00.372	0.92451	0.92461			6
2025.11.13	02:36:00.683		0.92460			4
2025.11.13	02:36:05.279	0.92452	0.92461			6
2025.11.13	02:36:06.232		0.92460			4
2025.11.13	02:36:06.539	0.92451				2
2025.11.13	02:36:06.852	0.92453				2
2025.11.13	02:36:10.681		0.92461			4
2025.11.13	02:36:11.056		0.92462			4
2025.11.13	02:36:14.296	0.92454				2
2025.11.13	02:36:14.607	0.92453	0.92461			6
2025.11.13	02:36:15.653		0.92462			4
