<DATE>	<TIME>	<BID>	<ASK>	<LAST>	<VOLUME>	<FLAGS>
2025.07.15	00:03:30.672	0.92980	0.93134			6
2025.07.15	00:03:55.338		0.93150			4
2025.07.15	00:04:08.236	0.92980				2
2025.07.15	00:04:15.420	0.93015				2
2025.07.15	00:04:55.338		0.93151			4
2025.07.15	00:05:01.120	0.93015				2
2025.07.15	00:05:06.046	0.93019				2
2025.07.15	00:05:07.261	0.93050				2
2025.07.15	00:05:57.030		0.93151			4
2025.07.15	00:06:00.360	0.93050				2
2025.07.15	00:06:55.338		0.93155			4
2025.07.15	00:07:00.495	0.93050				2
2025.07.15	00:07:55.338		0.93156			4
2025.07.15	00:08:00.364	0.93050				2
2025.07.15	00:08:55.338		0.93156			4
2025.07.15	00:09:00.316	0.93037				2
2025.07.15	00:09:55.338	0.93040	0.93158			6
2025.07.15	00:10:00.329	0.93040				2
2025.07.15	00:10:11.901	0.93055	0.93123			6
2025.07.15	00:10:12.986	0.93054	0.93122			6
2025.07.15	00:10:15.303	0.93053	0.93124			6
2025.07.15	00:10:18.966		0.93123			4
2025.07.15	00:10:20.768		0.93122			4
2025.07.15	00:10:22.295		0.93123			4
2025.07.15	00:10:26.476	0.93054	0.93122			6
2025.07.15	00:10:26.875	0.93056	0.93126			6
2025.07.15	00:10:34.267	0.93053	0.93125			6
2025.07.15	00:10:37.709	0.93054	0.93126			6
2025.07.15	00:10:40.568	0.93056	0.93125			6
2025.07.15	00:10:41.319	0.93055	0.93123			6
2025.07.15	00:10:45.454	0.93056				2
2025.07.15	00:11:03.119	0.93056				2
2025.07.15	00:11:07.135	0.93046	0.93113			6
2025.07.15	00:11:07.765	0.93047				2
2025.07.15	00:11:10.734	0.93056	0.93123			6
2025.07.15	00:11:19.445	0.93041	0.93158			6
2025.07.15	00:11:25.430	0.93057	0.93125			6
2025.07.15	00:11:26.420	0.93041	0.93158			6
2025.07.15	00:11:32.349	0.93046	0.93113			6
2025.07.15	00:11:33.442	0.93041	0.93158			6
2025.07.15	00:11:55.337		0.93160			4
2025.07.15	00:12:00.177	0.93041				2
2025.07.15	00:12:06.558		0.93162			4
2025.07.15	00:12:08.316		0.93161			4
2025.07.15	00:12:10.346		0.93162			4
2025.07.15	00:12:11.457		0.93160			4
2025.07.15	00:12:19.938		0.93155			4
2025.07.15	00:12:40.316	0.93038				2
2025.07.15	00:13:00.480	0.93047				2
2025.07.15	00:13:20.264		0.93155			4
2025.07.15	00:14:00.313	0.93047				2
2025.07.15	00:14:19.937		0.93154			4
2025.07.15	00:15:00.304	0.93047				2
2025.07.15	00:15:09.893	0.93060				2
2025.07.15	00:15:20.317		0.93154			4
2025.07.15	00:16:00.364	0.93060				2
2025.07.15	00:16:19.938		0.93155			4
2025.07.15	00:17:00.476	0.93060				2
2025.07.15	00:17:19.677		0.93154			4
2025.07.15	00:18:01.217	0.93060				2
2025.07.15	00:18:21.720		0.93154			4
2025.07.15	00:19:00.893	0.93060				2
2025.07.15	00:19:23.270		0.93154			4
2025.07.15	00:19:52.248	0.93061				2
2025.07.15	00:19:53.384	0.93060	0.93149			6
2025.07.15	00:19:58.450		0.93154			4
2025.07.15	00:20:00.356	0.93060				2
2025.07.15	00:20:19.944		0.93153			4
2025.07.15	00:20:39.900	0.93059				2
2025.07.15	00:21:00.783	0.93059				2
2025.07.15	00:21:09.176		0.93155			4
2025.07.15	00:21:10.738		0.93154			4
2025.07.15	00:21:14.499	0.93049				2
2025.07.15	00:21:15.137	0.93048				2
2025.07.15	00:21:15.757	0.93049				2
2025.07.15	00:21:16.082	0.93048				2
2025.07.15	00:21:17.961	0.93049				2
2025.07.15	00:21:18.579	0.93048				2
2025.07.15	00:21:19.839	0.93047	0.93151			6
2025.07.15	00:21:20.778	0.93049				2
2025.07.15	00:21:21.111	0.93047				2
2025.07.15	00:21:21.418	0.93049				2
2025.07.15	00:21:21.738	0.93047				2
2025.07.15	00:21:22.060	0.93049				2
2025.07.15	00:21:22.678	0.93047				2
2025.07.15	00:21:23.298	0.93058				2
2025.07.15	00:21:23.617	0.93047				2
2025.07.15	00:21:24.858	0.93049				2
2025.07.15	00:21:25.178	0.93047				2
2025.07.15	00:21:26.438	0.93049				2
2025.07.15	00:21:26.761	0.93047				2
2025.07.15	00:21:28.634	0.93049				2
2025.07.15	00:21:29.578	0.93047				2
2025.07.15	00:21:30.839	0.93049				2
2025.07.15	00:21:31.158	0.93047				2
2025.07.15	00:21:31.469	0.93048	0.93154			6
2025.07.15	00:21:32.393	0.93049				2
2025.07.15	00:21:32.698	0.93048				2
2025.07.15	00:21:33.001	0.93049				2
2025.07.15	00:21:33.318	0.93058				2
2025.07.15	00:21:33.938	0.93048				2
2025.07.15	00:21:34.238	0.93049				2
2025.07.15	00:21:34.540	0.93048				2
2025.07.15	00:21:35.801	0.93049				2
2025.07.15	00:21:36.438	0.93048				2
2025.07.15	00:21:37.678	0.93049				2
2025.07.15	00:21:38.298	0.93048				2
2025.07.15	00:21:38.602	0.93049				2
2025.07.15	00:21:39.558	0.93048				2
2025.07.15	00:21:40.473	0.93049				2
2025.07.15	00:21:41.101	0.93048				2
2025.07.15	00:21:41.421	0.93049				2
2025.07.15	00:21:41.742	0.93048				2
2025.07.15	00:21:42.698	0.93049				2
2025.07.15	00:21:43.952	0.93048				2
2025.07.15	00:21:44.559	0.93049				2
2025.07.15	00:21:44.860	0.93048				2
2025.07.15	00:21:45.798	0.93058				2
2025.07.15	00:21:47.033	0.93043	0.93156			6
2025.07.15	00:21:47.955	0.93044				2
2025.07.15	00:21:48.257	0.93049				2
2025.07.15	00:21:48.578	0.93046				2
2025.07.15	00:21:48.898	0.93049				2
2025.07.15	00:21:49.524	0.93047				2
2025.07.15	00:21:49.828	0.93049	0.93157			6
2025.07.15	00:21:50.137	0.93047				2
2025.07.15	00:21:50.760		0.93156			4
2025.07.15	00:21:55.348		0.93155			4
2025.07.15	00:22:00.357	0.93047				2
2025.07.15	00:22:01.081		0.93156			4
2025.07.15	00:22:05.879		0.93155			4
2025.07.15	00:22:07.977		0.93156			4
2025.07.15	00:22:10.097	0.93046				2
2025.07.15	00:22:14.158		0.93155			4
2025.07.15	00:22:15.998		0.93157			4
2025.07.15	00:22:17.880		0.93156			4
2025.07.15	00:22:29.647	0.93056				2
2025.07.15	00:23:01.094	0.93056				2
2025.07.15	00:23:09.745		0.93154			4
2025.07.15	00:23:38.064		0.93155			4
2025.07.15	00:23:41.400	0.93043	0.93183			6
2025.07.15	00:23:42.353	0.93044				2
2025.07.15	00:23:42.929	0.93045				2
2025.07.15	00:23:49.376	0.93050				2
2025.07.15	00:23:57.929	0.93045				2
2025.07.15	00:24:00.479	0.93045				2
2025.07.15	00:24:12.515	0.93003				2
2025.07.15	00:24:43.376		0.93183			4
2025.07.15	00:25:00.309	0.93003				2
2025.07.15	00:25:07.519	0.93006				2
2025.07.15	00:25:15.482	0.93003				2
2025.07.15	00:25:43.980		0.93183			4
2025.07.15	00:26:00.178	0.93003				2
2025.07.15	00:26:02.277	0.93013				2
2025.07.15	00:26:22.982		0.93173			4
2025.07.15	00:26:23.544		0.93171			4
2025.07.15	00:26:24.057		0.93167			4
2025.07.15	00:26:29.636		0.93166			4
2025.07.15	00:26:37.378		0.93165			4
2025.07.15	00:26:40.082		0.93166			4
2025.07.15	00:26:41.278		0.93165			4
2025.07.15	00:26:44.637		0.93167			4
2025.07.15	00:26:46.904		0.93165			4
2025.07.15	00:26:49.378		0.93166			4
2025.07.15	00:26:50.878		0.93165			4
2025.07.15	00:26:52.078		0.93166			4
2025.07.15	00:26:54.777		0.93165			4
2025.07.15	00:27:02.580	0.93013				2
2025.07.15	00:27:16.634		0.93168			4
2025.07.15	00:27:20.351		0.93177			4
2025.07.15	00:27:35.282		0.93176			4
2025.07.15	00:27:36.465		0.93183			4
2025.07.15	00:27:51.180		0.93179			4
2025.07.15	00:27:51.546		0.93172			4
2025.07.15	00:28:00.314	0.93013				2
2025.07.15	00:28:06.355		0.93174			4
2025.07.15	00:28:15.683		0.93171			4
2025.07.15	00:28:16.980		0.93170			4
2025.07.15	00:28:18.477		0.93171			4
2025.07.15	00:28:21.559		0.93172			4
2025.07.15	00:28:29.582		0.93171			4
2025.07.15	00:28:35.238		0.93169			4
2025.07.15	00:28:38.311		0.93168			4
2025.07.15	00:28:47.524	0.93006				2
2025.07.15	00:28:50.918		0.93169			4
2025.07.15	00:28:51.543		0.93168			4
2025.07.15	00:28:59.581		0.93169			4
2025.07.15	00:29:00.182	0.93006				2
2025.07.15	00:29:20.479		0.93172			4
2025.07.15	00:29:20.884		0.93176			4
2025.07.15	00:29:21.481		0.93180			4
2025.07.15	00:29:30.896		0.93176			4
2025.07.15	00:29:31.764		0.93180			4
2025.07.15	00:29:41.579		0.93181			4
2025.07.15	00:30:00.182	0.93003	0.93183			6
2025.07.15	00:30:00.484	0.93006				2
2025.07.15	00:30:06.078	0.93002				2
2025.07.15	00:30:32.372	0.93005				2
2025.07.15	00:30:36.504		0.93182			4
2025.07.15	00:30:38.745		0.93183			4
2025.07.15	00:30:41.275		0.93182			4
2025.07.15	00:30:45.072	0.93018	0.93173			6
2025.07.15	00:30:45.795	0.93015				2
2025.07.15	00:30:46.981		0.93172			4
2025.07.15	00:30:49.202		0.93170			4
2025.07.15	00:30:50.081	0.93000	0.93178			6
2025.07.15	00:30:50.600	0.93007				2
2025.07.15	00:30:52.046		0.93177			4
2025.07.15	00:30:56.278		0.93176			4
2025.07.15	00:30:58.434		0.93175			4
2025.07.15	00:31:00.426	0.93013	0.93166			6
2025.07.15	00:31:01.172		0.93165			4
2025.07.15	00:31:02.847		0.93177			4
2025.07.15	00:31:03.158	0.93018	0.93181			6
2025.07.15	00:31:05.092	0.93015	0.93183			6
2025.07.15	00:31:05.606	0.93021				2
2025.07.15	00:31:07.576		0.93177			4
2025.07.15	00:31:08.084	0.93028	0.93169			6
2025.07.15	00:31:13.978		0.93170			4
2025.07.15	00:31:22.607	0.93025	0.93169			6
2025.07.15	00:31:24.734	0.93020	0.93165			6
2025.07.15	00:31:25.636	0.93028	0.93173			6
2025.07.15	00:31:26.078	0.93030	0.93169			6
2025.07.15	00:31:26.379		0.93175			4
2025.07.15	00:31:30.547	0.93022	0.93171			6
2025.07.15	00:31:31.108	0.93011				2
2025.07.15	00:31:32.908		0.93167			4
2025.07.15	00:31:33.434		0.93160			4
2025.07.15	00:31:33.778		0.93161			4
2025.07.15	00:31:38.298	0.93022	0.93165			6
2025.07.15	00:31:42.732	0.93024				2
2025.07.15	00:31:44.831		0.93160			4
2025.07.15	00:31:45.400	0.92989	0.93166			6
2025.07.15	00:31:48.503		0.93157			4
2025.07.15	00:31:49.049		0.93164			4
2025.07.15	00:31:51.778		0.93163			4
2025.07.15	00:31:55.504		0.93171			4
2025.07.15	00:31:56.536		0.93172			4
2025.07.15	00:31:57.047		0.93160			4
2025.07.15	00:32:00.395	0.92989	0.93158			6
2025.07.15	00:32:01.345		0.93152			4
2025.07.15	00:32:01.711		0.93157			4
2025.07.15	00:32:03.634		0.93158			4
2025.07.15	00:32:05.058		0.93153			4
2025.07.15	00:32:05.367		0.93157			4
2025.07.15	00:32:11.645		0.93152			4
2025.07.15	00:32:12.289		0.93158			4
2025.07.15	00:32:14.330		0.93157			4
2025.07.15	00:32:21.038		0.93162			4
2025.07.15	00:32:24.282		0.93159			4
2025.07.15	00:32:25.981		0.93154			4
2025.07.15	00:32:26.333		0.93152			4
2025.07.15	00:32:27.048		0.93155			4
2025.07.15	00:32:29.281		0.93154			4
2025.07.15	00:32:29.609		0.93157			4
2025.07.15	00:32:30.275		0.93156			4
2025.07.15	00:32:31.529		0.93166			4
2025.07.15	00:32:32.047		0.93158			4
2025.07.15	00:32:34.253		0.93156			4
2025.07.15	00:32:34.930		0.93161			4
2025.07.15	00:32:36.046		0.93157			4
2025.07.15	00:32:37.741		0.93153			4
2025.07.15	00:32:39.048		0.93158			4
2025.07.15	00:32:42.434		0.93167			4
2025.07.15	00:32:43.055		0.93162			4
2025.07.15	00:32:44.349		0.93153			4
2025.07.15	00:32:45.071		0.93159			4
2025.07.15	00:32:46.745		0.93156			4
2025.07.15	00:32:49.010		0.93160			4
2025.07.15	00:32:50.641		0.93161			4
2025.07.15	00:32:51.129		0.93157			4
2025.07.15	00:32:56.372		0.93155			4
2025.07.15	00:33:00.269	0.92989	0.93154			6
2025.07.15	00:33:01.138		0.93157			4
2025.07.15	00:33:03.886		0.93166			4
2025.07.15	00:33:04.525		0.93164			4
2025.07.15	00:33:05.344		0.93165			4
2025.07.15	00:33:06.091	0.92987	0.93168			6
2025.07.15	00:33:10.433	0.92994	0.93174			6
2025.07.15	00:33:10.790	0.93002	0.93180			6
2025.07.15	00:33:24.063		0.93179			4
2025.07.15	00:33:25.431		0.93176			4
2025.07.15	00:33:25.738	0.92991	0.93175			6
2025.07.15	00:33:28.681		0.93178			4
2025.07.15	00:33:31.566		0.93179			4
2025.07.15	00:33:39.619	0.92987				2
2025.07.15	00:33:42.764		0.93178			4
2025.07.15	00:33:46.391		0.93176			4
2025.07.15	00:33:47.887	0.92990				2
2025.07.15	00:33:49.848		0.93173			4
2025.07.15	00:33:52.678		0.93166			4
2025.07.15	00:34:00.178	0.92990				2
2025.07.15	00:34:43.051	0.92998				2
2025.07.15	00:34:52.944		0.93166			4
2025.07.15	00:35:00.176	0.92998				2
2025.07.15	00:35:02.501	0.93007				2
2025.07.15	00:35:03.021	0.93012				2
2025.07.15	00:35:14.879	0.93019				2
2025.07.15	00:35:25.742	0.93024				2
2025.07.15	00:35:41.178	0.93028				2
2025.07.15	00:35:53.284	0.93031	0.93166			6
2025.07.15	00:35:57.739	0.93028				2
2025.07.15	00:35:59.381	0.93014				2
2025.07.15	00:35:59.915	0.93006				2
2025.07.15	00:36:00.564	0.93006				2
2025.07.15	00:36:11.183	0.92996				2
2025.07.15	00:36:22.353		0.93164			4
2025.07.15	00:36:24.182		0.93161			4
2025.07.15	00:36:24.756		0.93160			4
2025.07.15	00:36:26.608		0.93163			4
2025.07.15	00:36:28.388		0.93165			4
2025.07.15	00:36:28.737	0.93002				2
2025.07.15	00:36:29.185		0.93166			4
2025.07.15	00:36:34.255	0.93011				2
2025.07.15	00:36:34.770	0.93014				2
2025.07.15	00:36:44.191	0.93019				2
2025.07.15	00:37:01.905	0.93019				2
2025.07.15	00:37:14.109	0.93022				2
2025.07.15	00:37:30.040		0.93166			4
2025.07.15	00:37:35.885	0.93018				2
2025.07.15	00:37:36.370	0.93021				2
2025.07.15	00:38:00.588	0.93021				2
2025.07.15	00:38:06.389	0.93017	0.93165			6
2025.07.15	00:38:06.935	0.93013				2
2025.07.15	00:38:07.380		0.93164			4
2025.07.15	00:38:14.281	0.93017	0.93159			6
2025.07.15	00:38:17.913		0.93160			4
2025.07.15	00:38:19.049	0.93024	0.93164			6
2025.07.15	00:38:20.279		0.93165			4
2025.07.15	00:38:20.893		0.93166			4
2025.07.15	00:38:27.258		0.93165			4
2025.07.15	00:38:29.691	0.93027				2
2025.07.15	00:38:32.566		0.93164			4
2025.07.15	00:38:40.564		0.93166			4
2025.07.15	00:38:42.635		0.93165			4
2025.07.15	00:38:47.945		0.93166			4
2025.07.15	00:38:53.154		0.93165			4
2025.07.15	00:38:54.438		0.93164			4
2025.07.15	00:38:56.360		0.93165			4
2025.07.15	00:38:57.265		0.93154			4
2025.07.15	00:39:00.635	0.93027	0.93163			6
2025.07.15	00:39:09.767		0.93165			4
2025.07.15	00:39:11.762		0.93164			4
2025.07.15	00:39:12.257		0.93163			4
2025.07.15	00:39:13.943		0.93162			4
2025.07.15	00:39:15.178		0.93163			4
2025.07.15	00:39:16.635		0.93146			4
2025.07.15	00:40:00.919	0.93027				2
2025.07.15	00:40:07.735	0.93024				2
2025.07.15	00:40:08.377	0.92999	0.93145			6
2025.07.15	00:40:08.686	0.92996	0.93146			6
2025.07.15	00:40:12.771	0.93014				2
2025.07.15	00:40:13.114	0.93019				2
2025.07.15	00:40:31.762	0.93021				2
2025.07.15	00:40:46.768	0.93023				2
2025.07.15	00:41:02.583	0.93023				2
2025.07.15	00:41:09.266		0.93146			4
2025.07.15	00:41:21.483		0.93145			4
2025.07.15	00:41:24.777		0.93144			4
2025.07.15	00:41:31.769		0.93146			4
2025.07.15	00:41:41.743		0.93141			4
2025.07.15	00:41:48.548	0.93017				2
2025.07.15	00:41:49.177	0.93020				2
2025.07.15	00:41:51.786	0.93022				2
2025.07.15	00:42:00.361	0.93022				2
2025.07.15	00:42:06.356	0.93025				2
2025.07.15	00:42:08.677	0.93018				2
2025.07.15	00:42:17.299		0.93136			4
2025.07.15	00:42:17.606	0.93010				2
2025.07.15	00:42:18.245	0.93018				2
2025.07.15	00:42:20.610	0.93021				2
2025.07.15	00:42:21.874	0.93023				2
2025.07.15	00:42:22.175	0.93019				2
2025.07.15	00:42:22.983	0.93016				2
2025.07.15	00:42:26.251	0.93018				2
2025.07.15	00:42:27.765	0.93010				2
2025.07.15	00:42:28.292	0.93014	0.93137			6
2025.07.15	00:42:28.861	0.93017				2
2025.07.15	00:42:29.511	0.93019				2
2025.07.15	00:42:30.045	0.93021				2
2025.07.15	00:42:34.525	0.93012	0.93133			6
2025.07.15	00:42:35.986	0.93026				2
2025.07.15	00:42:39.733		0.93125			4
2025.07.15	00:42:40.236	0.93022				2
2025.07.15	00:42:40.806	0.93026				2
2025.07.15	00:42:41.273	0.93024				2
2025.07.15	00:42:48.326	0.93019				2
2025.07.15	00:42:55.791		0.93137			4
2025.07.15	00:43:00.358	0.93019				2
2025.07.15	00:43:03.479		0.93125			4
2025.07.15	00:43:10.493	0.93022	0.93121			6
2025.07.15	00:43:48.180	0.93019				2
2025.07.15	00:44:00.178	0.93019				2
2025.07.15	00:44:07.766	0.93017				2
2025.07.15	00:44:10.568		0.93121			4
2025.07.15	00:44:30.344		0.93118			4
2025.07.15	00:44:35.179		0.93117			4
2025.07.15	00:44:37.077		0.93118			4
2025.07.15	00:44:43.378	0.92973	0.93109			6
2025.07.15	00:44:46.982	0.92977	0.93113			6
2025.07.15	00:44:47.306	0.92973	0.93110			6
2025.07.15	00:44:48.504	0.92975				2
2025.07.15	00:44:48.924	0.92976	0.93109			6
2025.07.15	00:44:49.427		0.93110			4
2025.07.15	00:44:54.436		0.93111			4
2025.07.15	00:45:00.416	0.92976	0.93112			6
2025.07.15	00:45:03.129	0.92920	0.93152			6
2025.07.15	00:45:06.465	0.92976	0.93112			6
2025.07.15	00:45:11.109	0.92994	0.93094			6
2025.07.15	00:45:21.987		0.93095			4
2025.07.15	00:45:38.379	0.92999				2
2025.07.15	00:45:39.640		0.93094			4
2025.07.15	00:45:40.677		0.93095			4
2025.07.15	00:45:42.420		0.93103			4
2025.07.15	00:45:46.069	0.93008	0.93101			6
2025.07.15	00:45:46.382	0.93019	0.93102			6
2025.07.15	00:45:47.046		0.93103			4
2025.07.15	00:45:51.987		0.93100			4
2025.07.15	00:45:54.902		0.93103			4
2025.07.15	00:45:56.049	0.92999	0.93095			6
2025.07.15	00:45:56.359		0.93096			4
2025.07.15	00:45:57.048		0.93098			4
2025.07.15	00:45:59.051		0.93096			4
2025.07.15	00:46:00.363	0.92999				2
2025.07.15	00:46:05.801		0.93095			4
2025.07.15	00:46:07.203	0.93006	0.93096			6
2025.07.15	00:46:07.740	0.93008	0.93103			6
2025.07.15	00:46:13.787	0.93017				2
2025.07.15	00:46:22.241	0.93023				2
2025.07.15	00:46:22.996	0.93020				2
2025.07.15	00:46:26.077	0.93014	0.93101			6
2025.07.15	00:46:26.378		0.93103			4
2025.07.15	00:46:37.237	0.93019				2
2025.07.15	00:47:00.107	0.93019				2
2025.07.15	00:47:03.083	0.93054	0.93073			6
2025.07.15	00:47:06.707	0.93019	0.93103			6
2025.07.15	00:47:37.191	0.93012				2
2025.07.15	00:48:00.574	0.93012				2
2025.07.15	00:48:07.687		0.93103			4
2025.07.15	00:48:15.387	0.93006	0.93093			6
2025.07.15	00:48:21.142		0.93095			4
2025.07.15	00:48:21.771		0.93096			4
2025.07.15	00:48:23.545		0.93094			4
2025.07.15	00:48:24.479		0.93095			4
2025.07.15	00:48:28.634	0.93012	0.93103			6
2025.07.15	00:48:43.677	0.93021				2
2025.07.15	00:49:00.252	0.93021				2
2025.07.15	00:49:28.682	0.93027	0.93103			6
2025.07.15	00:49:40.631	0.93017				2
2025.07.15	00:49:55.300	0.93011				2
2025.07.15	00:50:00.378	0.93010	0.93100			6
2025.07.15	00:50:01.033		0.93098			4
2025.07.15	00:50:06.392	0.93005				2
2025.07.15	00:50:08.789		0.93099			4
2025.07.15	00:50:12.470		0.93102			4
2025.07.15	00:50:16.543		0.93101			4
2025.07.15	00:50:17.466	0.93006	0.93105			6
2025.07.15	00:50:18.358		0.93106			4
2025.07.15	00:50:24.912		0.93102			4
2025.07.15	00:50:29.978		0.93104			4
2025.07.15	00:50:31.031		0.93108			4
2025.07.15	00:50:37.534		0.93109			4
2025.07.15	00:50:41.137		0.93106			4
2025.07.15	00:51:00.917	0.93006				2
2025.07.15	00:51:02.758		0.93101			4
2025.07.15	00:51:03.547		0.93099			4
2025.07.15	00:51:12.469	0.93004				2
2025.07.15	00:51:18.544		0.93100			4
2025.07.15	00:51:23.801		0.93102			4
2025.07.15	00:51:27.027		0.93107			4
2025.07.15	00:51:39.004		0.93103			4
2025.07.15	00:51:40.429		0.93107			4
2025.07.15	00:51:48.777		0.93108			4
2025.07.15	00:51:58.455		0.93104			4
2025.07.15	00:52:00.389	0.93004	0.93101			6
2025.07.15	00:52:13.768		0.93106			4
2025.07.15	00:52:24.247		0.93102			4
2025.07.15	00:52:46.272		0.93107			4
2025.07.15	00:52:57.075		0.93103			4
2025.07.15	00:53:00.565	0.93004				2
2025.07.15	00:53:06.536		0.93104			4
2025.07.15	00:53:07.886		0.93108			4
2025.07.15	00:53:08.281		0.93107			4
2025.07.15	00:53:19.896		0.93111			4
2025.07.15	00:53:22.380		0.93112			4
2025.07.15	00:53:57.472	0.93003				2
2025.07.15	00:54:00.392	0.93003	0.93109			6
2025.07.15	00:54:27.781		0.93110			4
2025.07.15	00:55:00.501	0.93003				2
2025.07.15	00:55:08.300		0.93107			4
2025.07.15	00:55:11.582		0.93108			4
2025.07.15	00:55:12.045		0.93109			4
2025.07.15	00:55:13.535	0.93000	0.93111			6
2025.07.15	00:55:14.877		0.93112			4
2025.07.15	00:55:15.583		0.93108			4
2025.07.15	00:55:17.576		0.93112			4
2025.07.15	00:55:18.776		0.93111			4
2025.07.15	00:55:21.781		0.93110			4
2025.07.15	00:55:25.380		0.93109			4
2025.07.15	00:55:28.600		0.93108			4
2025.07.15	00:55:31.217		0.93107			4
2025.07.15	00:55:34.081		0.93106			4
2025.07.15	00:55:43.378		0.93105			4
2025.07.15	00:55:45.757		0.93106			4
2025.07.15	00:55:46.076		0.93105			4
2025.07.15	00:55:47.475	0.92999				2
2025.07.15	00:55:48.879		0.93109			4
2025.07.15	00:55:50.045		0.93108			4
2025.07.15	00:55:58.334		0.93106			4
2025.07.15	00:56:00.182	0.92999				2
2025.07.15	00:56:07.079		0.93105			4
2025.07.15	00:56:22.981		0.93104			4
2025.07.15	00:56:28.616		0.93103			4
2025.07.15	00:56:29.278		0.93105			4
2025.07.15	00:56:30.001		0.93104			4
2025.07.15	00:56:34.378		0.93106			4
2025.07.15	00:56:36.779		0.93103			4
2025.07.15	00:56:39.180		0.93102			4
2025.07.15	00:56:43.586		0.93103			4
2025.07.15	00:56:47.281		0.93102			4
2025.07.15	00:57:00.180	0.92999				2
2025.07.15	00:57:12.281		0.93099			4
2025.07.15	00:57:16.544	0.92997	0.93098			6
2025.07.15	00:57:23.430	0.93000	0.93101			6
2025.07.15	00:57:24.377		0.93098			4
2025.07.15	00:57:25.772	0.93006	0.93099			6
2025.07.15	00:57:48.390		0.93102			4
2025.07.15	00:57:49.260		0.93103			4
2025.07.15	00:57:53.685	0.93002				2
2025.07.15	00:57:58.381		0.93101			4
2025.07.15	00:58:00.915	0.93002				2
2025.07.15	00:58:08.686	0.93006				2
2025.07.15	00:58:13.585		0.93102			4
2025.07.15	00:58:16.376		0.93103			4
2025.07.15	00:58:23.687	0.93009				2
2025.07.15	00:58:30.992		0.93100			4
2025.07.15	00:58:31.586		0.93106			4
2025.07.15	00:58:35.075		0.93108			4
2025.07.15	00:58:41.853		0.93109			4
2025.07.15	00:58:42.778		0.93110			4
2025.07.15	00:58:43.617		0.93106			4
2025.07.15	00:58:44.046		0.93107			4
2025.07.15	00:58:47.793		0.93106			4
2025.07.15	00:58:49.602		0.93107			4
2025.07.15	00:58:49.977		0.93108			4
2025.07.15	00:58:51.684		0.93107			4
2025.07.15	00:58:53.686		0.93108			4
2025.07.15	00:59:01.077	0.93009	0.93107			6
2025.07.15	00:59:02.280		0.93108			4
2025.07.15	00:59:02.900		0.93109			4
2025.07.15	00:59:06.478		0.93108			4
2025.07.15	00:59:08.686	0.93013				2
2025.07.15	00:59:12.721		0.93107			4
2025.07.15	00:59:13.622	0.93009	0.93105			6
2025.07.15	00:59:14.584		0.93104			4
2025.07.15	00:59:22.169		0.93103			4
2025.07.15	00:59:23.536		0.93102			4
2025.07.15	00:59:31.656		0.93101			4
2025.07.15	00:59:38.685	0.93005				2
2025.07.15	00:59:43.618		0.93102			4
2025.07.15	00:59:46.654		0.93103			4
2025.07.15	00:59:49.680		0.93102			4
2025.07.15	00:59:59.016	0.92998				2
2025.07.15	01:00:00.306	0.92997	0.93108			6
2025.07.15	01:00:00.611		0.93109			4
2025.07.15	01:00:01.081	0.92995	0.93105			6
2025.07.15	01:00:01.400	0.93030	0.93113			6
2025.07.15	01:00:02.266	0.93017				2
2025.07.15	01:00:02.969	0.93019				2
2025.07.15	01:00:03.290	0.93027				2
2025.07.15	01:00:03.598	0.93056	0.93093			6
2025.07.15	01:00:03.946	0.93050				2
2025.07.15	01:00:04.992	0.93046	0.93099			6
2025.07.15	01:00:05.400	0.93048	0.93101			6
2025.07.15	01:00:05.710	0.92950	0.93146			6
2025.07.15	01:00:06.018		0.93142			4
2025.07.15	01:00:06.622		0.93136			4
2025.07.15	01:00:06.925	0.93043	0.93113			6
2025.07.15	01:00:07.234	0.93042				2
2025.07.15	01:00:10.319	0.93043				2
2025.07.15	01:00:11.233	0.93046				2
2025.07.15	01:00:13.700	0.93050				2
2025.07.15	01:00:16.355	0.93054				2
2025.07.15	01:00:16.803	0.93056				2
2025.07.15	01:00:18.045	0.93059	0.93119			6
2025.07.15	01:00:18.351	0.93060				2
2025.07.15	01:00:19.054	0.93071	0.93111			6
2025.07.15	01:00:19.458		0.93113			4
2025.07.15	01:00:20.635	0.93070	0.93111			6
2025.07.15	01:00:21.946	0.93069				2
2025.07.15	01:00:24.145	0.93059	0.93119			6
2025.07.15	01:00:28.336	0.93057				2
2025.07.15	01:00:28.908	0.93062				2
2025.07.15	01:00:35.827		0.93120			4
2025.07.15	01:00:37.488	0.93057	0.93115			6
2025.07.15	01:00:37.924	0.93059				2
2025.07.15	01:00:38.445	0.93063	0.93118			6
2025.07.15	01:00:39.048		0.93117			4
2025.07.15	01:00:39.984		0.93116			4
2025.07.15	01:00:40.437	0.93061	0.93117			6
2025.07.15	01:00:41.276		0.93116			4
2025.07.15	01:00:41.606	0.93060	0.93114			6
2025.07.15	01:00:41.908		0.93115			4
2025.07.15	01:00:42.477		0.93114			4
2025.07.15	01:00:44.281		0.93116			4
2025.07.15	01:00:44.697	0.93057				2
2025.07.15	01:00:46.873	0.93060				2
2025.07.15	01:00:48.177		0.93115			4
2025.07.15	01:00:57.492		0.93114			4
2025.07.15	01:00:58.078	0.93063				2
2025.07.15	01:00:59.960		0.93113			4
2025.07.15	01:01:00.312	0.93063	0.93115			6
2025.07.15	01:01:00.651	0.93061	0.93111			6
2025.07.15	01:01:02.351		0.93112			4
2025.07.15	01:01:02.834		0.93111			4
2025.07.15	01:01:05.260		0.93104			4
2025.07.15	01:01:14.366	0.93075	0.93109			6
2025.07.15	01:01:15.364	0.93067	0.93101			6
2025.07.15	01:01:15.677	0.93065	0.93099			6
2025.07.15	01:01:19.077	0.93064	0.93098			6
2025.07.15	01:01:26.286	0.93066	0.93097			6
2025.07.15	01:01:27.612	0.93068	0.93103			6
2025.07.15	01:01:33.211	0.93067	0.93105			6
2025.07.15	01:01:33.934	0.93072	0.93109			6
2025.07.15	01:01:34.350	0.93070				2
2025.07.15	01:01:34.977	0.93071				2
2025.07.15	01:01:35.286	0.93070				2
2025.07.15	01:01:35.688	0.93073	0.93111			6
2025.07.15	01:01:38.784		0.93109			4
2025.07.15	01:01:40.079	0.93070	0.93106			6
2025.07.15	01:01:42.352	0.93071				2
2025.07.15	01:01:44.315	0.93073	0.93105			6
2025.07.15	01:01:51.479	0.93060	0.93109			6
2025.07.15	01:01:51.806	0.93061				2
2025.07.15	01:01:53.948	0.93062				2
2025.07.15	01:01:56.600	0.93080	0.93111			6
2025.07.15	01:01:57.863	0.93074	0.93105			6
2025.07.15	01:02:00.201	0.93074				2
2025.07.15	01:02:01.997	0.93075	0.93106			6
2025.07.15	01:02:05.340	0.93076	0.93107			6
2025.07.15	01:02:13.260	0.93075	0.93105			6
2025.07.15	01:02:18.667	0.93076	0.93107			6
2025.07.15	01:02:23.935	0.93075	0.93105			6
2025.07.15	01:02:26.506	0.93076	0.93106			6
2025.07.15	01:02:28.078	0.93075	0.93107			6
2025.07.15	01:02:28.436	0.93077	0.93108			6
2025.07.15	01:02:32.559	0.93076				2
2025.07.15	01:02:36.497	0.93075	0.93107			6
2025.07.15	01:02:38.162	0.93076	0.93106			6
2025.07.15	01:02:39.807	0.93079	0.93109			6
2025.07.15	01:02:44.195	0.93080	0.93110			6
2025.07.15	01:02:47.949		0.93109			4
2025.07.15	01:02:49.873	0.93078	0.93107			6
2025.07.15	01:02:55.362	0.93080	0.93109			6
2025.07.15	01:03:00.267	0.93080				2
2025.07.15	01:03:00.644	0.93078	0.93108			6
2025.07.15	01:03:02.441	0.93079				2
2025.07.15	01:03:03.477		0.93109			4
2025.07.15	01:03:07.703	0.93078				2
2025.07.15	01:03:11.384	0.93077	0.93108			6
2025.07.15	01:03:17.878		0.93107			4
2025.07.15	01:03:27.778		0.93106			4
2025.07.15	01:03:31.079		0.93107			4
2025.07.15	01:03:32.510		0.93106			4
2025.07.15	01:03:33.441	0.93065	0.93095			6
2025.07.15	01:03:33.755	0.93066				2
2025.07.15	01:03:34.663		0.93096			4
2025.07.15	01:03:38.165		0.93097			4
2025.07.15	01:03:39.173	0.93067	0.93105			6
2025.07.15	01:03:40.355	0.93068				2
2025.07.15	01:03:42.176		0.93104			4
2025.07.15	01:03:43.991	0.93067				2
2025.07.15	01:03:50.278	0.93071				2
2025.07.15	01:03:52.084	0.93072				2
2025.07.15	01:03:53.177		0.93105			4
2025.07.15	01:03:54.779		0.93106			4
2025.07.15	01:03:55.178	0.93074				2
2025.07.15	01:04:00.361	0.93077	0.93107			6
2025.07.15	01:04:01.885	0.93078				2
2025.07.15	01:04:05.928	0.93080				2
2025.07.15	01:04:10.371	0.93078	0.93106			6
2025.07.15	01:04:11.285	0.93075				2
2025.07.15	01:04:12.781		0.93105			4
2025.07.15	01:04:14.542	0.93076				2
2025.07.15	01:04:16.617	0.93079				2
2025.07.15	01:04:21.477	0.93077				2
2025.07.15	01:04:22.357	0.93079				2
2025.07.15	01:04:26.278	0.93081				2
2025.07.15	01:04:36.445	0.93078	0.93104			6
2025.07.15	01:04:41.301	0.93077				2
2025.07.15	01:04:45.709	0.93066	0.93094			6
2025.07.15	01:04:46.084		0.93102			4
2025.07.15	01:04:50.578		0.93101			4
2025.07.15	01:04:52.020		0.93102			4
2025.07.15	01:04:54.515		0.93093			4
2025.07.15	01:04:55.046		0.93094			4
2025.07.15	01:04:57.903	0.93081	0.93105			6
2025.07.15	01:04:58.210	0.93073	0.93103			6
2025.07.15	01:04:59.490		0.93102			4
2025.07.15	01:05:00.046	0.93073	0.93103			6
2025.07.15	01:05:00.436	0.93062	0.93098			6
2025.07.15	01:05:00.797	0.93063				2
2025.07.15	01:05:01.378	0.93062				2
2025.07.15	01:05:03.490		0.93099			4
2025.07.15	01:05:08.353	0.93067				2
2025.07.15	01:05:12.348	0.93070				2
2025.07.15	01:05:13.771		0.93100			4
2025.07.15	01:05:26.356	0.93071				2
2025.07.15	01:05:38.439	0.93072				2
2025.07.15	01:05:38.760	0.93074	0.93104			6
2025.07.15	01:05:41.470	0.93076				2
2025.07.15	01:05:48.548	0.93075				2
2025.07.15	01:05:50.877		0.93103			4
2025.07.15	01:05:53.573	0.93078				2
2025.07.15	01:05:58.129	0.93075				2
2025.07.15	01:06:00.361	0.93078				2
2025.07.15	01:06:18.708	0.93079				2
2025.07.15	01:06:23.463	0.93080				2
2025.07.15	01:06:28.450	0.93078				2
2025.07.15	01:06:35.570		0.93102			4
2025.07.15	01:06:41.578		0.93101			4
2025.07.15	01:06:46.076		0.93102			4
2025.07.15	01:07:00.517	0.93078	0.93103			6
2025.07.15	01:07:05.278		0.93102			4
2025.07.15	01:07:07.976		0.93101			4
2025.07.15	01:07:10.450		0.93100			4
2025.07.15	01:07:17.579		0.93101			4
2025.07.15	01:07:19.381		0.93100			4
2025.07.15	01:07:22.032	0.93077				2
2025.07.15	01:07:26.068		0.93102			4
2025.07.15	01:07:26.375	0.93078				2
2025.07.15	01:07:31.853		0.93103			4
2025.07.15	01:07:32.825		0.93102			4
2025.07.15	01:07:33.886	0.93082	0.93105			6
2025.07.15	01:07:34.424		0.93106			4
2025.07.15	01:07:36.071		0.93105			4
2025.07.15	01:07:37.678		0.93106			4
2025.07.15	01:07:46.516	0.93080				2
2025.07.15	01:07:51.710	0.93083				2
2025.07.15	01:07:57.035	0.93080				2
2025.07.15	01:07:59.940	0.93084	0.93109			6
2025.07.15	01:08:00.329	0.93084				2
2025.07.15	01:08:03.061		0.93110			4
2025.07.15	01:08:05.824	0.93085				2
2025.07.15	01:08:06.491	0.93086				2
2025.07.15	01:08:07.363	0.93087				2
2025.07.15	01:08:10.013	0.93086				2
2025.07.15	01:08:10.366	0.93087				2
2025.07.15	01:08:11.574	0.93086				2
2025.07.15	01:08:15.084	0.93087				2
2025.07.15	01:08:16.209	0.93085				2
2025.07.15	01:08:20.928	0.93079	0.93106			6
2025.07.15	01:08:21.336	0.93080				2
2025.07.15	01:08:22.395	0.93081				2
2025.07.15	01:08:22.945	0.93084				2
2025.07.15	01:08:25.678	0.93083				2
2025.07.15	01:08:31.458		0.93105			4
2025.07.15	01:08:32.423	0.93081	0.93106			6
2025.07.15	01:08:34.377	0.93082	0.93105			6
2025.07.15	01:08:34.709	0.93080				2
2025.07.15	01:08:36.479	0.93082	0.93106			6
2025.07.15	01:08:36.823	0.93081				2
2025.07.15	01:08:37.977		0.93105			4
2025.07.15	01:08:38.677	0.93083	0.93103			6
2025.07.15	01:08:38.984	0.93075	0.93102			6
2025.07.15	01:08:39.299	0.93076	0.93101			6
2025.07.15	01:08:40.255	0.93075				2
2025.07.15	01:08:44.374	0.93073				2
2025.07.15	01:08:50.357	0.93076				2
2025.07.15	01:08:54.777		0.93102			4
2025.07.15	01:08:55.204	0.93077				2
2025.07.15	01:08:58.351	0.93078				2
2025.07.15	01:08:59.754	0.93077				2
2025.07.15	01:09:00.115	0.93078				2
2025.07.15	01:09:00.467	0.93076	0.93099			6
2025.07.15	01:09:00.942	0.93075				2
2025.07.15	01:09:02.277	0.93074				2
2025.07.15	01:09:04.077		0.93098			4
2025.07.15	01:09:08.347	0.93075				2
2025.07.15	01:09:12.890	0.93077				2
2025.07.15	01:09:16.624	0.93078				2
2025.07.15	01:09:21.277	0.93075				2
2025.07.15	01:09:23.695	0.93073				2
2025.07.15	01:09:33.697	0.93075				2
2025.07.15	01:09:36.653	0.93077				2
2025.07.15	01:09:38.543	0.93076				2
2025.07.15	01:09:39.375	0.93077				2
2025.07.15	01:09:41.316	0.93076				2
2025.07.15	01:09:43.573	0.93077				2
2025.07.15	01:09:45.154	0.93076				2
2025.07.15	01:09:46.293	0.93078	0.93097			6
2025.07.15	01:09:46.934	0.93081	0.93098			6
2025.07.15	01:09:48.352	0.93078				2
2025.07.15	01:09:51.078	0.93077				2
2025.07.15	01:09:56.364	0.93075				2
2025.07.15	01:09:58.355	0.93076				2
2025.07.15	01:10:00.178	0.93075				2
2025.07.15	01:10:00.499	0.93076	0.93099			6
2025.07.15	01:10:04.032	0.93077				2
2025.07.15	01:10:06.510	0.93078				2
2025.07.15	01:10:07.758	0.93080	0.93100			6
2025.07.15	01:10:08.775	0.93076	0.93099			6
2025.07.15	01:10:11.189		0.93100			4
2025.07.15	01:10:12.257		0.93099			4
2025.07.15	01:10:22.376	0.93075	0.93100			6
2025.07.15	01:10:23.639		0.93099			4
2025.07.15	01:10:24.329	0.93071				2
2025.07.15	01:10:24.696	0.93078	0.93101			6
2025.07.15	01:10:25.793	0.93072	0.93099			6
2025.07.15	01:10:27.478	0.93071				2
2025.07.15	01:10:30.177	0.93072				2
2025.07.15	01:10:31.036	0.93078	0.93100			6
2025.07.15	01:10:32.117	0.93072	0.93098			6
2025.07.15	01:10:33.117		0.93099			4
2025.07.15	01:10:34.353	0.93075				2
2025.07.15	01:10:38.278	0.93074				2
2025.07.15	01:10:38.647	0.93075				2
2025.07.15	01:10:55.167	0.93071	0.93098			6
2025.07.15	01:10:55.499	0.93072	0.93097			6
2025.07.15	01:10:56.010	0.93073	0.93098			6
2025.07.15	01:10:56.353	0.93072				2
2025.07.15	01:11:00.477	0.93072				2
2025.07.15	01:11:02.277		0.93099			4
2025.07.15	01:11:06.350	0.93073				2
2025.07.15	01:11:07.078		0.93098			4
2025.07.15	01:11:07.818		0.93099			4
2025.07.15	01:11:16.076		0.93098			4
2025.07.15	01:11:16.677		0.93099			4
2025.07.15	01:11:21.479		0.93098			4
2025.07.15	01:11:24.478		0.93099			4
2025.07.15	01:11:27.016	0.93074				2
2025.07.15	01:11:31.378		0.93098			4
2025.07.15	01:11:57.007	0.93073				2
2025.07.15	01:11:58.372	0.93072				2
2025.07.15	01:12:00.566	0.93072				2
2025.07.15	01:12:02.578		0.93097			4
2025.07.15	01:12:04.382		0.93098			4
2025.07.15	01:12:09.777		0.93097			4
2025.07.15	01:12:31.796	0.93073				2
2025.07.15	01:12:42.587	0.93072				2
2025.07.15	01:13:02.822	0.93070				2
2025.07.15	01:13:04.378		0.93096			4
2025.07.15	01:13:06.412	0.93073	0.93097			6
2025.07.15	01:13:07.009	0.93072				2
2025.07.15	01:13:16.504	0.93070	0.93096			6
2025.07.15	01:13:16.895	0.93071	0.93097			6
2025.07.15	01:13:17.609	0.93070				2
2025.07.15	01:13:17.933		0.93096			4
2025.07.15	01:13:18.258		0.93097			4
2025.07.15	01:13:20.212	0.93067	0.93092			6
2025.07.15	01:13:20.642	0.93068	0.93091			6
2025.07.15	01:13:22.349		0.93093			4
2025.07.15	01:13:22.658		0.93094			4
2025.07.15	01:13:22.989	0.93067				2
2025.07.15	01:13:23.990	0.93068				2
2025.07.15	01:13:27.736	0.93067	0.93093			6
2025.07.15	01:13:28.045		0.93094			4
2025.07.15	01:13:28.944	0.93070				2
2025.07.15	01:13:30.478	0.93071				2
2025.07.15	01:13:42.437	0.93070	0.93091			6
2025.07.15	01:13:43.094	0.93073				2
2025.07.15	01:13:44.525	0.93071	0.93093			6
2025.07.15	01:14:00.016	0.93070	0.93095			6
2025.07.15	01:14:00.445		0.93094			4
2025.07.15	01:14:02.138	0.93067	0.93095			6
2025.07.15	01:14:02.485	0.93072	0.93096			6
2025.07.15	01:14:03.858	0.93070				2
2025.07.15	01:14:09.254	0.93072				2
2025.07.15	01:14:12.771	0.93073	0.93095			6
2025.07.15	01:14:13.861	0.93072				2
2025.07.15	01:14:14.578		0.93094			4
2025.07.15	01:14:15.478		0.93095			4
2025.07.15	01:14:16.344	0.93073	0.93093			6
2025.07.15	01:14:16.802	0.93071				2
2025.07.15	01:14:17.561	0.93072				2
2025.07.15	01:14:19.375	0.93071				2
2025.07.15	01:14:24.126	0.93072				2
2025.07.15	01:14:29.879	0.93071				2
2025.07.15	01:14:31.679	0.93072				2
2025.07.15	01:14:36.452	0.93076	0.93098			6
2025.07.15	01:14:41.987	0.93070	0.93090			6
2025.07.15	01:14:42.289	0.93074				2
2025.07.15	01:14:42.656	0.93073	0.93091			6
2025.07.15	01:14:42.967		0.93090			4
2025.07.15	01:14:46.680	0.93071	0.93089			6
2025.07.15	01:14:47.008	0.93069				2
2025.07.15	01:14:47.323	0.93073				2
2025.07.15	01:14:48.199	0.93072				2
2025.07.15	01:14:49.014	0.93064	0.93088			6
2025.07.15	01:14:49.335	0.93068				2
2025.07.15	01:14:49.683	0.93064				2
2025.07.15	01:14:50.290	0.93072				2
2025.07.15	01:14:50.674	0.93064				2
2025.07.15	01:14:51.509	0.93072				2
2025.07.15	01:14:52.666	0.93064				2
2025.07.15	01:14:52.983	0.93068				2
2025.07.15	01:14:56.496	0.93069				2
2025.07.15	01:14:57.995	0.93068				2
2025.07.15	01:14:59.144	0.93070				2
2025.07.15	01:15:00.378	0.93074	0.93091			6
2025.07.15	01:15:00.679		0.93090			4
2025.07.15	01:15:01.005	0.93072	0.93088			6
2025.07.15	01:15:01.409	0.93067				2
2025.07.15	01:15:02.129	0.93068	0.93087			6
2025.07.15	01:15:02.442	0.93071	0.93089			6
2025.07.15	01:15:02.813	0.93072	0.93088			6
2025.07.15	01:15:03.156	0.93071	0.93091			6
2025.07.15	01:15:04.878	0.93072				2
2025.07.15	01:15:05.217	0.93071				2
2025.07.15	01:15:05.884	0.93072				2
2025.07.15	01:15:06.254	0.93071				2
2025.07.15	01:15:06.933	0.93072				2
2025.07.15	01:15:07.281	0.93071				2
2025.07.15	01:15:07.965	0.93072				2
2025.07.15	01:15:08.310	0.93071				2
2025.07.15	01:15:08.992	0.93072	0.93089			6
2025.07.15	01:15:09.452	0.93071	0.93090			6
2025.07.15	01:15:10.138	0.93072	0.93089			6
2025.07.15	01:15:10.483	0.93071	0.93090			6
2025.07.15	01:15:11.167	0.93072	0.93089			6
2025.07.15	01:15:11.515	0.93071	0.93090			6
2025.07.15	01:15:11.884	0.93072	0.93089			6
2025.07.15	01:15:12.543	0.93071				2
2025.07.15	01:15:12.885	0.93072				2
2025.07.15	01:15:13.574	0.93070	0.93090			6
2025.07.15	01:15:13.879	0.93072	0.93089			6
2025.07.15	01:15:14.600	0.93071	0.93090			6
2025.07.15	01:15:14.916	0.93072	0.93089			6
2025.07.15	01:15:15.744	0.93071				2
2025.07.15	01:15:16.101	0.93072				2
2025.07.15	01:15:17.691	0.93071				2
2025.07.15	01:15:17.998	0.93072	0.93091			6
2025.07.15	01:15:18.721	0.93071				2
2025.07.15	01:15:19.064	0.93072				2
2025.07.15	01:15:19.748	0.93071				2
2025.07.15	01:15:20.052	0.93072				2
2025.07.15	01:15:20.787	0.93071				2
2025.07.15	01:15:21.101	0.93072				2
2025.07.15	01:15:21.923	0.93071				2
2025.07.15	01:15:22.270	0.93072				2
2025.07.15	01:15:22.953	0.93071				2
2025.07.15	01:15:23.290	0.93072				2
2025.07.15	01:15:23.616	0.93062	0.93085			6
2025.07.15	01:15:23.952	0.93065	0.93084			6
2025.07.15	01:15:24.648	0.93069	0.93086			6
2025.07.15	01:15:24.983	0.93070	0.93085			6
2025.07.15	01:15:25.850	0.93065	0.93084			6
2025.07.15	01:15:26.783	0.93069	0.93086			6
2025.07.15	01:15:27.111		0.93085			4
2025.07.15	01:15:27.419		0.93086			4
2025.07.15	01:15:28.318	0.93065	0.93084			6
2025.07.15	01:15:28.927		0.93085			4
2025.07.15	01:15:29.315	0.93069	0.93086			6
2025.07.15	01:15:30.350	0.93071	0.93088			6
2025.07.15	01:15:30.657	0.93070				2
2025.07.15	01:15:31.008	0.93071	0.93087			6
2025.07.15	01:15:32.280		0.93086			4
2025.07.15	01:15:32.606	0.93068	0.93087			6
2025.07.15	01:15:32.919	0.93070	0.93090			6
2025.07.15	01:15:33.324		0.93088			4
2025.07.15	01:15:33.638		0.93090			4
2025.07.15	01:15:33.970	0.93072				2
2025.07.15	01:15:34.293	0.93071	0.93088			6
2025.07.15	01:15:34.613	0.93065	0.93087			6
2025.07.15	01:15:35.535	0.93072	0.93088			6
2025.07.15	01:15:35.900	0.93066	0.93087			6
2025.07.15	01:15:36.799		0.93086			4
2025.07.15	01:15:37.126	0.93069	0.93087			6
2025.07.15	01:15:37.945	0.93067	0.93081			6
2025.07.15	01:15:38.266	0.93069	0.93089			6
2025.07.15	01:15:38.607	0.93070				2
2025.07.15	01:15:39.000	0.93069	0.93087			6
2025.07.15	01:15:39.341	0.93070				2
2025.07.15	01:15:40.083		0.93084			4
2025.07.15	01:15:40.434		0.93085			4
2025.07.15	01:15:41.223		0.93090			4
2025.07.15	01:15:42.212	0.93069	0.93089			6
2025.07.15	01:15:42.518	0.93070	0.93090			6
2025.07.15	01:15:43.247	0.93071	0.93086			6
2025.07.15	01:15:43.559	0.93070	0.93089			6
2025.07.15	01:15:43.872		0.93086			4
2025.07.15	01:15:44.741		0.93089			4
2025.07.15	01:15:45.099		0.93085			4
2025.07.15	01:15:46.073	0.93071	0.93089			6
2025.07.15	01:15:47.022		0.93085			4
2025.07.15	01:15:47.659	0.93069	0.93087			6
2025.07.15	01:15:48.017	0.93070				2
2025.07.15	01:15:48.439	0.93068	0.93085			6
2025.07.15	01:15:48.746	0.93070				2
2025.07.15	01:15:50.228	0.93069				2
2025.07.15	01:15:50.918	0.93070				2
2025.07.15	01:15:55.565	0.93069				2
2025.07.15	01:15:56.014	0.93070				2
2025.07.15	01:15:56.581	0.93069				2
2025.07.15	01:15:56.899	0.93070				2
2025.07.15	01:16:00.008	0.93070				2
2025.07.15	01:16:00.844	0.93069				2
2025.07.15	01:16:01.193	0.93070				2
2025.07.15	01:16:01.892	0.93069				2
2025.07.15	01:16:02.231	0.93070	0.93084			6
2025.07.15	01:16:02.576		0.93085			4
2025.07.15	01:16:05.209	0.93069				2
2025.07.15	01:16:05.599	0.93070	0.93084			6
2025.07.15	01:16:12.548	0.93063	0.93083			6
2025.07.15	01:16:12.851	0.93068				2
2025.07.15	01:16:15.164		0.93084			4
2025.07.15	01:16:15.749	0.93067				2
2025.07.15	01:16:17.131	0.93068				2
2025.07.15	01:16:21.284	0.93071	0.93088			6
2025.07.15	01:16:21.778	0.93070	0.93090			6
2025.07.15	01:16:22.134	0.93071	0.93085			6
2025.07.15	01:16:22.846	0.93070	0.93086			6
2025.07.15	01:16:23.169	0.93071	0.93088			6
2025.07.15	01:16:23.878	0.93069	0.93083			6
2025.07.15	01:16:24.185	0.93068				2
2025.07.15	01:16:28.322	0.93069	0.93087			6
2025.07.15	01:16:29.025	0.93068	0.93085			6
2025.07.15	01:16:29.358	0.93070	0.93084			6
2025.07.15	01:16:29.828	0.93069				2
2025.07.15	01:16:30.235	0.93070	0.93085			6
2025.07.15	01:16:30.538		0.93084			4
2025.07.15	01:16:30.861	0.93069				2
2025.07.15	01:16:31.203	0.93070				2
2025.07.15	01:16:31.549	0.93069				2
2025.07.15	01:16:32.233	0.93070	0.93088			6
2025.07.15	01:16:32.555	0.93069	0.93089			6
2025.07.15	01:16:32.914	0.93070				2
2025.07.15	01:16:33.258		0.93084			4
2025.07.15	01:16:33.716	0.93069				2
2025.07.15	01:16:34.179		0.93085			4
2025.07.15	01:16:34.519	0.93070	0.93084			6
2025.07.15	01:16:34.868	0.93069				2
2025.07.15	01:16:35.441	0.93070				2
2025.07.15	01:16:35.782	0.93069				2
2025.07.15	01:16:36.470	0.93070				2
2025.07.15	01:16:36.813	0.93069				2
2025.07.15	01:16:37.269		0.93083			4
2025.07.15	01:16:37.953	0.93068				2
2025.07.15	01:16:38.298	0.93069				2
2025.07.15	01:16:38.986	0.93068				2
2025.07.15	01:16:41.505	0.93069	0.93082			6
2025.07.15	01:16:41.964	0.93068	0.93083			6
2025.07.15	01:16:42.687	0.93069	0.93082			6
2025.07.15	01:16:42.993	0.93068	0.93083			6
2025.07.15	01:16:43.451	0.93069				2
2025.07.15	01:16:44.151	0.93067				2
2025.07.15	01:16:44.499	0.93068				2
2025.07.15	01:16:46.630	0.93067	0.93084			6
2025.07.15	01:16:47.665	0.93066				2
2025.07.15	01:16:48.359	0.93067				2
2025.07.15	01:16:49.377	0.93065	0.93085			6
2025.07.15	01:16:49.695	0.93067	0.93084			6
2025.07.15	01:16:50.420	0.93065	0.93085			6
2025.07.15	01:16:50.732	0.93067	0.93084			6
2025.07.15	01:16:51.107	0.93066				2
2025.07.15	01:16:51.450	0.93065	0.93085			6
2025.07.15	01:16:51.762	0.93067	0.93084			6
2025.07.15	01:16:52.073	0.93064				2
2025.07.15	01:16:52.378	0.93066				2
2025.07.15	01:16:53.716	0.93070				2
2025.07.15	01:16:54.081	0.93068	0.93083			6
2025.07.15	01:16:54.421	0.93066	0.93084			6
2025.07.15	01:16:54.745	0.93070				2
2025.07.15	01:16:55.217	0.93066				2
2025.07.15	01:16:55.551	0.93068	0.93086			6
2025.07.15	01:16:55.893	0.93066	0.93084			6
2025.07.15	01:16:56.257	0.93067				2
2025.07.15	01:16:56.714	0.93069	0.93086			6
2025.07.15	01:16:57.024	0.93070	0.93084			6
2025.07.15	01:16:57.402	0.93067				2
2025.07.15	01:16:57.745	0.93069	0.93088			6
2025.07.15	01:16:58.048		0.93083			4
2025.07.15	01:16:58.350	0.93068	0.93082			6
2025.07.15	01:16:59.021	0.93069	0.93084			6
2025.07.15	01:17:00.121	0.93069				2
2025.07.15	01:17:00.444	0.93065	0.93081			6
2025.07.15	01:17:00.765	0.93064	0.93082			6
2025.07.15	01:17:01.159	0.93069				2
2025.07.15	01:17:01.472	0.93068	0.93083			6
2025.07.15	01:17:03.547		0.93084			4
2025.07.15	01:17:04.134	0.93069	0.93083			6
2025.07.15	01:17:06.266	0.93063	0.93079			6
2025.07.15	01:17:08.207	0.93068	0.93082			6
2025.07.15	01:17:08.532	0.93065				2
2025.07.15	01:17:09.970		0.93080			4
2025.07.15	01:17:14.879	0.93066				2
2025.07.15	01:17:15.257	0.93065				2
2025.07.15	01:17:16.827	0.93066				2
2025.07.15	01:17:18.488	0.93065				2
2025.07.15	01:17:19.011	0.93066				2
2025.07.15	01:17:19.319	0.93065				2
2025.07.15	01:17:23.017	0.93066				2
2025.07.15	01:17:23.370	0.93069	0.93084			6
2025.07.15	01:17:25.077	0.93068	0.93085			6
2025.07.15	01:17:27.566		0.93084			4
2025.07.15	01:17:30.178		0.93085			4
2025.07.15	01:17:32.576	0.93069	0.93084			6
2025.07.15	01:17:39.478	0.93068	0.93085			6
2025.07.15	01:17:41.636		0.93084			4
2025.07.15	01:17:42.968	0.93067				2
2025.07.15	01:17:44.129	0.93068	0.93085			6
2025.07.15	01:17:47.257		0.93084			4
2025.07.15	01:17:48.292		0.93085			4
2025.07.15	01:17:48.744	0.93069				2
2025.07.15	01:17:49.361		0.93086			4
2025.07.15	01:17:49.977		0.93085			4
2025.07.15	01:17:50.763		0.93086			4
2025.07.15	01:17:51.820		0.93085			4
2025.07.15	01:17:52.679		0.93086			4
2025.07.15	01:17:53.871		0.93085			4
2025.07.15	01:17:54.205	0.93068	0.93086			6
2025.07.15	01:17:54.907	0.93069	0.93085			6
2025.07.15	01:17:58.212	0.93068				2
2025.07.15	01:18:00.272	0.93068				2
2025.07.15	01:18:02.418		0.93086			4
2025.07.15	01:18:02.754	0.93069				2
2025.07.15	01:18:04.662	0.93070	0.93085			6
2025.07.15	01:18:05.278	0.93069	0.93086			6
2025.07.15	01:18:09.380		0.93087			4
2025.07.15	01:18:11.872	0.93070	0.93086			6
2025.07.15	01:18:12.179	0.93069	0.93087			6
2025.07.15	01:18:13.492		0.93086			4
2025.07.15	01:18:20.281		0.93087			4
2025.07.15	01:18:20.592		0.93086			4
2025.07.15	01:18:21.178		0.93087			4
2025.07.15	01:18:21.582		0.93086			4
2025.07.15	01:18:22.377		0.93087			4
2025.07.15	01:18:22.678		0.93086			4
2025.07.15	01:18:23.292		0.93087			4
2025.07.15	01:18:23.704		0.93086			4
2025.07.15	01:18:24.476	0.93070				2
2025.07.15	01:18:24.821	0.93069	0.93087			6
2025.07.15	01:18:33.037	0.93070	0.93086			6
2025.07.15	01:18:33.775	0.93069	0.93087			6
2025.07.15	01:18:35.110	0.93070	0.93086			6
2025.07.15	01:18:36.516	0.93069	0.93087			6
2025.07.15	01:18:38.220	0.93070	0.93086			6
2025.07.15	01:18:38.616	0.93069	0.93087			6
2025.07.15	01:18:39.260	0.93070	0.93086			6
2025.07.15	01:18:39.586	0.93069	0.93087			6
2025.07.15	01:18:41.336	0.93070	0.93086			6
2025.07.15	01:18:44.441	0.93069				2
2025.07.15	01:18:56.882	0.93070				2
2025.07.15	01:18:58.083	0.93069				2
2025.07.15	01:18:59.992	0.93070				2
2025.07.15	01:19:00.322	0.93070				2
2025.07.15	01:19:00.626		0.93087			4
2025.07.15	01:19:01.107	0.93071	0.93086			6
2025.07.15	01:19:01.417	0.93070	0.93087			6
2025.07.15	01:19:01.999	0.93071	0.93086			6
2025.07.15	01:19:02.353	0.93070	0.93087			6
2025.07.15	01:19:05.236	0.93071	0.93086			6
2025.07.15	01:19:05.566	0.93070	0.93087			6
2025.07.15	01:19:12.383		0.93086			4
2025.07.15	01:19:15.599	0.93071				2
2025.07.15	01:19:15.932	0.93070				2
2025.07.15	01:19:23.505	0.93069	0.93085			6
2025.07.15	01:19:24.479	0.93070	0.93086			6
2025.07.15	01:19:25.654		0.93085			4
2025.07.15	01:19:25.977		0.93086			4
2025.07.15	01:19:29.770		0.93085			4
2025.07.15	01:19:30.478	0.93071	0.93086			6
2025.07.15	01:19:32.285	0.93070				2
2025.07.15	01:19:32.763	0.93071				2
2025.07.15	01:19:33.476	0.93070				2
2025.07.15	01:19:33.807	0.93071				2
2025.07.15	01:19:34.377	0.93070				2
2025.07.15	01:19:34.855	0.93071				2
2025.07.15	01:19:35.282	0.93070				2
2025.07.15	01:19:35.899	0.93071				2
2025.07.15	01:19:36.476	0.93070				2
2025.07.15	01:19:36.940	0.93071				2
2025.07.15	01:19:37.678	0.93070				2
2025.07.15	01:19:37.983	0.93071				2
2025.07.15	01:19:38.577	0.93070				2
2025.07.15	01:19:39.027	0.93071				2
2025.07.15	01:19:39.478	0.93070				2
2025.07.15	01:19:41.101	0.93071				2
2025.07.15	01:19:41.576	0.93070				2
2025.07.15	01:19:42.140	0.93071				2
2025.07.15	01:19:42.779	0.93070				2
2025.07.15	01:19:43.176	0.93071				2
2025.07.15	01:19:59.483	0.93073				2
2025.07.15	01:19:59.991		0.93087			4
2025.07.15	01:20:00.639	0.93073				2
2025.07.15	01:20:06.364		0.93085			4
2025.07.15	01:20:09.251	0.93072	0.93086			6
2025.07.15	01:20:09.556	0.93071	0.93087			6
2025.07.15	01:20:10.317	0.93072				2
2025.07.15	01:20:12.439	0.93071				2
2025.07.15	01:20:13.483	0.93072	0.93086			6
2025.07.15	01:20:14.526	0.93071	0.93087			6
2025.07.15	01:20:15.570	0.93072	0.93086			6
2025.07.15	01:20:15.884	0.93071	0.93087			6
2025.07.15	01:20:17.136	0.93072	0.93086			6
2025.07.15	01:20:18.777		0.93085			4
2025.07.15	01:20:19.082	0.93073				2
2025.07.15	01:20:19.785		0.93086			4
2025.07.15	01:20:22.731	0.93074				2
2025.07.15	01:20:23.878	0.93073				2
2025.07.15	01:20:25.018		0.93087			4
2025.07.15	01:20:25.978		0.93086			4
2025.07.15	01:20:27.160		0.93087			4
2025.07.15	01:20:28.204		0.93086			4
2025.07.15	01:20:29.578	0.93074				2
2025.07.15	01:20:30.196	0.93073	0.93087			6
2025.07.15	01:20:31.079		0.93086			4
2025.07.15	01:20:33.177	0.93074				2
2025.07.15	01:20:33.523	0.93073				2
2025.07.15	01:20:33.855	0.93074				2
2025.07.15	01:20:35.379	0.93073	0.93087			6
2025.07.15	01:20:36.545	0.93074	0.93086			6
2025.07.15	01:20:37.699		0.93087			4
2025.07.15	01:20:39.178		0.93086			4
2025.07.15	01:20:40.566	0.93073	0.93087			6
2025.07.15	01:20:40.932	0.93074				2
2025.07.15	01:20:41.239		0.93086			4
2025.07.15	01:20:41.601		0.93087			4
2025.07.15	01:20:43.868		0.93086			4
2025.07.15	01:20:44.279		0.93087			4
2025.07.15	01:20:45.729		0.93086			4
2025.07.15	01:20:47.578		0.93087			4
2025.07.15	01:20:49.176		0.93086			4
2025.07.15	01:20:51.778		0.93087			4
2025.07.15	01:21:00.248	0.93074				2
2025.07.15	01:21:03.776		0.93086			4
2025.07.15	01:21:06.462		0.93087			4
2025.07.15	01:21:07.077		0.93086			4
2025.07.15	01:21:09.478		0.93087			4
2025.07.15	01:21:11.578		0.93086			4
2025.07.15	01:21:12.095		0.93087			4
2025.07.15	01:21:12.457		0.93086			4
2025.07.15	01:21:12.806	0.93073	0.93087			6
2025.07.15	01:21:13.713	0.93074				2
2025.07.15	01:21:14.277	0.93073				2
2025.07.15	01:21:14.752	0.93074				2
2025.07.15	01:21:15.478	0.93073				2
2025.07.15	01:21:15.784	0.93074				2
2025.07.15	01:21:16.378	0.93073				2
2025.07.15	01:21:18.894	0.93074				2
2025.07.15	01:21:19.378	0.93073				2
2025.07.15	01:21:21.293		0.93089			4
2025.07.15	01:21:22.523	0.93074	0.93088			6
2025.07.15	01:21:24.177	0.93073	0.93089			6
2025.07.15	01:21:24.721		0.93088			4
2025.07.15	01:21:27.963	0.93074				2
2025.07.15	01:21:28.357	0.93073	0.93089			6
2025.07.15	01:21:28.997	0.93074	0.93088			6
2025.07.15	01:21:29.578	0.93073				2
2025.07.15	01:21:30.035	0.93074				2
2025.07.15	01:21:30.413	0.93073	0.93089			6
2025.07.15	01:21:31.678		0.93088			4
2025.07.15	01:21:32.108	0.93074				2
2025.07.15	01:21:32.578	0.93073				2
2025.07.15	01:21:33.146	0.93074				2
2025.07.15	01:21:33.777	0.93073				2
2025.07.15	01:21:34.181	0.93074				2
2025.07.15	01:21:34.682	0.93073				2
2025.07.15	01:21:35.218	0.93074				2
2025.07.15	01:21:35.878	0.93073				2
2025.07.15	01:21:36.253	0.93074				2
2025.07.15	01:21:36.779	0.93073				2
2025.07.15	01:21:37.292	0.93074				2
2025.07.15	01:21:39.363	0.93073				2
2025.07.15	01:21:40.393	0.93074				2
2025.07.15	01:21:40.978	0.93073				2
2025.07.15	01:21:42.177	0.93074				2
2025.07.15	01:21:45.177	0.93073	0.93086			6
2025.07.15	01:21:51.479	0.93074	0.93087			6
2025.07.15	01:21:51.805	0.93073	0.93088			6
2025.07.15	01:21:52.573	0.93074	0.93087			6
2025.07.15	01:21:53.114		0.93088			4
2025.07.15	01:22:00.340	0.93074				2
2025.07.15	01:22:03.231		0.93087			4
2025.07.15	01:22:03.578		0.93086			4
2025.07.15	01:22:04.773		0.93087			4
2025.07.15	01:22:05.762		0.93088			4
2025.07.15	01:22:06.176		0.93087			4
2025.07.15	01:22:10.959		0.93086			4
2025.07.15	01:22:16.143	0.93073	0.93087			6
2025.07.15	01:22:18.776	0.93074	0.93086			6
2025.07.15	01:22:21.321	0.93073	0.93087			6
2025.07.15	01:22:22.986	0.93074	0.93086			6
2025.07.15	01:22:24.184	0.93073				2
2025.07.15	01:22:25.466		0.93087			4
2025.07.15	01:22:27.483	0.93074	0.93086			6
2025.07.15	01:22:30.617	0.93073	0.93087			6
2025.07.15	01:22:33.480	0.93074	0.93086			6
2025.07.15	01:22:36.835	0.93073	0.93087			6
2025.07.15	01:22:38.888	0.93074	0.93086			6
2025.07.15	01:22:39.971	0.93073	0.93087			6
2025.07.15	01:22:40.771	0.93072	0.93086			6
2025.07.15	01:23:00.777	0.93072				2
2025.07.15	01:23:08.542	0.93074	0.93087			6
2025.07.15	01:23:13.833	0.93075				2
2025.07.15	01:23:14.935	0.93074				2
2025.07.15	01:23:16.102	0.93075				2
2025.07.15	01:23:17.006	0.93074				2
2025.07.15	01:23:34.751	0.93075				2
2025.07.15	01:23:35.654	0.93074				2
2025.07.15	01:23:37.460		0.93086			4
2025.07.15	01:23:39.911		0.93087			4
2025.07.15	01:23:40.945		0.93086			4
2025.07.15	01:23:41.872		0.93087			4
2025.07.15	01:23:42.907	0.93075	0.93088			6
2025.07.15	01:23:43.378	0.93074	0.93087			6
2025.07.15	01:23:46.082	0.93075				2
2025.07.15	01:23:49.060	0.93074				2
2025.07.15	01:23:54.305	0.93075				2
2025.07.15	01:23:56.496	0.93074				2
2025.07.15	01:23:58.077	0.93075				2
2025.07.15	01:23:59.603	0.93074				2
2025.07.15	01:24:00.130	0.93075				2
2025.07.15	01:24:00.520	0.93074	0.93086			6
2025.07.15	01:24:01.558		0.93087			4
2025.07.15	01:24:11.881	0.93075				2
2025.07.15	01:24:13.079	0.93074				2
2025.07.15	01:24:16.513	0.93075				2
2025.07.15	01:24:16.975	0.93074				2
2025.07.15	01:24:17.577	0.93075				2
2025.07.15	01:24:18.199	0.93074				2
2025.07.15	01:24:18.778	0.93075				2
2025.07.15	01:24:19.235	0.93074				2
2025.07.15	01:24:19.677	0.93075				2
2025.07.15	01:24:23.376	0.93074				2
2025.07.15	01:24:23.879	0.93075				2
2025.07.15	01:24:25.318	0.93071				2
2025.07.15	01:24:41.633	0.93073				2
2025.07.15	01:24:41.938	0.93071				2
2025.07.15	01:24:47.393	0.93070	0.93082			6
2025.07.15	01:24:47.701	0.93072	0.93084			6
2025.07.15	01:24:52.437	0.93070	0.93085			6
2025.07.15	01:24:52.769	0.93071	0.93084			6
2025.07.15	01:24:53.486	0.93070	0.93085			6
2025.07.15	01:24:53.808	0.93071	0.93084			6
2025.07.15	01:24:54.523	0.93070	0.93085			6
2025.07.15	01:24:54.847	0.93071	0.93084			6
2025.07.15	01:24:55.559	0.93070	0.93085			6
2025.07.15	01:24:55.883	0.93071	0.93084			6
2025.07.15	01:24:56.595		0.93085			4
2025.07.15	01:24:56.918		0.93084			4
2025.07.15	01:24:57.364	0.93070	0.93085			6
2025.07.15	01:24:58.087	0.93071	0.93083			6
2025.07.15	01:25:00.601	0.93071				2
2025.07.15	01:25:02.605	0.93070				2
2025.07.15	01:25:03.477	0.93071	0.93082			6
2025.07.15	01:25:03.829	0.93070	0.93083			6
2025.07.15	01:25:04.162	0.93069	0.93084			6
2025.07.15	01:25:04.625		0.93085			4
2025.07.15	01:25:08.282		0.93084			4
2025.07.15	01:25:11.876		0.93085			4
2025.07.15	01:25:13.947		0.93084			4
2025.07.15	01:25:15.069	0.93070	0.93085			6
2025.07.15	01:25:16.461	0.93071	0.93084			6
2025.07.15	01:25:17.136		0.93085			4
2025.07.15	01:25:18.091	0.93070				2
2025.07.15	01:25:18.780	0.93071				2
2025.07.15	01:25:20.163	0.93070				2
2025.07.15	01:25:21.160	0.93071	0.93084			6
2025.07.15	01:25:23.092		0.93085			4
2025.07.15	01:25:23.519		0.93084			4
2025.07.15	01:25:24.027		0.93085			4
2025.07.15	01:25:24.559		0.93084			4
2025.07.15	01:25:27.484		0.93085			4
2025.07.15	01:25:27.815		0.93084			4
2025.07.15	01:25:28.437	0.93072				2
2025.07.15	01:25:33.641	0.93071				2
2025.07.15	01:25:34.328	0.93072				2
2025.07.15	01:25:38.823	0.93071	0.93085			6
2025.07.15	01:25:42.777	0.93070	0.93086			6
2025.07.15	01:25:43.078		0.93084			4
2025.07.15	01:25:53.878		0.93085			4
2025.07.15	01:26:00.564	0.93071				2
2025.07.15	01:26:21.944		0.93084			4
2025.07.15	01:26:29.757	0.93072				2
2025.07.15	01:26:30.061	0.93071				2
2025.07.15	01:26:44.679		0.93082			4
2025.07.15	01:26:45.077	0.93069	0.93081			6
2025.07.15	01:26:46.977		0.93082			4
2025.07.15	01:26:53.568		0.93083			4
2025.07.15	01:26:53.946		0.93082			4
2025.07.15	01:26:55.657	0.93070	0.93083			6
2025.07.15	01:26:56.283		0.93081			4
2025.07.15	01:26:56.653	0.93069	0.93080			6
2025.07.15	01:26:58.859	0.93067	0.93074			6
2025.07.15	01:26:59.177		0.93077			4
2025.07.15	01:26:59.484	0.93066	0.93080			6
2025.07.15	01:26:59.827	0.93067				2
2025.07.15	01:27:00.158	0.93066				2
2025.07.15	01:27:03.306	0.93067				2
2025.07.15	01:27:04.298	0.93066				2
2025.07.15	01:27:05.049	0.93067				2
2025.07.15	01:27:05.493	0.93068	0.93082			6
2025.07.15	01:27:09.554	0.93070	0.93084			6
2025.07.15	01:27:11.278	0.93071				2
2025.07.15	01:27:11.617	0.93070	0.93085			6
2025.07.15	01:27:12.178	0.93071	0.93084			6
2025.07.15	01:27:12.719	0.93070	0.93085			6
2025.07.15	01:27:15.777	0.93071	0.93084			6
2025.07.15	01:27:18.932	0.93070				2
2025.07.15	01:27:20.099	0.93071				2
2025.07.15	01:27:22.396	0.93070	0.93083			6
2025.07.15	01:27:22.737	0.93071	0.93085			6
2025.07.15	01:27:23.042	0.93070				2
2025.07.15	01:27:30.075	0.93071	0.93084			6
2025.07.15	01:27:31.366	0.93070	0.93085			6
2025.07.15	01:27:33.655	0.93068	0.93082			6
2025.07.15	01:27:34.038		0.93083			4
2025.07.15	01:27:58.804	0.93067				2
2025.07.15	01:28:04.077	0.93067				2
2025.07.15	01:28:38.577		0.93083			4
2025.07.15	01:29:00.478	0.93067				2
2025.07.15	01:29:18.242		0.93084			4
2025.07.15	01:29:18.734		0.93083			4
2025.07.15	01:29:19.251		0.93084			4
2025.07.15	01:29:19.976		0.93083			4
2025.07.15	01:29:21.329		0.93084			4
2025.07.15	01:29:21.846		0.93083			4
2025.07.15	01:29:22.376		0.93084			4
2025.07.15	01:29:23.392	0.93068	0.93082			6
2025.07.15	01:29:23.699		0.93083			4
2025.07.15	01:29:34.828	0.93067				2
2025.07.15	01:29:36.654	0.93068	0.93084			6
2025.07.15	01:29:37.677		0.93083			4
2025.07.15	01:29:48.825	0.93067				2
2025.07.15	01:29:50.883		0.93084			4
2025.07.15	01:29:51.690		0.93083			4
2025.07.15	01:29:52.968		0.93084			4
2025.07.15	01:29:53.315		0.93083			4
2025.07.15	01:30:00.278	0.93070	0.93084			6
2025.07.15	01:30:00.582		0.93083			4
2025.07.15	01:30:03.226	0.93069	0.93080			6
2025.07.15	01:30:04.148		0.93079			4
2025.07.15	01:30:04.450	0.93070	0.93080			6
2025.07.15	01:30:05.058	0.93069	0.93079			6
2025.07.15	01:30:05.359	0.93070				2
2025.07.15	01:30:05.663	0.93071	0.93080			6
2025.07.15	01:30:06.268	0.93070	0.93081			6
2025.07.15	01:30:06.874	0.93069	0.93084			6
2025.07.15	01:30:07.179		0.93083			4
2025.07.15	01:30:07.573	0.93072	0.93084			6
2025.07.15	01:30:08.016		0.93085			4
2025.07.15	01:30:09.779	0.93071	0.93084			6
2025.07.15	01:30:10.687		0.93083			4
2025.07.15	01:30:11.035		0.93084			4
2025.07.15	01:30:16.325		0.93083			4
2025.07.15	01:30:16.640		0.93084			4
2025.07.15	01:30:17.998		0.93083			4
2025.07.15	01:30:18.445		0.93084			4
2025.07.15	01:30:22.173		0.93083			4
2025.07.15	01:30:22.589		0.93084			4
2025.07.15	01:30:26.349		0.93083			4
2025.07.15	01:30:26.718		0.93084			4
2025.07.15	01:30:28.437		0.93083			4
2025.07.15	01:30:28.791		0.93084			4
2025.07.15	01:30:36.790	0.93072	0.93085			6
2025.07.15	01:30:41.209		0.93086			4
2025.07.15	01:30:42.273	0.93070	0.93084			6
2025.07.15	01:30:45.206	0.93071	0.93085			6
2025.07.15	01:30:46.191	0.93069	0.93082			6
2025.07.15	01:30:48.752		0.93081			4
2025.07.15	01:30:52.460	0.93070	0.93083			6
2025.07.15	01:30:55.177	0.93073	0.93088			6
2025.07.15	01:30:55.494		0.93087			4
2025.07.15	01:31:00.394	0.93073				2
2025.07.15	01:31:09.951		0.93086			4
2025.07.15	01:31:10.611		0.93087			4
2025.07.15	01:31:16.077		0.93086			4
2025.07.15	01:31:17.129		0.93087			4
2025.07.15	01:31:18.021		0.93086			4
2025.07.15	01:31:19.203	0.93072	0.93085			6
2025.07.15	01:31:19.923	0.93073	0.93087			6
2025.07.15	01:31:24.294	0.93069	0.93084			6
2025.07.15	01:31:25.977		0.93083			4
2025.07.15	01:31:30.704		0.93084			4
2025.07.15	01:31:31.264	0.93067	0.93082			6
2025.07.15	01:31:37.852		0.93080			4
2025.07.15	01:31:38.159	0.93066	0.93082			6
2025.07.15	01:31:38.929	0.93067				2
2025.07.15	01:31:52.074	0.93066				2
2025.07.15	01:31:53.384	0.93067	0.93081			6
2025.07.15	01:31:57.477		0.93082			4
2025.07.15	01:31:59.493		0.93081			4
2025.07.15	01:32:00.517	0.93067				2
2025.07.15	01:32:01.027	0.93066				2
2025.07.15	01:32:01.341	0.93068				2
2025.07.15	01:32:02.570	0.93067				2
2025.07.15	01:32:02.975	0.93066	0.93080			6
2025.07.15	01:32:07.199	0.93065				2
2025.07.15	01:32:09.933	0.93064	0.93079			6
2025.07.15	01:32:19.949	0.93063	0.93078			6
2025.07.15	01:32:27.863	0.93065	0.93077			6
2025.07.15	01:32:31.013		0.93078			4
2025.07.15	01:32:33.660		0.93079			4
2025.07.15	01:32:34.993	0.93067	0.93082			6
2025.07.15	01:32:37.686	0.93068				2
2025.07.15	01:32:41.867	0.93067				2
2025.07.15	01:32:50.563	0.93068	0.93083			6
2025.07.15	01:32:58.081		0.93081			4
2025.07.15	01:32:58.410		0.93080			4
2025.07.15	01:33:00.556	0.93068				2
2025.07.15	01:33:13.590	0.93069				2
2025.07.15	01:33:59.069		0.93080			4
2025.07.15	01:34:00.113	0.93069				2
2025.07.15	01:34:00.479	0.93068				2
2025.07.15	01:34:06.059		0.93081			4
2025.07.15	01:34:10.917	0.93069				2
2025.07.15	01:34:18.875		0.93080			4
2025.07.15	01:34:28.378	0.93065	0.93079			6
2025.07.15	01:34:30.909	0.93063	0.93074			6
2025.07.15	01:34:31.223	0.93064				2
2025.07.15	01:34:33.162		0.93075			4
2025.07.15	01:34:39.779	0.93063				2
2025.07.15	01:34:43.368	0.93064	0.93076			6
2025.07.15	01:34:43.698	0.93066	0.93074			6
2025.07.15	01:34:44.063	0.93065				2
2025.07.15	01:34:45.969	0.93064				2
2025.07.15	01:34:46.513		0.93076			4
2025.07.15	01:34:51.152	0.93061	0.93073			6
2025.07.15	01:35:00.435	0.93062	0.93074			6
2025.07.15	01:35:11.159	0.93061				2
2025.07.15	01:35:30.916		0.93073			4
2025.07.15	01:35:40.170	0.93062				2
2025.07.15	01:35:53.344	0.93063				2
2025.07.15	01:35:53.773	0.93062				2
2025.07.15	01:35:55.831	0.93061				2
2025.07.15	01:36:00.244	0.93061				2
2025.07.15	01:36:25.287		0.93071			4
2025.07.15	01:36:25.779	0.93060				2
2025.07.15	01:36:43.377	0.93059				2
2025.07.15	01:36:45.001	0.93060				2
2025.07.15	01:36:53.578	0.93059				2
2025.07.15	01:36:55.421	0.93060				2
2025.07.15	01:37:01.077	0.93060				2
2025.07.15	01:37:01.398		0.93072			4
2025.07.15	01:37:02.411	0.93061				2
2025.07.15	01:37:07.284	0.93062	0.93075			6
2025.07.15	01:37:08.376	0.93063				2
2025.07.15	01:37:08.760		0.93073			4
2025.07.15	01:37:20.413	0.93062	0.93075			6
2025.07.15	01:37:21.246	0.93063				2
2025.07.15	01:37:29.279	0.93062				2
2025.07.15	01:37:31.169	0.93063				2
2025.07.15	01:37:32.128	0.93059	0.93071			6
2025.07.15	01:37:32.787	0.93060				2
2025.07.15	01:37:53.120	0.93059				2
2025.07.15	01:37:54.770	0.93060				2
2025.07.15	01:38:00.521	0.93060				2
2025.07.15	01:38:03.123	0.93063	0.93073			6
2025.07.15	01:38:05.576	0.93062				2
2025.07.15	01:38:06.378	0.93063				2
2025.07.15	01:38:13.022	0.93059	0.93071			6
2025.07.15	01:38:14.958	0.93060				2
2025.07.15	01:38:20.365	0.93062	0.93072			6
2025.07.15	01:38:20.878	0.93061				2
2025.07.15	01:38:22.077	0.93062				2
2025.07.15	01:38:23.615	0.93061				2
2025.07.15	01:38:26.577	0.93062				2
2025.07.15	01:38:33.707	0.93061				2
2025.07.15	01:38:50.771		0.93073			4
2025.07.15	01:38:55.161	0.93062				2
2025.07.15	01:38:55.960	0.93061				2
2025.07.15	01:38:56.606	0.93060				2
2025.07.15	01:39:00.917	0.93060	0.93072			6
2025.07.15	01:39:03.878	0.93061				2
2025.07.15	01:39:04.742	0.93060	0.93071			6
2025.07.15	01:39:05.838	0.93062	0.93074			6
2025.07.15	01:39:09.883	0.93063	0.93075			6
2025.07.15	01:39:30.684	0.93064				2
2025.07.15	01:39:38.481	0.93065				2
2025.07.15	01:39:44.438		0.93076			4
2025.07.15	01:39:45.652	0.93064	0.93075			6
2025.07.15	01:39:49.953	0.93063				2
2025.07.15	01:39:55.133	0.93062	0.93072			6
2025.07.15	01:39:56.049		0.93073			4
2025.07.15	01:39:56.417		0.93072			4
2025.07.15	01:39:56.750		0.93073			4
2025.07.15	01:40:02.484	0.93062				2
2025.07.15	01:40:06.977	0.93065	0.93076			6
2025.07.15	01:40:08.038		0.93075			4
2025.07.15	01:40:21.478		0.93074			4
2025.07.15	01:40:21.780		0.93075			4
2025.07.15	01:40:45.094	0.93064	0.93073			6
2025.07.15	01:40:56.079		0.93074			4
2025.07.15	01:40:57.924	0.93065	0.93076			6
2025.07.15	01:41:00.047	0.93065	0.93075			6
2025.07.15	01:41:01.793	0.93066	0.93077			6
2025.07.15	01:41:02.279		0.93078			4
2025.07.15	01:41:03.190		0.93077			4
2025.07.15	01:41:03.715	0.93067	0.93078			6
2025.07.15	01:41:07.030		0.93077			4
2025.07.15	01:41:07.463		0.93078			4
2025.07.15	01:41:08.357	0.93069				2
2025.07.15	01:41:10.124	0.93068				2
2025.07.15	01:41:11.681	0.93066	0.93077			6
2025.07.15	01:41:16.076		0.93078			4
2025.07.15	01:41:17.818		0.93077			4
2025.07.15	01:41:18.858	0.93067	0.93078			6
2025.07.15	01:41:19.890	0.93066				2
2025.07.15	01:41:21.963		0.93077			4
2025.07.15	01:41:23.578		0.93078			4
2025.07.15	01:41:25.061		0.93077			4
2025.07.15	01:41:34.736		0.93078			4
2025.07.15	01:42:00.526	0.93066				2
2025.07.15	01:42:14.426	0.93068	0.93079			6
2025.07.15	01:42:14.741		0.93078			4
2025.07.15	01:42:19.958		0.93077			4
2025.07.15	01:42:21.777		0.93078			4
2025.07.15	01:42:33.976		0.93077			4
2025.07.15	01:42:35.529	0.93069	0.93080			6
2025.07.15	01:42:36.450	0.93067	0.93079			6
2025.07.15	01:42:37.701		0.93077			4
2025.07.15	01:42:42.055		0.93078			4
2025.07.15	01:42:47.406	0.93066	0.93079			6
2025.07.15	01:42:48.291		0.93077			4
2025.07.15	01:42:48.610		0.93078			4
2025.07.15	01:42:52.059		0.93077			4
2025.07.15	01:42:54.395		0.93078			4
2025.07.15	01:43:00.449	0.93066	0.93077			6
2025.07.15	01:43:03.464		0.93078			4
2025.07.15	01:43:17.073		0.93077			4
2025.07.15	01:43:19.379		0.93078			4
2025.07.15	01:43:39.303		0.93077			4
2025.07.15	01:44:00.176	0.93066				2
2025.07.15	01:44:06.320	0.93065	0.93075			6
2025.07.15	01:44:41.721		0.93076			4
2025.07.15	01:44:42.089		0.93075			4
2025.07.15	01:44:54.870		0.93076			4
2025.07.15	01:44:57.577		0.93077			4
2025.07.15	01:44:59.523		0.93076			4
2025.07.15	01:45:01.425	0.93065				2
2025.07.15	01:45:01.757	0.93066				2
2025.07.15	01:45:30.820	0.93067				2
2025.07.15	01:45:35.158		0.93078			4
2025.07.15	01:45:38.534		0.93077			4
2025.07.15	01:45:40.657		0.93078			4
2025.07.15	01:45:42.525		0.93077			4
2025.07.15	01:45:42.879		0.93078			4
2025.07.15	01:45:45.619		0.93077			4
2025.07.15	01:45:46.403	0.93066				2
2025.07.15	01:46:00.428	0.93066				2
2025.07.15	01:46:01.722		0.93078			4
2025.07.15	01:46:06.934		0.93077			4
2025.07.15	01:46:09.997		0.93078			4
2025.07.15	01:46:12.359		0.93077			4
2025.07.15	01:46:13.384		0.93078			4
2025.07.15	01:46:33.287	0.93067				2
2025.07.15	01:46:47.832		0.93079			4
2025.07.15	01:46:48.377		0.93078			4
2025.07.15	01:46:50.424	0.93068				2
2025.07.15	01:46:50.879		0.93079			4
2025.07.15	01:46:55.473		0.93078			4
2025.07.15	01:46:59.794	0.93067				2
2025.07.15	01:47:00.146	0.93067				2
2025.07.15	01:47:09.477		0.93077			4
2025.07.15	01:47:17.407		0.93078			4
2025.07.15	01:47:18.034		0.93077			4
2025.07.15	01:47:19.081		0.93078			4
2025.07.15	01:47:49.218	0.93066	0.93077			6
2025.07.15	01:47:50.265		0.93078			4
2025.07.15	01:47:56.180	0.93069				2
2025.07.15	01:47:58.677		0.93079			4
2025.07.15	01:48:00.322	0.93069				2
2025.07.15	01:48:07.381		0.93078			4
2025.07.15	01:48:24.778		0.93079			4
2025.07.15	01:48:28.678		0.93078			4
2025.07.15	01:48:33.118	0.93070	0.93082			6
2025.07.15	01:48:33.766	0.93072				2
2025.07.15	01:48:34.475	0.93074	0.93085			6
2025.07.15	01:48:46.677		0.93086			4
2025.07.15	01:49:00.671	0.93074				2
2025.07.15	01:49:06.318	0.93076				2
2025.07.15	01:49:39.916	0.93074				2
2025.07.15	01:49:47.236		0.93086			4
2025.07.15	01:49:54.422	0.93075	0.93085			6
2025.07.15	01:49:54.768		0.93086			4
2025.07.15	01:49:56.358	0.93074				2
2025.07.15	01:50:00.835	0.93075				2
2025.07.15	01:50:02.882	0.93076				2
2025.07.15	01:50:05.278		0.93085			4
2025.07.15	01:50:11.017	0.93075				2
2025.07.15	01:50:12.036	0.93076	0.93086			6
2025.07.15	01:50:15.029		0.93087			4
2025.07.15	01:50:32.578		0.93086			4
2025.07.15	01:50:33.072	0.93075	0.93085			6
2025.07.15	01:50:42.898	0.93076	0.93086			6
2025.07.15	01:50:45.478		0.93087			4
2025.07.15	01:50:49.427		0.93086			4
2025.07.15	01:50:58.807	0.93080	0.93089			6
2025.07.15	01:51:00.101	0.93080				2
2025.07.15	01:51:00.418	0.93081	0.93090			6
2025.07.15	01:51:02.161		0.93091			4
2025.07.15	01:51:06.777		0.93090			4
2025.07.15	01:51:07.844		0.93091			4
2025.07.15	01:51:17.878		0.93090			4
2025.07.15	01:51:21.178		0.93091			4
2025.07.15	01:51:22.996		0.93090			4
2025.07.15	01:51:31.235	0.93080				2
2025.07.15	01:51:32.174		0.93089			4
2025.07.15	01:51:32.651	0.93079				2
2025.07.15	01:51:34.677	0.93078	0.93090			6
2025.07.15	01:51:37.002	0.93079	0.93089			6
2025.07.15	01:51:41.278	0.93078				2
2025.07.15	01:51:43.707	0.93084	0.93093			6
2025.07.15	01:51:44.019	0.93083				2
2025.07.15	01:51:47.951		0.93094			4
2025.07.15	01:51:52.343	0.93084	0.93093			6
2025.07.15	01:52:00.233	0.93084				2
2025.07.15	01:52:10.598		0.93092			4
2025.07.15	01:52:13.655		0.93093			4
2025.07.15	01:52:27.491	0.93078	0.93088			6
2025.07.15	01:52:27.808		0.93087			4
2025.07.15	01:52:28.686		0.93088			4
2025.07.15	01:52:31.077		0.93087			4
2025.07.15	01:52:33.202		0.93086			4
2025.07.15	01:52:37.009	0.93076	0.93085			6
2025.07.15	01:52:37.337	0.93079	0.93087			6
2025.07.15	01:52:41.876		0.93088			4
2025.07.15	01:52:46.208	0.93081	0.93090			6
2025.07.15	01:52:47.112		0.93089			4
2025.07.15	01:52:48.735		0.93090			4
2025.07.15	01:52:51.597		0.93089			4
2025.07.15	01:52:54.033		0.93090			4
2025.07.15	01:52:54.482	0.93080	0.93089			6
2025.07.15	01:53:00.428	0.93080				2
2025.07.15	01:53:22.833	0.93081	0.93090			6
2025.07.15	01:53:47.935	0.93080	0.93089			6
2025.07.15	01:53:57.892		0.93090			4
2025.07.15	01:54:00.377	0.93080				2
2025.07.15	01:54:01.907		0.93089			4
2025.07.15	01:54:04.110		0.93090			4
2025.07.15	01:54:36.376		0.93089			4
2025.07.15	01:54:38.417	0.93079	0.93088			6
2025.07.15	01:54:50.957	0.93078				2
2025.07.15	01:55:00.396	0.93078				2
2025.07.15	01:55:03.595	0.93077				2
2025.07.15	01:55:06.779		0.93087			4
2025.07.15	01:55:25.300	0.93083	0.93092			6
2025.07.15	01:55:30.778		0.93091			4
2025.07.15	01:55:34.676		0.93092			4
2025.07.15	01:55:51.803	0.93081	0.93091			6
2025.07.15	01:56:00.406	0.93081				2
2025.07.15	01:56:03.502		0.93090			4
2025.07.15	01:56:09.543		0.93091			4
2025.07.15	01:56:12.478		0.93090			4
2025.07.15	01:56:45.206		0.93091			4
2025.07.15	01:56:46.271		0.93090			4
2025.07.15	01:56:50.578		0.93091			4
2025.07.15	01:56:53.709	0.93083	0.93093			6
2025.07.15	01:56:57.076		0.93092			4
2025.07.15	01:57:00.234	0.93083				2
2025.07.15	01:57:04.780	0.93082				2
2025.07.15	01:57:05.277		0.93091			4
2025.07.15	01:57:09.247	0.93079	0.93090			6
2025.07.15	01:57:11.281		0.93089			4
2025.07.15	01:57:16.918		0.93090			4
2025.07.15	01:57:39.009		0.93089			4
2025.07.15	01:57:46.681		0.93088			4
2025.07.15	01:57:50.112	0.93082	0.93092			6
2025.07.15	01:57:50.420	0.93085	0.93093			6
2025.07.15	01:57:51.406		0.93094			4
2025.07.15	01:57:51.723	0.93088	0.93098			6
2025.07.15	01:57:52.039	0.93093	0.93102			6
2025.07.15	01:57:52.701		0.93103			4
2025.07.15	01:57:53.010		0.93102			4
2025.07.15	01:57:57.550		0.93101			4
2025.07.15	01:58:00.659	0.93093				2
2025.07.15	01:58:01.165		0.93102			4
2025.07.15	01:58:06.885		0.93101			4
2025.07.15	01:58:07.960	0.93092				2
2025.07.15	01:58:16.964		0.93102			4
2025.07.15	01:58:19.377		0.93101			4
2025.07.15	01:58:26.140	0.93091	0.93100			6
2025.07.15	01:58:27.532		0.93099			4
2025.07.15	01:59:00.807	0.93091	0.93100			6
2025.07.15	01:59:10.390		0.93099			4
2025.07.15	01:59:13.247		0.93100			4
2025.07.15	01:59:22.978	0.93088				2
2025.07.15	01:59:23.494		0.93098			4
2025.07.15	01:59:26.615		0.93097			4
2025.07.15	01:59:27.361	0.93086	0.93096			6
2025.07.15	01:59:36.780		0.93097			4
2025.07.15	01:59:37.126	0.93087	0.93095			6
2025.07.15	01:59:37.433	0.93086	0.93096			6
2025.07.15	01:59:38.931	0.93085				2
2025.07.15	01:59:43.358		0.93095			4
2025.07.15	01:59:44.510		0.93096			4
2025.07.15	01:59:46.128	0.93084				2
2025.07.15	02:00:00.316	0.93084				2
2025.07.15	02:00:00.644		0.93095			4
2025.07.15	02:00:00.960	0.93083	0.93092			6
2025.07.15	02:00:03.575		0.93093			4
2025.07.15	02:00:04.520	0.93082	0.93090			6
2025.07.15	02:00:05.422	0.93081				2
2025.07.15	02:00:06.209	0.93080	0.93091			6
2025.07.15	02:00:07.396	0.93082	0.93092			6
2025.07.15	02:00:09.736	0.93079	0.93091			6
2025.07.15	02:00:11.820	0.93081	0.93090			6
2025.07.15	02:00:18.082	0.93080				2
2025.07.15	02:00:24.569		0.93089			4
2025.07.15	02:00:28.167	0.93079				2
2025.07.15	02:00:33.482		0.93091			4
2025.07.15	02:00:49.357	0.93080	0.93090			6
2025.07.15	02:00:53.412	0.93079	0.93092			6
2025.07.15	02:01:00.247	0.93079				2
2025.07.15	02:01:00.596		0.93091			4
2025.07.15	02:01:06.312		0.93092			4
2025.07.15	02:01:08.149		0.93091			4
2025.07.15	02:01:11.578		0.93092			4
2025.07.15	02:01:17.579		0.93091			4
2025.07.15	02:01:18.653	0.93075	0.93085			6
2025.07.15	02:01:22.377		0.93084			4
2025.07.15	02:01:23.619	0.93074	0.93085			6
2025.07.15	02:01:23.927	0.93075	0.93084			6
2025.07.15	02:01:29.704		0.93085			4
2025.07.15	02:01:30.691	0.93073	0.93082			6
2025.07.15	02:01:32.511	0.93074	0.93081			6
2025.07.15	02:01:37.980	0.93073	0.93082			6
2025.07.15	02:01:42.559		0.93081			4
2025.07.15	02:01:43.707	0.93072	0.93079			6
2025.07.15	02:01:44.013		0.93080			4
2025.07.15	02:01:57.800	0.93073	0.93081			6
2025.07.15	02:02:00.483	0.93073				2
2025.07.15	02:02:05.077		0.93082			4
2025.07.15	02:02:09.143	0.93072	0.93080			6
2025.07.15	02:02:13.679	0.93071				2
2025.07.15	02:02:15.413	0.93070				2
2025.07.15	02:02:15.719		0.93079			4
2025.07.15	02:02:16.360		0.93078			4
2025.07.15	02:02:16.700	0.93071	0.93079			6
2025.07.15	02:02:17.223	0.93070	0.93080			6
2025.07.15	02:02:19.377	0.93069	0.93079			6
2025.07.15	02:02:24.902	0.93070	0.93078			6
2025.07.15	02:02:25.417	0.93069				2
2025.07.15	02:02:28.977	0.93070	0.93076			6
2025.07.15	02:02:30.191	0.93071				2
2025.07.15	02:02:32.308	0.93069	0.93078			6
2025.07.15	02:02:37.114	0.93070	0.93077			6
2025.07.15	02:02:44.879		0.93078			4
2025.07.15	02:03:00.915	0.93070				2
2025.07.15	02:03:08.878	0.93069				2
2025.07.15	02:03:19.768	0.93071	0.93079			6
2025.07.15	02:03:23.878	0.93072				2
2025.07.15	02:03:25.078	0.93071				2
2025.07.15	02:03:41.005	0.93072				2
2025.07.15	02:03:45.597		0.93080			4
2025.07.15	02:03:51.832		0.93079			4
2025.07.15	02:03:53.143	0.93073	0.93081			6
2025.07.15	02:03:59.003		0.93080			4
2025.07.15	02:04:01.482	0.93074	0.93083			6
2025.07.15	02:04:03.690	0.93075	0.93084			6
2025.07.15	02:04:05.892		0.93083			4
2025.07.15	02:04:07.998	0.93071	0.93078			6
2025.07.15	02:04:08.386	0.93070				2
2025.07.15	02:04:08.956	0.93071				2
2025.07.15	02:04:09.982		0.93079			4
2025.07.15	02:04:13.414	0.93072	0.93081			6
2025.07.15	02:04:22.076	0.93067	0.93075			6
2025.07.15	02:04:23.040	0.93068				2
2025.07.15	02:04:28.256	0.93067	0.93077			6
2025.07.15	02:04:30.403		0.93076			4
2025.07.15	02:04:31.616	0.93068	0.93075			6
2025.07.15	02:04:32.277		0.93076			4
2025.07.15	02:04:48.172		0.93075			4
2025.07.15	02:04:57.478		0.93076			4
2025.07.15	02:05:00.098	0.93068				2
2025.07.15	02:05:03.229	0.93067				2
2025.07.15	02:05:03.673	0.93066	0.93074			6
2025.07.15	02:05:04.950	0.93067				2
2025.07.15	02:05:07.041	0.93066				2
2025.07.15	02:05:08.123	0.93064	0.93072			6
2025.07.15	02:05:09.783		0.93071			4
2025.07.15	02:05:12.888	0.93062				2
2025.07.15	02:05:14.732	0.93063				2
2025.07.15	02:05:15.604	0.93064	0.93072			6
2025.07.15	02:05:17.735		0.93071			4
2025.07.15	02:05:18.046		0.93072			4
2025.07.15	02:05:22.756		0.93071			4
2025.07.15	02:05:25.445		0.93072			4
2025.07.15	02:05:32.784	0.93063	0.93070			6
2025.07.15	02:05:33.927		0.93073			4
2025.07.15	02:05:38.931		0.93070			4
2025.07.15	02:05:44.358		0.93071			4
2025.07.15	02:05:49.596		0.93070			4
2025.07.15	02:06:00.105	0.93063	0.93072			6
2025.07.15	02:06:00.788	0.93062				2
2025.07.15	02:06:02.169		0.93071			4
2025.07.15	02:06:12.005	0.93064	0.93073			6
2025.07.15	02:06:13.498	0.93063	0.93074			6
2025.07.15	02:06:19.829	0.93064				2
2025.07.15	02:06:33.969		0.93072			4
2025.07.15	02:06:37.977	0.93065				2
2025.07.15	02:06:38.923	0.93063				2
2025.07.15	02:06:39.648		0.93071			4
2025.07.15	02:06:45.049	0.93064	0.93072			6
2025.07.15	02:07:00.798	0.93064				2
2025.07.15	02:07:10.355		0.93071			4
2025.07.15	02:07:17.543	0.93065	0.93073			6
2025.07.15	02:07:21.158	0.93064				2
2025.07.15	02:07:21.523	0.93066				2
2025.07.15	02:07:26.448	0.93065				2
2025.07.15	02:07:42.957	0.93067	0.93074			6
2025.07.15	02:07:44.866		0.93075			4
2025.07.15	02:07:53.516	0.93069	0.93078			6
2025.07.15	02:07:56.610	0.93068	0.93075			6
2025.07.15	02:07:57.780	0.93067	0.93076			6
2025.07.15	02:07:59.410	0.93068				2
2025.07.15	02:08:00.392	0.93068				2
2025.07.15	02:08:01.649		0.93075			4
2025.07.15	02:08:02.412	0.93065	0.93072			6
2025.07.15	02:08:02.738		0.93073			4
2025.07.15	02:08:16.855	0.93060	0.93069			6
2025.07.15	02:08:19.820	0.93061				2
2025.07.15	02:08:24.644	0.93059	0.93068			6
2025.07.15	02:08:28.398	0.93061	0.93069			6
2025.07.15	02:08:34.166	0.93064	0.93072			6
2025.07.15	02:08:42.055		0.93073			4
2025.07.15	02:08:47.841	0.93066	0.93074			6
2025.07.15	02:08:48.154		0.93073			4
2025.07.15	02:08:48.492	0.93065	0.93074			6
2025.07.15	02:08:50.033	0.93064	0.93072			6
2025.07.15	02:08:50.826		0.93071			4
2025.07.15	02:08:55.824		0.93072			4
2025.07.15	02:09:01.242	0.93064				2
2025.07.15	02:09:01.677		0.93071			4
2025.07.15	02:09:09.158		0.93072			4
2025.07.15	02:09:10.149		0.93071			4
2025.07.15	02:09:32.475	0.93066	0.93072			6
2025.07.15	02:09:32.779	0.93065	0.93074			6
2025.07.15	02:09:33.912		0.93073			4
2025.07.15	02:09:35.144	0.93064	0.93072			6
2025.07.15	02:09:49.352		0.93071			4
2025.07.15	02:10:00.445	0.93064				2
2025.07.15	02:10:03.252	0.93065	0.93072			6
2025.07.15	02:10:05.291		0.93073			4
2025.07.15	02:10:12.111	0.93064				2
2025.07.15	02:10:13.265		0.93072			4
2025.07.15	02:10:15.315		0.93073			4
2025.07.15	02:10:17.820	0.93063	0.93070			6
2025.07.15	02:10:21.477		0.93071			4
2025.07.15	02:10:23.616	0.93064	0.93073			6
2025.07.15	02:10:28.912		0.93072			4
2025.07.15	02:10:29.978		0.93073			4
2025.07.15	02:10:34.074		0.93072			4
2025.07.15	02:10:36.974		0.93071			4
2025.07.15	02:10:37.288		0.93072			4
2025.07.15	02:10:38.869	0.93069	0.93078			6
2025.07.15	02:10:41.917	0.93070	0.93079			6
2025.07.15	02:11:04.423	0.93071				2
2025.07.15	02:11:06.349		0.93080			4
2025.07.15	02:11:11.173		0.93079			4
2025.07.15	02:11:33.404		0.93080			4
2025.07.15	02:11:35.640		0.93079			4
2025.07.15	02:11:46.480	0.93072	0.93080			6
2025.07.15	02:11:59.874	0.93071				2
2025.07.15	02:12:01.124	0.93072				2
2025.07.15	02:12:11.141		0.93081			4
2025.07.15	02:12:21.464	0.93074	0.93082			6
2025.07.15	02:12:25.360		0.93081			4
2025.07.15	02:12:31.534	0.93072	0.93080			6
2025.07.15	02:12:32.628		0.93081			4
2025.07.15	02:12:39.385	0.93073	0.93080			6
2025.07.15	02:12:40.073	0.93072	0.93081			6
2025.07.15	02:12:42.423	0.93073	0.93080			6
2025.07.15	02:12:42.743	0.93072				2
2025.07.15	02:12:43.624		0.93081			4
2025.07.15	02:12:49.086	0.93074				2
2025.07.15	02:12:49.400	0.93073				2
2025.07.15	02:12:50.396	0.93072				2
2025.07.15	02:12:52.052	0.93073				2
2025.07.15	02:12:53.008	0.93071	0.93080			6
2025.07.15	02:12:53.728		0.93079			4
2025.07.15	02:12:55.388	0.93070	0.93078			6
2025.07.15	02:12:59.789	0.93069				2
2025.07.15	02:13:00.098	0.93069				2
2025.07.15	02:13:05.955	0.93070	0.93077			6
2025.07.15	02:13:06.451	0.93066	0.93074			6
2025.07.15	02:13:09.614		0.93075			4
2025.07.15	02:13:09.932	0.93067				2
2025.07.15	02:13:11.509		0.93076			4
2025.07.15	02:13:11.872		0.93075			4
2025.07.15	02:13:13.608	0.93066				2
2025.07.15	02:13:15.759	0.93067				2
2025.07.15	02:13:16.523	0.93068	0.93076			6
2025.07.15	02:13:25.198	0.93069				2
2025.07.15	02:13:26.231	0.93068				2
2025.07.15	02:13:31.558	0.93069				2
2025.07.15	02:13:32.404	0.93068	0.93077			6
2025.07.15	02:13:33.222	0.93069	0.93076			6
2025.07.15	02:13:34.456		0.93077			4
2025.07.15	02:13:54.966		0.93076			4
2025.07.15	02:14:00.453	0.93069				2
2025.07.15	02:14:02.542		0.93077			4
2025.07.15	02:14:07.797	0.93068	0.93076			6
2025.07.15	02:14:11.951		0.93077			4
2025.07.15	02:14:31.406	0.93069	0.93078			6
2025.07.15	02:14:32.436	0.93070				2
2025.07.15	02:14:34.405	0.93072	0.93080			6
2025.07.15	02:14:34.727	0.93070	0.93078			6
2025.07.15	02:14:35.378		0.93079			4
2025.07.15	02:14:37.986	0.93068	0.93077			6
2025.07.15	02:14:38.301		0.93076			4
2025.07.15	02:14:38.618	0.93065	0.93075			6
2025.07.15	02:14:38.967	0.93066				2
2025.07.15	02:14:45.692	0.93068	0.93076			6
2025.07.15	02:14:51.031	0.93067	0.93075			6
2025.07.15	02:15:00.252	0.93067				2
2025.07.15	02:15:05.132	0.93068				2
2025.07.15	02:15:18.044		0.93076			4
2025.07.15	02:15:18.348		0.93077			4
2025.07.15	02:15:32.546		0.93076			4
2025.07.15	02:15:42.549		0.93077			4
2025.07.15	02:15:58.342	0.93066	0.93074			6
2025.07.15	02:16:00.350	0.93066				2
2025.07.15	02:16:08.044		0.93073			4
2025.07.15	02:16:12.803	0.93067	0.93074			6
2025.07.15	02:16:15.478	0.93066				2
2025.07.15	02:16:21.471	0.93067	0.93075			6
2025.07.15	02:16:25.378		0.93074			4
2025.07.15	02:16:27.537	0.93066				2
2025.07.15	02:16:33.614		0.93073			4
2025.07.15	02:16:35.722		0.93074			4
2025.07.15	02:16:36.028		0.93073			4
2025.07.15	02:16:39.996	0.93067	0.93074			6
2025.07.15	02:16:41.650	0.93066				2
2025.07.15	02:16:53.513	0.93067				2
2025.07.15	02:16:59.608	0.93066	0.93075			6
2025.07.15	02:17:00.451	0.93066				2
2025.07.15	02:17:13.057	0.93065				2
2025.07.15	02:17:26.576	0.93066				2
2025.07.15	02:17:31.170	0.93071	0.93080			6
2025.07.15	02:17:32.122	0.93072				2
2025.07.15	02:17:32.500	0.93071				2
2025.07.15	02:17:34.564		0.93079			4
2025.07.15	02:17:35.310		0.93080			4
2025.07.15	02:17:35.718		0.93079			4
2025.07.15	02:17:38.674	0.93072	0.93082			6
2025.07.15	02:17:39.807	0.93073				2
2025.07.15	02:17:44.364	0.93071	0.93080			6
2025.07.15	02:17:44.687	0.93070				2
2025.07.15	02:18:06.328	0.93070				2
2025.07.15	02:18:46.610		0.93080			4
2025.07.15	02:19:00.107	0.93070				2
2025.07.15	02:19:31.624	0.93072				2
2025.07.15	02:19:32.095	0.93070				2
2025.07.15	02:19:35.853	0.93072				2
2025.07.15	02:19:37.147		0.93081			4
2025.07.15	02:19:47.332		0.93080			4
2025.07.15	02:19:48.351		0.93081			4
2025.07.15	02:19:49.376		0.93082			4
2025.07.15	02:19:50.898	0.93073				2
2025.07.15	02:19:58.174	0.93075	0.93084			6
2025.07.15	02:20:00.010	0.93075				2
2025.07.15	02:20:07.225	0.93074				2
2025.07.15	02:20:09.489		0.93083			4
2025.07.15	02:20:09.801	0.93071	0.93080			6
2025.07.15	02:20:10.126	0.93074	0.93082			6
2025.07.15	02:20:10.441	0.93071	0.93080			6
2025.07.15	02:20:10.772	0.93073	0.93083			6
2025.07.15	02:20:11.109	0.93075	0.93082			6
2025.07.15	02:20:11.460	0.93074	0.93083			6
2025.07.15	02:20:13.578	0.93076	0.93084			6
2025.07.15	02:20:16.045	0.93073	0.93083			6
2025.07.15	02:20:26.156		0.93082			4
2025.07.15	02:20:38.478	0.93072				2
2025.07.15	02:20:48.416		0.93081			4
2025.07.15	02:20:54.498		0.93080			4
2025.07.15	02:21:01.180	0.93071				2
2025.07.15	02:21:02.092	0.93072				2
2025.07.15	02:21:11.786	0.93071	0.93079			6
2025.07.15	02:21:12.795	0.93070				2
2025.07.15	02:21:18.333	0.93071	0.93080			6
2025.07.15	02:21:23.197	0.93072				2
2025.07.15	02:21:26.694	0.93070				2
2025.07.15	02:21:27.737	0.93072				2
2025.07.15	02:21:28.784	0.93070				2
2025.07.15	02:21:31.178	0.93071	0.93081			6
2025.07.15	02:21:32.457	0.93073				2
2025.07.15	02:21:33.893	0.93072	0.93080			6
2025.07.15	02:21:39.535	0.93073				2
2025.07.15	02:21:39.839		0.93081			4
2025.07.15	02:21:43.357	0.93074	0.93080			6
2025.07.15	02:21:46.276	0.93073	0.93081			6
2025.07.15	02:21:46.600		0.93082			4
2025.07.15	02:21:47.315	0.93074				2
2025.07.15	02:21:48.245	0.93076	0.93083			6
2025.07.15	02:21:48.601	0.93074	0.93082			6
2025.07.15	02:21:57.091	0.93073	0.93080			6
2025.07.15	02:21:58.129		0.93083			4
2025.07.15	02:22:00.468	0.93073				2
2025.07.15	02:22:01.259	0.93074	0.93082			6
2025.07.15	02:22:04.365		0.93083			4
2025.07.15	02:22:10.563		0.93082			4
2025.07.15	02:22:12.804	0.93075				2
2025.07.15	02:22:38.708	0.93072	0.93083			6
2025.07.15	02:22:39.029	0.93074	0.93082			6
2025.07.15	02:23:01.221	0.93074				2
2025.07.15	02:23:08.081	0.93073				2
2025.07.15	02:23:12.375	0.93074	0.93081			6
2025.07.15	02:23:18.269	0.93073	0.93082			6
2025.07.15	02:23:31.217	0.93074				2
2025.07.15	02:23:42.035	0.93075				2
2025.07.15	02:23:49.621		0.93083			4
2025.07.15	02:23:53.579		0.93082			4
2025.07.15	02:23:56.719	0.93074	0.93083			6
2025.07.15	02:24:05.946	0.93075				2
2025.07.15	02:24:06.637	0.93076	0.93084			6
2025.07.15	02:24:22.094	0.93077	0.93085			6
2025.07.15	02:24:23.039		0.93086			4
2025.07.15	02:24:24.709		0.93085			4
2025.07.15	02:24:25.016		0.93086			4
2025.07.15	02:24:29.379		0.93085			4
2025.07.15	02:24:30.560	0.93079	0.93088			6
2025.07.15	02:24:33.160	0.93078	0.93087			6
2025.07.15	02:24:43.061		0.93086			4
2025.07.15	02:24:45.620		0.93087			4
2025.07.15	02:24:48.381		0.93086			4
2025.07.15	02:24:50.366		0.93087			4
2025.07.15	02:24:52.363		0.93086			4
2025.07.15	02:25:00.446	0.93078				2
2025.07.15	02:25:02.694	0.93077	0.93087			6
2025.07.15	02:25:03.399		0.93086			4
2025.07.15	02:25:03.711		0.93085			4
2025.07.15	02:25:13.560		0.93087			4
2025.07.15	02:25:14.038		0.93086			4
2025.07.15	02:25:15.632		0.93084			4
2025.07.15	02:25:18.155		0.93085			4
2025.07.15	02:25:18.742		0.93084			4
2025.07.15	02:25:22.856		0.93085			4
2025.07.15	02:25:23.190	0.93076	0.93083			6
2025.07.15	02:25:37.409		0.93084			4
2025.07.15	02:25:37.777	0.93077				2
2025.07.15	02:25:39.968	0.93076				2
2025.07.15	02:25:40.413	0.93075				2
2025.07.15	02:25:40.833	0.93076	0.93083			6
2025.07.15	02:25:48.656	0.93075				2
2025.07.15	02:25:52.510	0.93076				2
2025.07.15	02:25:54.367	0.93078	0.93087			6
2025.07.15	02:26:00.378	0.93078				2
2025.07.15	02:26:03.487	0.93080				2
2025.07.15	02:26:04.291	0.93079				2
2025.07.15	02:26:31.679		0.93088			4
2025.07.15	02:26:33.113		0.93087			4
2025.07.15	02:26:56.963	0.93078	0.93085			6
2025.07.15	02:26:57.273	0.93077				2
2025.07.15	02:27:04.334	0.93077	0.93084			6
2025.07.15	02:27:12.340		0.93085			4
2025.07.15	02:27:16.744		0.93084			4
2025.07.15	02:27:17.959		0.93085			4
2025.07.15	02:27:33.094	0.93078	0.93087			6
2025.07.15	02:27:48.864	0.93079				2
2025.07.15	02:27:57.278	0.93078				2
2025.07.15	02:28:02.122	0.93079				2
2025.07.15	02:28:33.400		0.93087			4
2025.07.15	02:28:50.575	0.93080				2
2025.07.15	02:29:00.559	0.93080				2
2025.07.15	02:29:03.485	0.93079				2
2025.07.15	02:29:16.924	0.93080				2
2025.07.15	02:29:33.588		0.93087			4
2025.07.15	02:29:43.049		0.93088			4
2025.07.15	02:29:48.014		0.93087			4
2025.07.15	02:29:49.792	0.93079				2
2025.07.15	02:29:52.444		0.93086			4
2025.07.15	02:30:00.389	0.93079				2
2025.07.15	02:30:12.441		0.93088			4
2025.07.15	02:30:16.435	0.93080	0.93087			6
2025.07.15	02:30:18.016	0.93078	0.93086			6
2025.07.15	02:30:18.320		0.93087			4
2025.07.15	02:30:23.580		0.93086			4
2025.07.15	02:30:24.344	0.93077	0.93085			6
2025.07.15	02:30:58.997	0.93075	0.93083			6
2025.07.15	02:30:59.939	0.93073				2
2025.07.15	02:31:00.352	0.93074				2
2025.07.15	02:31:01.927	0.93072	0.93082			6
2025.07.15	02:31:05.553	0.93073				2
2025.07.15	02:31:07.124		0.93081			4
2025.07.15	02:31:16.808		0.93082			4
2025.07.15	02:31:17.733		0.93081			4
2025.07.15	02:31:26.975		0.93082			4
2025.07.15	02:31:29.105	0.93076	0.93084			6
2025.07.15	02:31:29.408	0.93075				2
2025.07.15	02:31:34.106	0.93078	0.93086			6
2025.07.15	02:31:35.053	0.93079	0.93087			6
2025.07.15	02:31:36.833	0.93082	0.93089			6
2025.07.15	02:31:37.155	0.93081				2
2025.07.15	02:31:38.058	0.93082				2
2025.07.15	02:31:42.446	0.93080	0.93088			6
2025.07.15	02:31:51.781		0.93089			4
2025.07.15	02:31:54.467	0.93081				2
2025.07.15	02:31:54.875	0.93080				2
2025.07.15	02:32:00.669	0.93080				2
2025.07.15	02:32:15.269	0.93079	0.93090			6
2025.07.15	02:32:18.089	0.93080	0.93089			6
2025.07.15	02:32:25.187	0.93079				2
2025.07.15	02:32:26.020	0.93083	0.93090			6
2025.07.15	02:32:28.175		0.93091			4
2025.07.15	02:32:31.226	0.93082	0.93090			6
2025.07.15	02:32:36.326		0.93091			4
2025.07.15	02:32:45.407	0.93080	0.93090			6
2025.07.15	02:32:51.488	0.93081				2
2025.07.15	02:32:53.843		0.93091			4
2025.07.15	02:33:03.869	0.93080	0.93090			6
2025.07.15	02:33:04.238		0.93089			4
2025.07.15	02:33:07.377	0.93079				2
2025.07.15	02:33:20.577		0.93090			4
2025.07.15	02:33:25.045		0.93088			4
2025.07.15	02:33:30.379	0.93080				2
2025.07.15	02:33:30.732	0.93081	0.93089			6
2025.07.15	02:33:31.457	0.93080				2
2025.07.15	02:33:59.524	0.93082	0.93091			6
2025.07.15	02:34:00.354	0.93082				2
2025.07.15	02:34:08.701		0.93090			4
2025.07.15	02:34:21.977		0.93091			4
2025.07.15	02:34:27.012		0.93090			4
2025.07.15	02:34:47.365	0.93080	0.93089			6
2025.07.15	02:34:52.311		0.93088			4
2025.07.15	02:35:01.815	0.93081	0.93090			6
2025.07.15	02:35:12.433	0.93080	0.93089			6
2025.07.15	02:35:18.348		0.93088			4
2025.07.15	02:35:20.426	0.93081	0.93089			6
2025.07.15	02:35:29.358		0.93090			4
2025.07.15	02:35:30.862	0.93080				2
2025.07.15	02:35:31.653		0.93089			4
2025.07.15	02:35:34.775	0.93082				2
2025.07.15	02:35:44.804	0.93081				2
2025.07.15	02:35:48.674		0.93090			4
2025.07.15	02:35:49.777		0.93089			4
2025.07.15	02:35:52.747		0.93090			4
2025.07.15	02:35:53.793	0.93082	0.93089			6
2025.07.15	02:35:54.799	0.93081	0.93090			6
2025.07.15	02:35:56.510		0.93089			4
2025.07.15	02:35:57.571		0.93090			4
2025.07.15	02:36:00.056	0.93081				2
2025.07.15	02:36:20.564	0.93082				2
2025.07.15	02:36:25.113		0.93091			4
2025.07.15	02:36:30.788		0.93090			4
2025.07.15	02:36:31.183	0.93081				2
2025.07.15	02:37:00.088	0.93081				2
2025.07.15	02:37:00.928		0.93091			4
2025.07.15	02:37:05.564	0.93083	0.93092			6
2025.07.15	02:37:06.866		0.93093			4
2025.07.15	02:37:07.493	0.93084	0.93092			6
2025.07.15	02:37:07.809	0.93083	0.93091			6
2025.07.15	02:37:12.779	0.93081	0.93090			6
2025.07.15	02:37:14.323		0.93089			4
2025.07.15	02:37:15.019		0.93090			4
2025.07.15	02:37:15.352	0.93082				2
2025.07.15	02:37:16.316	0.93081				2
2025.07.15	02:37:18.363		0.93091			4
2025.07.15	02:37:23.578		0.93090			4
2025.07.15	02:37:29.983	0.93083	0.93091			6
2025.07.15	02:37:40.145		0.93092			4
2025.07.15	02:37:40.826	0.93084				2
2025.07.15	02:37:57.621	0.93082	0.93091			6
2025.07.15	02:37:57.995	0.93083				2
2025.07.15	02:38:00.412	0.93083				2
2025.07.15	02:38:05.575		0.93092			4
2025.07.15	02:38:06.035		0.93091			4
2025.07.15	02:38:06.739		0.93092			4
2025.07.15	02:38:08.719	0.93082	0.93091			6
2025.07.15	02:38:10.287		0.93090			4
2025.07.15	02:38:12.547		0.93092			4
2025.07.15	02:38:14.958	0.93081	0.93090			6
2025.07.15	02:38:15.262		0.93089			4
2025.07.15	02:38:18.317	0.93082				2
2025.07.15	02:38:29.878	0.93081				2
2025.07.15	02:38:36.981	0.93080	0.93088			6
2025.07.15	02:38:47.132		0.93087			4
2025.07.15	02:38:53.759		0.93088			4
2025.07.15	02:38:54.605	0.93078	0.93086			6
2025.07.15	02:38:59.946	0.93079	0.93087			6
2025.07.15	02:39:00.271	0.93079				2
2025.07.15	02:39:02.473		0.93086			4
2025.07.15	02:39:09.689	0.93076	0.93085			6
2025.07.15	02:39:30.353	0.93077				2
2025.07.15	02:39:38.386		0.93086			4
2025.07.15	02:39:42.831	0.93078	0.93087			6
2025.07.15	02:39:47.856		0.93088			4
2025.07.15	02:39:57.397		0.93086			4
2025.07.15	02:39:58.479		0.93087			4
2025.07.15	02:39:59.676		0.93086			4
2025.07.15	02:40:00.171	0.93078				2
2025.07.15	02:40:12.882		0.93088			4
2025.07.15	02:40:15.009	0.93077	0.93086			6
2025.07.15	02:40:16.041		0.93087			4
2025.07.15	02:40:16.422		0.93086			4
2025.07.15	02:40:19.059	0.93076				2
2025.07.15	02:40:20.162		0.93085			4
2025.07.15	02:40:20.473		0.93084			4
2025.07.15	02:40:36.541		0.93085			4
2025.07.15	02:40:38.572		0.93084			4
2025.07.15	02:40:58.696	0.93078	0.93086			6
2025.07.15	02:41:00.352	0.93078				2
2025.07.15	02:41:06.754	0.93080	0.93087			6
2025.07.15	02:41:07.593	0.93079				2
2025.07.15	02:41:12.476		0.93086			4
2025.07.15	02:41:17.953	0.93077				2
2025.07.15	02:41:18.315		0.93084			4
2025.07.15	02:41:20.854		0.93085			4
2025.07.15	02:41:23.943		0.93086			4
2025.07.15	02:41:27.948	0.93079	0.93087			6
2025.07.15	02:41:32.080		0.93088			4
2025.07.15	02:41:33.025		0.93087			4
2025.07.15	02:41:39.730		0.93088			4
2025.07.15	02:41:40.824	0.93078	0.93086			6
2025.07.15	02:41:41.131		0.93085			4
2025.07.15	02:41:42.835		0.93086			4
2025.07.15	02:41:50.866	0.93079	0.93087			6
2025.07.15	02:41:55.860	0.93078				2
2025.07.15	02:42:00.911	0.93078				2
2025.07.15	02:42:03.258	0.93079	0.93086			6
2025.07.15	02:42:05.985	0.93078				2
2025.07.15	02:42:13.732		0.93085			4
2025.07.15	02:42:17.244	0.93081	0.93089			6
2025.07.15	02:42:17.625		0.93088			4
2025.07.15	02:42:23.580		0.93089			4
2025.07.15	02:42:25.550	0.93079	0.93087			6
2025.07.15	02:42:34.132		0.93088			4
2025.07.15	02:42:36.533	0.93080				2
2025.07.15	02:42:41.402		0.93089			4
2025.07.15	02:42:53.603		0.93088			4
2025.07.15	02:43:00.666	0.93080	0.93089			6
2025.07.15	02:43:01.607		0.93088			4
2025.07.15	02:43:02.249	0.93082	0.93090			6
2025.07.15	02:43:04.336	0.93080	0.93089			6
2025.07.15	02:43:05.097	0.93082				2
2025.07.15	02:43:09.744	0.93081				2
2025.07.15	02:43:20.458	0.93082	0.93090			6
2025.07.15	02:43:22.218		0.93091			4
2025.07.15	02:43:23.399	0.93083				2
2025.07.15	02:43:37.688	0.93085	0.93095			6
2025.07.15	02:43:38.656	0.93086	0.93094			6
2025.07.15	02:43:39.156	0.93085				2
2025.07.15	02:43:39.471	0.93086				2
2025.07.15	02:43:41.509	0.93085				2
2025.07.15	02:43:43.210	0.93086	0.93095			6
2025.07.15	02:43:46.048		0.93096			4
2025.07.15	02:43:49.404		0.93095			4
2025.07.15	02:43:50.966	0.93087	0.93097			6
2025.07.15	02:44:00.546	0.93087				2
2025.07.15	02:44:02.307		0.93096			4
2025.07.15	02:44:03.261		0.93097			4
2025.07.15	02:44:06.378		0.93098			4
2025.07.15	02:44:08.776		0.93097			4
2025.07.15	02:44:20.297	0.93086				2
2025.07.15	02:44:24.289	0.93088	0.93099			6
2025.07.15	02:44:25.537	0.93089				2
2025.07.15	02:44:28.683		0.93098			4
2025.07.15	02:44:29.368		0.93099			4
2025.07.15	02:44:31.434	0.93087	0.93097			6
2025.07.15	02:44:42.197	0.93086	0.93096			6
2025.07.15	02:44:47.834		0.93097			4
2025.07.15	02:44:49.073	0.93087	0.93096			6
2025.07.15	02:44:52.740	0.93088	0.93095			6
2025.07.15	02:44:54.184	0.93087	0.93096			6
2025.07.15	02:44:58.158		0.93095			4
2025.07.15	02:44:58.529	0.93086				2
2025.07.15	02:44:59.041	0.93087				2
2025.07.15	02:44:59.544	0.93085				2
2025.07.15	02:44:59.958	0.93088	0.93096			6
2025.07.15	02:45:00.260	0.93087	0.93097			6
2025.07.15	02:45:01.296	0.93086				2
2025.07.15	02:45:01.647	0.93087				2
2025.07.15	02:45:02.060	0.93088	0.93096			6
2025.07.15	02:45:02.471	0.93087	0.93095			6
2025.07.15	02:45:02.849	0.93085	0.93094			6
2025.07.15	02:45:03.236	0.93086				2
2025.07.15	02:45:05.359		0.93095			4
2025.07.15	02:45:10.351	0.93089	0.93097			6
2025.07.15	02:45:10.657	0.93088				2
2025.07.15	02:45:12.881	0.93091	0.93098			6
2025.07.15	02:45:13.994	0.93090	0.93099			6
2025.07.15	02:45:14.758		0.93100			4
2025.07.15	02:45:15.828	0.93091	0.93099			6
2025.07.15	02:45:30.390	0.93090				2
2025.07.15	02:45:31.857		0.93098			4
2025.07.15	02:45:35.842		0.93099			4
2025.07.15	02:45:40.823	0.93091	0.93100			6
2025.07.15	02:45:42.022		0.93099			4
2025.07.15	02:45:53.306	0.93090	0.93100			6
2025.07.15	02:45:58.817	0.93091	0.93099			6
2025.07.15	02:46:00.474	0.93091				2
2025.07.15	02:46:01.801	0.93090				2
2025.07.15	02:46:02.918	0.93087	0.93097			6
2025.07.15	02:46:07.468		0.93096			4
2025.07.15	02:46:10.240	0.93086	0.93097			6
2025.07.15	02:46:36.571		0.93096			4
2025.07.15	02:46:54.136		0.93095			4
2025.07.15	02:46:55.588	0.93087				2
2025.07.15	02:47:02.381	0.93087	0.93096			6
2025.07.15	02:47:03.313	0.93088				2
2025.07.15	02:47:07.108	0.93086	0.93095			6
2025.07.15	02:47:19.152	0.93085				2
2025.07.15	02:47:28.699	0.93086	0.93096			6
2025.07.15	02:47:38.890		0.93095			4
2025.07.15	02:47:44.095		0.93096			4
2025.07.15	02:47:48.358	0.93087	0.93095			6
2025.07.15	02:47:49.555		0.93096			4
2025.07.15	02:47:49.861	0.93088				2
2025.07.15	02:47:51.405		0.93097			4
2025.07.15	02:48:01.214	0.93086	0.93095			6
2025.07.15	02:48:04.623		0.93096			4
2025.07.15	02:48:05.098	0.93087	0.93095			6
2025.07.15	02:48:12.296	0.93088	0.93097			6
2025.07.15	02:48:43.848		0.93098			4
2025.07.15	02:48:58.684		0.93097			4
2025.07.15	02:49:02.187	0.93088				2
2025.07.15	02:49:05.161	0.93089				2
2025.07.15	02:49:15.344	0.93088				2
2025.07.15	02:49:32.612	0.93089				2
2025.07.15	02:49:38.577		0.93098			4
2025.07.15	02:49:42.344	0.93088				2
2025.07.15	02:49:46.398	0.93087				2
2025.07.15	02:49:49.321	0.93089				2
2025.07.15	02:49:52.497	0.93090				2
2025.07.15	02:50:00.337	0.93090	0.93100			6
2025.07.15	02:50:00.644	0.93091				2
2025.07.15	02:50:01.758	0.93092	0.93101			6
2025.07.15	02:50:02.669	0.93091	0.93100			6
2025.07.15	02:50:13.360	0.93092				2
2025.07.15	02:50:13.854	0.93090	0.93099			6
2025.07.15	02:50:14.342	0.93091				2
2025.07.15	02:50:18.918	0.93089				2
2025.07.15	02:50:19.227	0.93090				2
2025.07.15	02:50:20.927	0.93089	0.93098			6
2025.07.15	02:50:22.158	0.93090	0.93100			6
2025.07.15	02:50:22.459	0.93091	0.93099			6
2025.07.15	02:50:33.254	0.93090	0.93100			6
2025.07.15	02:50:42.053		0.93099			4
2025.07.15	02:51:02.338	0.93090				2
2025.07.15	02:51:11.679	0.93088	0.93098			6
2025.07.15	02:51:19.219	0.93089				2
2025.07.15	02:51:20.315	0.93090				2
2025.07.15	02:51:23.064	0.93089				2
2025.07.15	02:51:23.529	0.93090				2
2025.07.15	02:51:27.809	0.93089	0.93099			6
2025.07.15	02:51:51.895	0.93090	0.93100			6
2025.07.15	02:51:56.116	0.93089	0.93099			6
2025.07.15	02:52:00.477	0.93089				2
2025.07.15	02:52:01.912		0.93098			4
2025.07.15	02:52:02.420	0.93087				2
2025.07.15	02:52:11.405	0.93089				2
2025.07.15	02:52:12.058	0.93090				2
2025.07.15	02:52:12.700	0.93091	0.93099			6
2025.07.15	02:52:13.409	0.93090				2
2025.07.15	02:52:14.317	0.93091	0.93098			6
2025.07.15	02:52:14.619	0.93089				2
2025.07.15	02:52:16.114	0.93090				2
2025.07.15	02:52:17.221	0.93089				2
2025.07.15	02:52:17.569	0.93090				2
2025.07.15	02:52:20.521	0.93091				2
2025.07.15	02:52:20.959	0.93090				2
2025.07.15	02:52:21.567	0.93091				2
2025.07.15	02:52:27.934	0.93090				2
2025.07.15	02:52:29.022	0.93091				2
2025.07.15	02:52:29.879	0.93089				2
2025.07.15	02:52:30.818	0.93091				2
2025.07.15	02:52:31.744	0.93089				2
2025.07.15	02:52:36.725	0.93090				2
2025.07.15	02:52:37.227	0.93091				2
2025.07.15	02:52:38.538	0.93089				2
2025.07.15	02:52:40.302	0.93091	0.93100			6
2025.07.15	02:52:43.132	0.93092				2
2025.07.15	02:52:45.133	0.93091				2
2025.07.15	02:52:46.977	0.93092				2
2025.07.15	02:52:47.281	0.93091				2
2025.07.15	02:52:49.065	0.93093				2
2025.07.15	02:52:49.414	0.93091				2
2025.07.15	02:52:50.476	0.93093				2
2025.07.15	02:52:50.865	0.93091				2
2025.07.15	02:52:53.231	0.93092				2
2025.07.15	02:52:56.040	0.93091				2
2025.07.15	02:52:57.085	0.93090				2
2025.07.15	02:52:57.477	0.93092				2
2025.07.15	02:52:57.974	0.93091				2
2025.07.15	02:52:59.186	0.93090				2
2025.07.15	02:52:59.566	0.93091				2
2025.07.15	02:52:59.978	0.93090				2
2025.07.15	02:53:00.403	0.93094	0.93101			6
2025.07.15	02:53:01.228	0.93090	0.93100			6
2025.07.15	02:53:04.237	0.93092				2
2025.07.15	02:53:10.867	0.93093				2
2025.07.15	02:53:11.258	0.93092				2
2025.07.15	02:53:11.636	0.93091				2
2025.07.15	02:53:12.066	0.93092				2
2025.07.15	02:53:13.516	0.93091				2
2025.07.15	02:53:15.859	0.93090				2
2025.07.15	02:53:16.817	0.93092				2
2025.07.15	02:53:17.191	0.93090				2
2025.07.15	02:53:17.567	0.93092				2
2025.07.15	02:53:18.228	0.93091				2
2025.07.15	02:53:20.847	0.93090				2
2025.07.15	02:53:21.660	0.93093				2
2025.07.15	02:53:24.977	0.93092				2
2025.07.15	02:53:27.895	0.93093				2
2025.07.15	02:53:32.235	0.93094				2
2025.07.15	02:53:32.718	0.93093				2
2025.07.15	02:53:42.950	0.93092				2
2025.07.15	02:53:43.327	0.93093	0.93102			6
2025.07.15	02:53:44.398	0.93091	0.93101			6
2025.07.15	02:53:45.061	0.93092				2
2025.07.15	02:53:46.729	0.93090				2
