<DATE>	<TIME>	<BID>	<ASK>	<LAST>	<VOLUME>	<FLAGS>
2025.12.29	00:03:31.161	0.92855	0.92990			6
2025.12.29	00:07:02.455	0.92855	0.92990			6
2025.12.29	00:07:09.990	0.92802	0.93030			6
2025.12.29	00:07:10.312	0.92801	0.93027			6
2025.12.29	00:07:11.011	0.92803	0.93030			6
2025.12.29	00:07:11.313	0.92801	0.93027			6
2025.12.29	00:07:11.622	0.92789				2
2025.12.29	00:07:11.925	0.92810	0.93010			6
2025.12.29	00:07:12.234	0.92817	0.93008			6
2025.12.29	00:07:12.611	0.92819	0.93010			6
2025.12.29	00:07:12.922	0.92818	0.93008			6
2025.12.29	00:07:13.612	0.92820	0.93010			6
2025.12.29	00:07:13.917	0.92818	0.93008			6
2025.12.29	00:07:14.617	0.92820	0.93010			6
2025.12.29	00:07:14.921	0.92813	0.93019			6
2025.12.29	00:07:15.624		0.93020			4
2025.12.29	00:07:15.933	0.92814	0.93018			6
2025.12.29	00:07:16.257	0.92813	0.93019			6
2025.12.29	00:07:16.625	0.92817	0.93020			6
2025.12.29	00:07:16.935	0.92813	0.93019			6
2025.12.29	00:07:17.567		0.93018			4
2025.12.29	00:07:17.882	0.92814				2
2025.12.29	00:07:18.260	0.92816	0.93020			6
2025.12.29	00:07:19.262	0.92818	0.93018			6
2025.12.29	00:07:19.571	0.92813				2
2025.12.29	00:07:19.883	0.92814				2
2025.12.29	00:07:20.260		0.93020			4
2025.12.29	00:07:20.894	0.92816				2
2025.12.29	00:07:21.884	0.92802	0.93039			6
2025.12.29	00:07:22.217	0.92801	0.93026			6
2025.12.29	00:07:22.524	0.92806	0.93024			6
2025.12.29	00:07:23.262		0.93026			4
2025.12.29	00:07:23.572	0.92808				2
2025.12.29	00:07:24.623	0.92810	0.93024			6
2025.12.29	00:07:24.931	0.92808	0.93026			6
2025.12.29	00:07:25.622	0.92810	0.93024			6
2025.12.29	00:07:25.933	0.92808	0.93026			6
2025.12.29	00:07:26.622	0.92810	0.93024			6
2025.12.29	00:07:26.934	0.92808	0.93026			6
2025.12.29	00:07:27.622	0.92806	0.93024			6
2025.12.29	00:07:27.924	0.92808	0.93026			6
2025.12.29	00:07:28.622	0.92797	0.93034			6
2025.12.29	00:07:28.926	0.92799	0.93036			6
2025.12.29	00:07:29.624	0.92800	0.93035			6
2025.12.29	00:07:29.932	0.92799	0.93036			6
2025.12.29	00:07:30.623	0.92797	0.93034			6
2025.12.29	00:07:31.309	0.92801				2
2025.12.29	00:07:31.923	0.92797				2
2025.12.29	00:07:32.609	0.92826	0.93019			6
2025.12.29	00:07:32.912	0.92819	0.93010			6
2025.12.29	00:07:33.614	0.92818	0.93012			6
2025.12.29	00:07:33.922	0.92819	0.93010			6
2025.12.29	00:07:34.610	0.92813	0.93020			6
2025.12.29	00:07:34.923	0.92814	0.93018			6
2025.12.29	00:07:35.610		0.93020			4
2025.12.29	00:07:35.922		0.93018			4
2025.12.29	00:07:36.611		0.93020			4
2025.12.29	00:07:36.928	0.92816	0.93019			6
2025.12.29	00:07:37.258	0.92817				2
2025.12.29	00:12:22.423	0.92817	0.93019			6
2025.12.29	00:14:57.214	0.92817	0.93019			6
2025.12.29	00:15:00.372	0.92817				2
2025.12.29	00:16:34.567	0.92813	0.93046			6
2025.12.29	00:16:36.559	0.92821	0.93047			6
2025.12.29	00:16:39.602		0.93046			4
2025.12.29	00:16:42.572	0.92807	0.93038			6
2025.12.29	00:16:43.203		0.93039			4
2025.12.29	00:16:45.201	0.92826	0.93040			6
2025.12.29	00:16:46.202		0.93041			4
2025.12.29	00:16:46.873	0.92833				2
2025.12.29	00:16:48.002		0.93040			4
2025.12.29	00:16:48.730	0.92809	0.93035			6
2025.12.29	00:16:56.436		0.93036			4
2025.12.29	00:16:57.043	0.92835	0.93063			6
2025.12.29	00:17:00.301	0.92835				2
2025.12.29	00:17:01.503		0.93062			4
2025.12.29	00:17:04.502		0.93061			4
2025.12.29	00:17:07.202	0.92845				2
2025.12.29	00:17:14.560		0.93046			4
2025.12.29	00:17:14.974		0.93065			4
2025.12.29	00:17:15.927	0.92856	0.93067			6
2025.12.29	00:17:19.502		0.93066			4
2025.12.29	00:17:25.202		0.93065			4
2025.12.29	00:17:26.106		0.93078			4
2025.12.29	00:17:27.130		0.93029			4
2025.12.29	00:17:33.253	0.92784	0.92987			6
2025.12.29	00:17:42.483	0.92778	0.92994			6
2025.12.29	00:17:46.203	0.92777	0.92995			6
2025.12.29	00:17:47.201	0.92771	0.93001			6
2025.12.29	00:17:48.302	0.92770				2
2025.12.29	00:17:48.812	0.92771	0.93000			6
2025.12.29	00:17:50.523	0.92775	0.92996			6
2025.12.29	00:17:51.647	0.92773	0.92997			6
2025.12.29	00:17:52.802		0.92998			4
2025.12.29	00:18:00.303	0.92773				2
2025.12.29	00:18:03.086	0.92776	0.92995			6
2025.12.29	00:18:06.769	0.92781	0.92990			6
2025.12.29	00:18:12.339	0.92784	0.92987			6
2025.12.29	00:18:18.669	0.92762	0.92985			6
2025.12.29	00:18:24.768	0.92760	0.92987			6
2025.12.29	00:18:27.605		0.92988			4
2025.12.29	00:18:33.302	0.92759				2
2025.12.29	00:18:42.003		0.92989			4
2025.12.29	00:18:47.402	0.92758				2
2025.12.29	00:18:57.902		0.92990			4
2025.12.29	00:19:00.945	0.92758				2
2025.12.29	00:19:03.301	0.92757				2
2025.12.29	00:19:14.701		0.92991			4
2025.12.29	00:21:03.505	0.92757	0.92994			6
2025.12.29	00:24:02.458	0.92757	0.92994			6
2025.12.29	00:25:25.638	0.92757	0.92994			6
2025.12.29	00:25:30.385	0.92756				2
2025.12.29	00:25:30.685	0.92765	0.92992			6
2025.12.29	00:25:31.185	0.92764	0.92993			6
2025.12.29	00:25:33.683	0.92765	0.92992			6
2025.12.29	00:25:33.998	0.92764	0.92993			6
2025.12.29	00:25:34.418	0.92761	0.92996			6
2025.12.29	00:25:34.868	0.92763	0.92994			6
2025.12.29	00:25:35.450	0.92761	0.92996			6
2025.12.29	00:25:35.925	0.92763	0.92994			6
2025.12.29	00:25:36.959	0.92762	0.92995			6
2025.12.29	00:25:37.265	0.92761	0.92996			6
2025.12.29	00:25:37.597	0.92764	0.92993			6
2025.12.29	00:25:38.460	0.92763	0.92994			6
2025.12.29	00:25:38.775	0.92761	0.92996			6
2025.12.29	00:25:39.162	0.92763	0.92994			6
2025.12.29	00:25:39.500	0.92764	0.92993			6
2025.12.29	00:25:39.954	0.92761	0.92992			6
2025.12.29	00:25:40.259		0.92996			4
2025.12.29	00:25:40.657	0.92763	0.92994			6
2025.12.29	00:25:42.431	0.92764	0.92993			6
2025.12.29	00:25:43.959	0.92761	0.92996			6
2025.12.29	00:25:44.368	0.92764	0.92992			6
2025.12.29	00:25:44.693		0.92993			4
2025.12.29	00:25:45.032		0.92992			4
2025.12.29	00:25:45.747	0.92763	0.92994			6
2025.12.29	00:25:46.888	0.92764	0.92993			6
2025.12.29	00:25:47.197	0.92759	0.92997			6
2025.12.29	00:25:47.508	0.92761	0.92996			6
2025.12.29	00:25:47.908	0.92763	0.92994			6
2025.12.29	00:25:48.232		0.92993			4
2025.12.29	00:25:48.717	0.92761	0.92996			6
2025.12.29	00:25:49.136	0.92764	0.92993			6
2025.12.29	00:25:49.909	0.92763				2
2025.12.29	00:25:50.279	0.92762	0.92995			6
2025.12.29	00:25:50.585	0.92763	0.92993			6
2025.12.29	00:25:50.946	0.92764				2
2025.12.29	00:25:51.283	0.92763	0.92994			6
2025.12.29	00:25:51.606	0.92761	0.92996			6
2025.12.29	00:25:52.216	0.92764	0.92993			6
2025.12.29	00:25:52.960	0.92762	0.92995			6
2025.12.29	00:25:53.274	0.92761	0.92996			6
2025.12.29	00:25:54.096	0.92763	0.92994			6
2025.12.29	00:25:59.764	0.92762				2
2025.12.29	00:26:00.296	0.92762				2
2025.12.29	00:26:03.291	0.92764	0.92993			6
2025.12.29	00:26:04.013	0.92761	0.92996			6
2025.12.29	00:26:04.318	0.92764	0.92993			6
2025.12.29	00:26:04.658	0.92761	0.92996			6
2025.12.29	00:26:05.343	0.92764	0.92993			6
2025.12.29	00:26:05.669	0.92763	0.92994			6
2025.12.29	00:26:08.590	0.92761	0.92996			6
2025.12.29	00:26:08.922	0.92763	0.92994			6
2025.12.29	00:26:14.035	0.92765	0.92992			6
2025.12.29	00:26:14.473	0.92763	0.92994			6
2025.12.29	00:26:15.765	0.92762	0.92995			6
2025.12.29	00:26:16.100	0.92764	0.92993			6
2025.12.29	00:26:16.891		0.92992			4
2025.12.29	00:26:17.578	0.92761	0.92995			6
2025.12.29	00:26:17.880	0.92764	0.92992			6
2025.12.29	00:26:19.482	0.92761	0.92996			6
2025.12.29	00:26:19.794	0.92762	0.92995			6
2025.12.29	00:26:20.914	0.92765	0.92997			6
2025.12.29	00:26:21.320		0.92998			4
2025.12.29	00:26:25.254	0.92763	0.92999			6
2025.12.29	00:26:25.606	0.92765	0.92997			6
2025.12.29	00:26:32.224	0.92759	0.92996			6
2025.12.29	00:26:32.865	0.92758				2
2025.12.29	00:26:33.235	0.92759				2
2025.12.29	00:26:37.096	0.92766				2
2025.12.29	00:26:37.397	0.92758				2
2025.12.29	00:26:40.271	0.92759				2
2025.12.29	00:26:40.586	0.92767				2
2025.12.29	00:26:42.218	0.92763	0.92999			6
2025.12.29	00:26:42.605	0.92766	0.92996			6
2025.12.29	00:26:42.995	0.92767	0.92995			6
2025.12.29	00:26:43.314	0.92763	0.92999			6
2025.12.29	00:26:43.618	0.92765	0.92997			6
2025.12.29	00:26:43.937	0.92767				2
2025.12.29	00:26:44.237		0.92996			4
2025.12.29	00:26:44.773	0.92764	0.92999			6
2025.12.29	00:26:45.079	0.92766	0.92996			6
2025.12.29	00:26:45.799	0.92765	0.92998			6
2025.12.29	00:26:46.100		0.92997			4
2025.12.29	00:26:46.834	0.92762	0.92999			6
2025.12.29	00:26:47.137	0.92763				2
2025.12.29	00:26:47.441	0.92765	0.92997			6
2025.12.29	00:26:48.060	0.92762	0.93000			6
2025.12.29	00:26:48.367	0.92765	0.92997			6
2025.12.29	00:26:49.020	0.92766				2
2025.12.29	00:26:49.702	0.92764	0.92999			6
2025.12.29	00:26:50.080	0.92766	0.92996			6
2025.12.29	00:26:50.649	0.92764	0.92999			6
2025.12.29	00:26:51.315	0.92775	0.92996			6
2025.12.29	00:26:51.627	0.92770	0.92992			6
2025.12.29	00:26:52.273	0.92773	0.92990			6
2025.12.29	00:26:52.702	0.92768	0.92992			6
2025.12.29	00:26:53.449	0.92770	0.92990			6
2025.12.29	00:26:53.809	0.92767	0.92993			6
2025.12.29	00:26:54.455	0.92769	0.92991			6
2025.12.29	00:27:00.488	0.92769				2
2025.12.29	00:27:07.792	0.92761	0.92999			6
2025.12.29	00:27:55.220	0.92760	0.92998			6
2025.12.29	00:28:00.278	0.92760				2
2025.12.29	00:28:32.153	0.92784	0.93015			6
2025.12.29	00:28:37.812	0.92788	0.93013			6
2025.12.29	00:28:39.924	0.92789	0.93012			6
2025.12.29	00:28:47.717	0.92831	0.92988			6
2025.12.29	00:29:00.612	0.92831				2
2025.12.29	00:29:19.948	0.92803	0.93037			6
2025.12.29	00:29:28.518	0.92809	0.93047			6
2025.12.29	00:30:17.646	0.92825				2
2025.12.29	00:30:20.912		0.93043			4
2025.12.29	00:30:22.830	0.92829	0.93034			6
2025.12.29	00:30:23.302	0.92857	0.93006			6
2025.12.29	00:30:28.295	0.92825	0.93046			6
2025.12.29	00:30:28.636		0.93045			4
2025.12.29	00:30:30.151	0.92830	0.93041			6
2025.12.29	00:30:31.803		0.93040			4
2025.12.29	00:30:32.667		0.93042			4
2025.12.29	00:30:38.102		0.93041			4
2025.12.29	00:30:42.711	0.92842				2
2025.12.29	00:30:43.221		0.93042			4
2025.12.29	00:30:44.403		0.93041			4
2025.12.29	00:30:48.341		0.93040			4
2025.12.29	00:30:53.704		0.93039			4
2025.12.29	00:31:00.002	0.92842	0.93038			6
2025.12.29	00:31:02.753	0.92843				2
2025.12.29	00:31:03.903		0.93037			4
2025.12.29	00:31:08.401		0.93036			4
2025.12.29	00:31:10.892		0.93035			4
2025.12.29	00:31:12.302		0.93034			4
2025.12.29	00:31:16.276	0.92842	0.93035			6
2025.12.29	00:31:22.343		0.93039			4
2025.12.29	00:31:23.403		0.93038			4
2025.12.29	00:31:26.339		0.93039			4
2025.12.29	00:31:30.406		0.93037			4
2025.12.29	00:31:30.903		0.93036			4
2025.12.29	00:31:36.340		0.93035			4
2025.12.29	00:31:46.203		0.93034			4
2025.12.29	00:31:54.303		0.93033			4
2025.12.29	00:31:57.303		0.93035			4
2025.12.29	00:32:00.946	0.92842				2
2025.12.29	00:32:05.701		0.93034			4
2025.12.29	00:32:11.404		0.93033			4
2025.12.29	00:32:20.406		0.93032			4
2025.12.29	00:32:30.003		0.93031			4
2025.12.29	00:32:37.288		0.93032			4
2025.12.29	00:32:40.878		0.93031			4
2025.12.29	00:32:42.438		0.93030			4
2025.12.29	00:32:46.138		0.93024			4
2025.12.29	00:32:47.402		0.93025			4
2025.12.29	00:32:49.202		0.93024			4
2025.12.29	00:33:05.102	0.92842	0.93025			6
2025.12.29	00:33:10.501		0.93024			4
2025.12.29	00:33:28.052		0.93026			4
2025.12.29	00:33:29.102		0.93027			4
2025.12.29	00:33:33.002		0.93026			4
2025.12.29	00:33:40.878		0.93024			4
2025.12.29	00:33:42.723	0.92836				2
2025.12.29	00:34:00.304	0.92836	0.93023			6
2025.12.29	00:34:40.377		0.93022			4
2025.12.29	00:34:51.647		0.93021			4
2025.12.29	00:35:01.076	0.92836				2
2025.12.29	00:35:08.811	0.92839	0.93019			6
2025.12.29	00:35:09.903		0.93018			4
2025.12.29	00:35:11.742		0.93019			4
2025.12.29	00:35:24.602		0.93018			4
2025.12.29	00:35:32.544	0.92840	0.93019			6
2025.12.29	00:35:35.282		0.93018			4
2025.12.29	00:35:37.202	0.92828	0.93017			6
2025.12.29	00:35:37.772	0.92829				2
2025.12.29	00:35:44.674	0.92823				2
2025.12.29	00:35:47.854		0.93018			4
2025.12.29	00:35:49.510		0.93017			4
2025.12.29	00:35:50.535	0.92827				2
2025.12.29	00:35:51.615		0.93018			4
2025.12.29	00:35:59.697	0.92825				2
2025.12.29	00:36:00.635	0.92825	0.93019			6
2025.12.29	00:36:04.655		0.93017			4
2025.12.29	00:36:06.003		0.93016			4
2025.12.29	00:36:07.202		0.93017			4
2025.12.29	00:36:09.025		0.93016			4
2025.12.29	00:36:09.900		0.93017			4
2025.12.29	00:36:16.502		0.93016			4
2025.12.29	00:36:19.653	0.92826				2
2025.12.29	00:36:23.104		0.93015			4
2025.12.29	00:36:29.672	0.92827	0.93016			6
2025.12.29	00:36:30.002	0.92828				2
2025.12.29	00:36:36.891		0.93015			4
2025.12.29	00:36:38.844		0.93016			4
2025.12.29	00:36:44.712	0.92826				2
2025.12.29	00:36:50.286		0.93013			4
2025.12.29	00:37:00.535	0.92826				2
2025.12.29	00:37:11.369		0.93012			4
2025.12.29	00:37:14.710	0.92827				2
2025.12.29	00:37:16.016	0.92828	0.93013			6
2025.12.29	00:37:17.101	0.92829				2
2025.12.29	00:37:17.957	0.92830	0.93017			6
2025.12.29	00:37:31.453	0.92836				2
2025.12.29	00:37:47.101	0.92837				2
2025.12.29	00:37:52.754	0.92822				2
2025.12.29	00:38:02.396	0.92822				2
2025.12.29	00:38:03.602		0.93016			4
2025.12.29	00:38:05.211		0.93017			4
2025.12.29	00:38:08.817	0.92835				2
2025.12.29	00:38:29.102		0.93016			4
2025.12.29	00:38:41.703		0.93012			4
2025.12.29	00:38:43.874	0.92824				2
2025.12.29	00:38:52.210	0.92823	0.93010			6
2025.12.29	00:39:00.534	0.92823				2
2025.12.29	00:39:05.936	0.92834				2
2025.12.29	00:39:06.437	0.92823	0.93009			6
2025.12.29	00:39:07.210		0.93011			4
2025.12.29	00:39:15.219	0.92821				2
2025.12.29	00:39:22.211	0.92837	0.93010			6
2025.12.29	00:39:42.141	0.92824	0.93006			6
2025.12.29	00:39:42.665	0.92813	0.93003			6
2025.12.29	00:39:43.145	0.92812				2
2025.12.29	00:39:44.665		0.93002			4
2025.12.29	00:39:54.917	0.92827				2
2025.12.29	00:40:01.410	0.92827	0.93005			6
2025.12.29	00:40:05.952	0.92829				2
2025.12.29	00:40:14.667	0.92833				2
2025.12.29	00:40:19.998		0.93006			4
2025.12.29	00:40:32.492		0.93004			4
2025.12.29	00:40:36.426	0.92823	0.92999			6
2025.12.29	00:40:40.554		0.92997			4
2025.12.29	00:40:42.602		0.92996			4
2025.12.29	00:40:43.363	0.92818				2
2025.12.29	00:40:44.404	0.92820				2
2025.12.29	00:40:45.612	0.92826				2
2025.12.29	00:40:46.502		0.92997			4
2025.12.29	00:40:52.804		0.92996			4
2025.12.29	00:40:54.973	0.92823				2
2025.12.29	00:41:00.378	0.92823				2
2025.12.29	00:41:01.421	0.92824				2
2025.12.29	00:41:06.902		0.92997			4
2025.12.29	00:41:29.808	0.92821				2
2025.12.29	00:41:45.307	0.92824				2
2025.12.29	00:41:49.038		0.92996			4
2025.12.29	00:41:59.876	0.92825				2
2025.12.29	00:42:00.533	0.92825				2
2025.12.29	00:42:01.094	0.92784	0.92992			6
2025.12.29	00:42:01.599	0.92770				2
2025.12.29	00:42:16.135	0.92788				2
2025.12.29	00:42:17.101		0.92993			4
2025.12.29	00:42:29.813	0.92787				2
2025.12.29	00:42:30.610	0.92795				2
2025.12.29	00:42:41.076	0.92790				2
2025.12.29	00:42:46.149	0.92773				2
2025.12.29	00:42:48.422	0.92790				2
2025.12.29	00:42:55.801		0.92994			4
2025.12.29	00:43:00.002	0.92790				2
2025.12.29	00:43:01.135	0.92773				2
2025.12.29	00:43:15.849	0.92782				2
2025.12.29	00:43:16.214	0.92788	0.92998			6
2025.12.29	00:43:16.518	0.92789	0.92994			6
2025.12.29	00:43:21.767		0.92993			4
2025.12.29	00:43:26.402	0.92808	0.92992			6
2025.12.29	00:43:31.676	0.92813	0.92988			6
2025.12.29	00:43:32.032	0.92810				2
2025.12.29	00:43:32.349	0.92791	0.92991			6
2025.12.29	00:43:32.686	0.92812	0.92988			6
2025.12.29	00:43:33.030	0.92791	0.92991			6
2025.12.29	00:43:33.347	0.92802	0.92980			6
2025.12.29	00:43:33.780	0.92818	0.92979			6
2025.12.29	00:43:36.109	0.92819				2
2025.12.29	00:43:36.533	0.92800	0.92980			6
2025.12.29	00:43:37.421	0.92816	0.92979			6
2025.12.29	00:43:39.530	0.92808	0.92980			6
2025.12.29	00:43:40.812	0.92800				2
2025.12.29	00:43:41.492	0.92816	0.92979			6
2025.12.29	00:43:51.964		0.92994			4
2025.12.29	00:43:56.217		0.92995			4
2025.12.29	00:44:00.535	0.92816				2
2025.12.29	00:44:01.599	0.92817	0.92992			6
2025.12.29	00:44:16.753	0.92819	0.92981			6
2025.12.29	00:44:30.515	0.92812	0.92982			6
2025.12.29	00:44:31.633	0.92815	0.92976			6
2025.12.29	00:44:38.867	0.92809	0.92973			6
2025.12.29	00:44:43.864	0.92795	0.92974			6
2025.12.29	00:44:44.702	0.92804				2
2025.12.29	00:44:58.935	0.92812	0.92973			6
2025.12.29	00:45:00.608	0.92801	0.92974			6
2025.12.29	00:45:01.809	0.92812	0.92973			6
2025.12.29	00:45:03.385	0.92790	0.93002			6
2025.12.29	00:45:06.827	0.92812	0.92973			6
2025.12.29	00:45:11.718	0.92830	0.92955			6
2025.12.29	00:45:14.553	0.92812	0.92972			6
2025.12.29	00:45:15.273	0.92819	0.92974			6
2025.12.29	00:45:15.883	0.92828	0.92960			6
2025.12.29	00:45:17.424	0.92822				2
2025.12.29	00:45:17.742	0.92819	0.92974			6
2025.12.29	00:45:18.072		0.92969			4
2025.12.29	00:45:18.388	0.92823	0.92960			6
2025.12.29	00:45:21.603	0.92819				2
2025.12.29	00:45:27.910	0.92820	0.92968			6
2025.12.29	00:45:28.508	0.92811				2
2025.12.29	00:45:28.915	0.92810				2
2025.12.29	00:45:40.808	0.92813	0.92960			6
2025.12.29	00:45:49.514	0.92817	0.92959			6
2025.12.29	00:45:51.008	0.92822				2
2025.12.29	00:45:51.361	0.92812	0.92960			6
2025.12.29	00:45:58.508	0.92818	0.92958			6
2025.12.29	00:46:00.117	0.92818				2
2025.12.29	00:46:01.509		0.92959			4
2025.12.29	00:46:13.883	0.92811	0.92965			6
2025.12.29	00:46:14.188	0.92816				2
2025.12.29	00:46:20.675	0.92817	0.92958			6
2025.12.29	00:46:28.968	0.92804				2
2025.12.29	00:46:29.408	0.92810				2
2025.12.29	00:46:29.786	0.92815	0.92957			6
2025.12.29	00:46:31.208	0.92812	0.92963			6
2025.12.29	00:46:31.518	0.92813	0.92976			6
2025.12.29	00:46:31.833		0.92964			4
2025.12.29	00:46:32.421	0.92819	0.92963			6
2025.12.29	00:46:33.221		0.92958			4
2025.12.29	00:46:37.963	0.92812	0.92959			6
2025.12.29	00:46:39.314	0.92818	0.92958			6
2025.12.29	00:46:40.503	0.92826				2
2025.12.29	00:46:41.314	0.92832	0.92957			6
2025.12.29	00:46:46.214	0.92848	0.92964			6
2025.12.29	00:46:46.535	0.92846	0.92971			6
2025.12.29	00:46:46.842		0.92978			4
2025.12.29	00:46:47.210	0.92847	0.92960			6
2025.12.29	00:46:49.211	0.92843	0.92972			6
2025.12.29	00:46:52.802	0.92844				2
2025.12.29	00:46:56.890	0.92835	0.92973			6
2025.12.29	00:46:57.316		0.92972			4
2025.12.29	00:47:00.033	0.92835				2
2025.12.29	00:47:02.213	0.92836	0.92960			6
2025.12.29	00:47:02.910	0.92835	0.92974			6
2025.12.29	00:47:03.213	0.92804	0.92986			6
2025.12.29	00:47:05.101	0.92805				2
2025.12.29	00:47:06.636	0.92847	0.92971			6
2025.12.29	00:47:07.673	0.92845	0.92975			6
2025.12.29	00:47:08.320		0.92971			4
2025.12.29	00:47:10.853		0.92973			4
2025.12.29	00:47:11.324	0.92846	0.92959			6
2025.12.29	00:47:11.661	0.92847	0.92969			6
2025.12.29	00:47:23.748	0.92846	0.92961			6
2025.12.29	00:47:24.614		0.92972			4
2025.12.29	00:47:31.683		0.92971			4
2025.12.29	00:47:39.602	0.92842				2
2025.12.29	00:47:40.212	0.92849	0.92967			6
2025.12.29	00:47:42.354	0.92848	0.92973			6
2025.12.29	00:47:46.978	0.92846	0.92958			6
2025.12.29	00:48:00.003	0.92846				2
2025.12.29	00:48:28.208	0.92841				2
2025.12.29	00:48:28.808	0.92833				2
2025.12.29	00:48:31.335		0.92955			4
2025.12.29	00:48:31.746	0.92840				2
2025.12.29	00:48:32.702	0.92839	0.92968			6
2025.12.29	00:48:38.233		0.92960			4
2025.12.29	00:48:38.694	0.92847	0.92969			6
2025.12.29	00:48:39.228	0.92849	0.92967			6
2025.12.29	00:48:41.388		0.92971			4
2025.12.29	00:48:42.909		0.92967			4
2025.12.29	00:48:45.610		0.92970			4
2025.12.29	00:48:56.107	0.92841	0.92969			6
2025.12.29	00:49:00.602	0.92841				2
2025.12.29	00:49:02.656	0.92845	0.92968			6
2025.12.29	00:49:06.312	0.92849				2
2025.12.29	00:49:06.810	0.92846	0.92957			6
2025.12.29	00:49:07.165	0.92840	0.92971			6
2025.12.29	00:49:08.103		0.92972			4
2025.12.29	00:49:19.202		0.92971			4
2025.12.29	00:49:29.709	0.92831				2
2025.12.29	00:49:30.946	0.92841				2
2025.12.29	00:49:32.709	0.92832	0.92969			6
2025.12.29	00:49:34.509	0.92850	0.92967			6
2025.12.29	00:49:35.403		0.92971			4
2025.12.29	00:49:37.209		0.92968			4
2025.12.29	00:49:37.810		0.92970			4
2025.12.29	00:49:38.219		0.92968			4
2025.12.29	00:49:38.606	0.92836	0.92967			6
2025.12.29	00:49:39.002		0.92968			4
2025.12.29	00:49:41.362		0.92970			4
2025.12.29	00:49:42.411		0.92971			4
2025.12.29	00:49:47.711		0.92970			4
2025.12.29	00:49:49.210	0.92845	0.92971			6
2025.12.29	00:49:51.908	0.92847	0.92969			6
2025.12.29	00:49:52.412		0.92968			4
2025.12.29	00:49:58.004	0.92838	0.92959			6
2025.12.29	00:49:58.335	0.92844				2
2025.12.29	00:50:01.803	0.92832	0.92966			6
2025.12.29	00:50:02.118		0.92968			4
2025.12.29	00:50:03.002		0.92969			4
2025.12.29	00:50:04.502	0.92845	0.92968			6
2025.12.29	00:50:07.208	0.92851	0.92970			6
2025.12.29	00:50:07.697	0.92840				2
2025.12.29	00:50:12.019	0.92841	0.92971			6
2025.12.29	00:50:12.401	0.92845	0.92968			6
2025.12.29	00:50:19.790		0.92966			4
2025.12.29	00:50:20.533		0.92968			4
2025.12.29	00:50:21.149		0.92971			4
2025.12.29	00:50:21.681		0.92968			4
2025.12.29	00:50:26.864	0.92832	0.92969			6
2025.12.29	00:50:28.510	0.92843				2
2025.12.29	00:50:31.334	0.92844	0.92970			6
2025.12.29	00:50:38.438	0.92841				2
2025.12.29	00:50:44.708		0.92971			4
2025.12.29	00:50:46.209	0.92834				2
2025.12.29	00:50:47.219	0.92843				2
2025.12.29	00:50:50.709	0.92853				2
2025.12.29	00:50:51.909	0.92846				2
2025.12.29	00:50:59.788	0.92834				2
2025.12.29	00:51:01.209	0.92842				2
2025.12.29	00:51:05.102	0.92841				2
2025.12.29	00:51:07.211	0.92833				2
2025.12.29	00:51:08.077	0.92844				2
2025.12.29	00:51:08.405	0.92833				2
2025.12.29	00:51:10.022	0.92844				2
2025.12.29	00:51:16.208	0.92833				2
2025.12.29	00:51:18.011	0.92840				2
2025.12.29	00:51:20.109	0.92844				2
2025.12.29	00:51:24.914	0.92833				2
2025.12.29	00:51:26.409	0.92843				2
2025.12.29	00:51:35.117	0.92847				2
2025.12.29	00:51:45.009		0.92971			4
2025.12.29	00:52:01.204	0.92847				2
2025.12.29	00:52:12.543	0.92844	0.92975			6
2025.12.29	00:52:14.104		0.92974			4
2025.12.29	00:52:15.247	0.92862				2
2025.12.29	00:52:16.362	0.92844				2
2025.12.29	00:52:17.081		0.92972			4
2025.12.29	00:52:18.345	0.92846				2
2025.12.29	00:52:22.203		0.92971			4
2025.12.29	00:52:49.816	0.92840				2
2025.12.29	00:52:50.517	0.92842				2
2025.12.29	00:52:52.201	0.92843				2
2025.12.29	00:52:59.666	0.92842	0.92970			6
2025.12.29	00:53:00.169	0.92842	0.92971			6
2025.12.29	00:53:25.571	0.92840	0.92972			6
2025.12.29	00:53:27.002		0.92971			4
2025.12.29	00:53:27.309	0.92842				2
2025.12.29	00:53:28.634	0.92840				2
2025.12.29	00:53:46.859	0.92839				2
2025.12.29	00:53:48.985	0.92843	0.92968			6
2025.12.29	00:53:50.536	0.92838				2
2025.12.29	00:53:52.238	0.92843				2
2025.12.29	00:53:54.911		0.92967			4
2025.12.29	00:53:56.477	0.92845				2
2025.12.29	00:53:57.610	0.92843				2
2025.12.29	00:53:59.779		0.92957			4
2025.12.29	00:54:00.309	0.92847	0.92956			6
2025.12.29	00:54:26.109	0.92846	0.92954			6
2025.12.29	00:54:27.607		0.92955			4
2025.12.29	00:54:30.308		0.92954			4
2025.12.29	00:54:35.101	0.92844	0.92967			6
2025.12.29	00:54:36.001		0.92966			4
2025.12.29	00:54:37.202	0.92846				2
2025.12.29	00:54:37.813	0.92847				2
2025.12.29	00:54:47.407	0.92844				2
2025.12.29	00:54:58.787	0.92839	0.92967			6
2025.12.29	00:54:59.098	0.92836	0.92971			6
2025.12.29	00:54:59.399	0.92839	0.92963			6
2025.12.29	00:55:00.323	0.92809	0.92968			6
2025.12.29	00:55:00.736	0.92808	0.92966			6
2025.12.29	00:55:01.066	0.92809				2
2025.12.29	00:55:02.307	0.92801				2
2025.12.29	00:55:03.474		0.92967			4
2025.12.29	00:55:04.858	0.92805				2
2025.12.29	00:55:15.888		0.92969			4
2025.12.29	00:55:16.346		0.92968			4
2025.12.29	00:55:17.423		0.92969			4
2025.12.29	00:55:18.347	0.92814				2
2025.12.29	00:55:21.349	0.92820				2
2025.12.29	00:55:36.302		0.92968			4
2025.12.29	00:55:41.741	0.92814	0.92969			6
2025.12.29	00:55:46.388		0.92968			4
2025.12.29	00:55:50.014		0.92967			4
2025.12.29	00:55:50.915		0.92968			4
2025.12.29	00:55:51.896	0.92806	0.92967			6
2025.12.29	00:55:54.009	0.92813				2
2025.12.29	00:55:54.344		0.92968			4
2025.12.29	00:56:00.403	0.92813				2
2025.12.29	00:56:00.773		0.92967			4
2025.12.29	00:56:01.097		0.92968			4
2025.12.29	00:56:11.385		0.92969			4
2025.12.29	00:56:15.893		0.92968			4
2025.12.29	00:56:16.483		0.92967			4
2025.12.29	00:56:16.809		0.92969			4
2025.12.29	00:56:18.308		0.92970			4
2025.12.29	00:56:40.185	0.92818				2
2025.12.29	00:56:44.401		0.92971			4
2025.12.29	00:56:46.394		0.92970			4
2025.12.29	00:57:00.853	0.92818				2
2025.12.29	00:57:06.874		0.92971			4
2025.12.29	00:57:13.458		0.92970			4
2025.12.29	00:57:15.850	0.92793	0.92964			6
2025.12.29	00:57:16.158		0.92966			4
2025.12.29	00:57:17.089	0.92797				2
2025.12.29	00:57:17.424	0.92806	0.92967			6
2025.12.29	00:57:18.602		0.92966			4
2025.12.29	00:57:19.207		0.92967			4
2025.12.29	00:57:21.024	0.92813				2
2025.12.29	00:57:24.609		0.92966			4
2025.12.29	00:57:27.009		0.92965			4
2025.12.29	00:57:27.355	0.92821	0.92966			6
2025.12.29	00:57:31.172	0.92822	0.92953			6
2025.12.29	00:57:32.702		0.92954			4
2025.12.29	00:57:35.856	0.92850	0.92955			6
2025.12.29	00:57:37.204	0.92851				2
2025.12.29	00:57:45.002	0.92850				2
2025.12.29	00:57:45.387	0.92852	0.92956			6
2025.12.29	00:57:46.395	0.92853	0.92955			6
2025.12.29	00:58:00.397	0.92846				2
2025.12.29	00:58:01.100	0.92847	0.92954			6
2025.12.29	00:58:05.294	0.92848				2
2025.12.29	00:58:05.708	0.92895	0.92940			6
2025.12.29	00:58:06.018	0.92853	0.93000			6
2025.12.29	00:58:06.600	0.92895	0.92940			6
2025.12.29	00:58:09.934	0.92840	0.92989			6
2025.12.29	00:58:10.368	0.92895	0.92940			6
2025.12.29	00:58:11.815	0.92856	0.92966			6
2025.12.29	00:58:13.768	0.92861	0.92971			6
2025.12.29	00:58:14.271	0.92851	0.92967			6
2025.12.29	00:58:14.578	0.92823	0.92991			6
2025.12.29	00:58:14.880	0.92895	0.92940			6
2025.12.29	00:58:16.800	0.92810	0.93004			6
2025.12.29	00:58:17.102	0.92829	0.92985			6
2025.12.29	00:58:17.702	0.92845	0.92969			6
2025.12.29	00:58:18.024	0.92836	0.92974			6
2025.12.29	00:58:18.366	0.92839	0.92971			6
2025.12.29	00:58:18.908	0.92817	0.92977			6
2025.12.29	00:58:19.223	0.92820	0.92975			6
2025.12.29	00:58:20.288	0.92822	0.92973			6
2025.12.29	00:58:24.902	0.92823	0.92972			6
2025.12.29	00:58:25.545	0.92836	0.92960			6
2025.12.29	00:58:26.033	0.92834	0.92962			6
2025.12.29	00:58:26.367	0.92836	0.92960			6
2025.12.29	00:58:26.679	0.92824	0.92972			6
2025.12.29	00:58:27.488	0.92832	0.92963			6
2025.12.29	00:58:27.798	0.92836	0.92960			6
2025.12.29	00:58:29.133	0.92815	0.92980			6
2025.12.29	00:58:29.720	0.92832	0.92964			6
2025.12.29	00:58:30.406	0.92826				2
2025.12.29	00:58:30.863	0.92812	0.92966			6
2025.12.29	00:58:31.176	0.92813	0.92965			6
2025.12.29	00:58:31.607	0.92817	0.92961			6
2025.12.29	00:58:32.423	0.92820	0.92962			6
2025.12.29	00:58:32.751	0.92825	0.92960			6
2025.12.29	00:58:33.410	0.92823	0.92961			6
2025.12.29	00:58:33.736	0.92824	0.92960			6
2025.12.29	00:58:34.150	0.92813				2
2025.12.29	00:58:35.175	0.92811				2
2025.12.29	00:58:36.455		0.92959			4
2025.12.29	00:58:36.784	0.92809				2
2025.12.29	00:58:45.418	0.92813				2
2025.12.29	00:58:47.437	0.92816				2
2025.12.29	00:58:49.600	0.92803				2
2025.12.29	00:58:49.999		0.92958			4
2025.12.29	00:58:50.931	0.92795				2
2025.12.29	00:58:51.603	0.92798				2
2025.12.29	00:58:52.438	0.92801				2
2025.12.29	00:58:55.802	0.92800				2
2025.12.29	00:58:58.084	0.92797				2
2025.12.29	00:59:00.775	0.92797				2
2025.12.29	00:59:02.838	0.92804				2
2025.12.29	00:59:03.197	0.92803	0.92959			6
2025.12.29	00:59:06.002	0.92801	0.92958			6
2025.12.29	00:59:08.240	0.92804				2
2025.12.29	00:59:09.408	0.92806	0.92956			6
2025.12.29	00:59:22.210	0.92805	0.92957			6
2025.12.29	00:59:22.715	0.92806	0.92956			6
2025.12.29	00:59:35.900	0.92803				2
2025.12.29	00:59:36.492	0.92801	0.92958			6
2025.12.29	00:59:36.810	0.92807	0.92952			6
2025.12.29	00:59:37.116	0.92821	0.92938			6
2025.12.29	00:59:37.495	0.92798	0.92961			6
2025.12.29	00:59:38.492	0.92805	0.92953			6
2025.12.29	00:59:38.795	0.92816	0.92943			6
2025.12.29	00:59:39.101	0.92820	0.92939			6
2025.12.29	00:59:39.473	0.92799	0.92960			6
2025.12.29	00:59:42.002	0.92796				2
2025.12.29	00:59:42.908	0.92797				2
2025.12.29	00:59:43.914		0.92959			4
2025.12.29	00:59:46.250	0.92798				2
2025.12.29	00:59:47.301	0.92797				2
2025.12.29	00:59:49.278	0.92798				2
2025.12.29	00:59:52.229	0.92796	0.92960			6
2025.12.29	00:59:58.318	0.92795	0.92962			6
2025.12.29	00:59:59.403		0.92961			4
2025.12.29	01:00:00.309	0.92871	0.92964			6
2025.12.29	01:00:00.619	0.92790	0.92977			6
2025.12.29	01:00:00.924	0.92822	0.92964			6
2025.12.29	01:00:01.242	0.92798	0.92967			6
2025.12.29	01:00:01.560	0.92830	0.92968			6
2025.12.29	01:00:01.878	0.92813	0.92977			6
2025.12.29	01:00:02.184		0.92981			4
2025.12.29	01:00:02.616		0.92972			4
2025.12.29	01:00:03.378	0.92836	0.92967			6
2025.12.29	01:00:03.695	0.92807	0.92988			6
2025.12.29	01:00:04.005	0.92806	0.92994			6
2025.12.29	01:00:04.313	0.92808	0.92986			6
2025.12.29	01:00:04.630	0.92812	0.92983			6
2025.12.29	01:00:04.932		0.92982			4
2025.12.29	01:00:05.580	0.92817	0.92984			6
2025.12.29	01:00:05.883	0.92830	0.92983			6
2025.12.29	01:00:06.186	0.92796	0.92982			6
2025.12.29	01:00:06.519	0.92828				2
2025.12.29	01:00:06.839	0.92829	0.92981			6
2025.12.29	01:00:07.149	0.92790	0.92974			6
2025.12.29	01:00:07.460	0.92797	0.92973			6
2025.12.29	01:00:07.782	0.92793	0.92971			6
2025.12.29	01:00:08.093	0.92802				2
2025.12.29	01:00:08.439	0.92798	0.92970			6
2025.12.29	01:00:08.777	0.92817	0.92973			6
2025.12.29	01:00:09.911	0.92833				2
2025.12.29	01:00:10.260	0.92823	0.92972			6
2025.12.29	01:00:10.563	0.92817	0.92974			6
2025.12.29	01:00:10.885	0.92834				2
2025.12.29	01:00:12.462	0.92831	0.92979			6
2025.12.29	01:00:12.765	0.92837	0.92978			6
2025.12.29	01:00:13.075	0.92838	0.92977			6
2025.12.29	01:00:13.463	0.92834	0.92984			6
2025.12.29	01:00:13.798		0.92982			4
2025.12.29	01:00:14.193	0.92831	0.92985			6
2025.12.29	01:00:14.522	0.92829	0.92988			6
2025.12.29	01:00:14.888	0.92833	0.92984			6
2025.12.29	01:00:15.238	0.92834	0.92983			6
2025.12.29	01:00:15.569	0.92836	0.92981			6
2025.12.29	01:00:15.993	0.92834	0.92983			6
2025.12.29	01:00:16.376	0.92835	0.92982			6
2025.12.29	01:00:17.128	0.92836	0.92981			6
2025.12.29	01:00:17.441	0.92833	0.92984			6
2025.12.29	01:00:17.911	0.92832				2
2025.12.29	01:00:19.018	0.92869				2
2025.12.29	01:00:19.353	0.92874	0.92983			6
2025.12.29	01:00:19.916		0.92985			4
2025.12.29	01:00:20.455		0.92986			4
2025.12.29	01:00:21.074	0.92878	0.92991			6
2025.12.29	01:00:21.452	0.92884				2
2025.12.29	01:00:22.382		0.92993			4
2025.12.29	01:00:23.447		0.92992			4
2025.12.29	01:00:26.475		0.92987			4
2025.12.29	01:00:28.246		0.92990			4
2025.12.29	01:00:28.666		0.92992			4
2025.12.29	01:00:29.099		0.92991			4
2025.12.29	01:00:29.988		0.92990			4
2025.12.29	01:00:30.313	0.92888	0.92995			6
2025.12.29	01:00:30.640	0.92894	0.92998			6
2025.12.29	01:00:30.951	0.92899	0.93006			6
2025.12.29	01:00:31.320		0.93008			4
2025.12.29	01:00:32.108		0.93007			4
2025.12.29	01:00:33.902		0.93006			4
2025.12.29	01:00:35.076		0.93007			4
2025.12.29	01:00:36.087		0.93008			4
2025.12.29	01:00:37.551		0.93006			4
2025.12.29	01:00:43.531		0.93007			4
2025.12.29	01:00:44.977		0.93006			4
2025.12.29	01:00:49.180		0.93005			4
2025.12.29	01:00:59.292		0.93004			4
2025.12.29	01:01:00.308	0.92899				2
2025.12.29	01:01:02.092		0.93007			4
2025.12.29	01:01:02.820		0.93006			4
2025.12.29	01:01:03.540		0.93008			4
2025.12.29	01:01:05.849		0.93003			4
2025.12.29	01:01:06.473		0.92999			4
2025.12.29	01:01:06.779		0.92985			4
2025.12.29	01:01:07.761		0.92993			4
2025.12.29	01:01:08.063		0.92992			4
2025.12.29	01:01:08.704		0.92991			4
2025.12.29	01:01:09.418		0.92987			4
2025.12.29	01:01:10.682		0.92986			4
2025.12.29	01:01:12.930		0.92989			4
2025.12.29	01:01:14.237		0.92987			4
2025.12.29	01:01:14.595		0.92986			4
2025.12.29	01:01:15.213		0.92987			4
2025.12.29	01:01:15.518		0.92986			4
2025.12.29	01:01:15.843		0.92985			4
2025.12.29	01:01:16.811		0.92983			4
2025.12.29	01:01:17.298		0.92986			4
2025.12.29	01:01:17.619		0.92979			4
2025.12.29	01:01:18.624		0.92980			4
2025.12.29	01:01:20.867		0.92977			4
2025.12.29	01:01:23.371		0.92976			4
2025.12.29	01:01:25.213	0.92896	0.92974			6
2025.12.29	01:01:25.899		0.92972			4
2025.12.29	01:01:26.304	0.92894	0.92974			6
2025.12.29	01:01:26.619		0.92973			4
2025.12.29	01:01:26.935	0.92893				2
2025.12.29	01:01:27.740		0.92972			4
2025.12.29	01:01:31.208	0.92890				2
2025.12.29	01:01:31.784		0.92973			4
2025.12.29	01:01:32.331		0.92971			4
2025.12.29	01:01:33.726	0.92899	0.92972			6
2025.12.29	01:01:35.715		0.92974			4
2025.12.29	01:01:40.564		0.92970			4
2025.12.29	01:01:40.877		0.92969			4
2025.12.29	01:01:41.369		0.92968			4
2025.12.29	01:01:41.709		0.92965			4
2025.12.29	01:01:42.870		0.92967			4
2025.12.29	01:01:45.297		0.92970			4
2025.12.29	01:01:45.602	0.92896	0.92969			6
2025.12.29	01:01:45.933		0.92966			4
2025.12.29	01:01:46.247		0.92970			4
2025.12.29	01:01:47.051		0.92969			4
2025.12.29	01:01:49.503		0.92966			4
2025.12.29	01:01:49.817	0.92874	0.92965			6
2025.12.29	01:01:50.267	0.92884				2
2025.12.29	01:01:50.983		0.92963			4
2025.12.29	01:01:51.505		0.92962			4
2025.12.29	01:01:52.592		0.92961			4
2025.12.29	01:01:54.340		0.92962			4
2025.12.29	01:01:56.403		0.92966			4
2025.12.29	01:01:56.983		0.92967			4
2025.12.29	01:01:58.376	0.92888				2
2025.12.29	01:02:00.453	0.92887				2
2025.12.29	01:02:03.589	0.92890	0.92969			6
2025.12.29	01:02:04.211	0.92887				2
2025.12.29	01:02:04.701		0.92970			4
2025.12.29	01:02:05.673		0.92969			4
2025.12.29	01:02:06.021	0.92892				2
2025.12.29	01:02:06.381	0.92890	0.92970			6
2025.12.29	01:02:06.686		0.92971			4
2025.12.29	01:02:08.101	0.92893				2
2025.12.29	01:02:08.836	0.92892				2
2025.12.29	01:02:12.102		0.92970			4
2025.12.29	01:02:13.920		0.92971			4
2025.12.29	01:02:14.227	0.92885	0.92975			6
2025.12.29	01:02:14.536	0.92888	0.92970			6
2025.12.29	01:02:15.192	0.92873	0.92978			6
2025.12.29	01:02:15.500	0.92889	0.92974			6
2025.12.29	01:02:15.863		0.92978			4
2025.12.29	01:02:16.215		0.92979			4
2025.12.29	01:02:16.525		0.92978			4
2025.12.29	01:02:18.157	0.92886	0.92973			6
2025.12.29	01:02:18.460		0.92977			4
2025.12.29	01:02:18.779	0.92890	0.92967			6
2025.12.29	01:02:19.364		0.92966			4
2025.12.29	01:02:20.376		0.92967			4
2025.12.29	01:02:20.872		0.92966			4
2025.12.29	01:02:21.485	0.92889				2
2025.12.29	01:02:21.836		0.92965			4
2025.12.29	01:02:23.703		0.92964			4
2025.12.29	01:02:24.491		0.92963			4
2025.12.29	01:02:28.917		0.92961			4
2025.12.29	01:02:30.169		0.92959			4
2025.12.29	01:02:31.125		0.92964			4
2025.12.29	01:02:33.003	0.92887	0.92961			6
2025.12.29	01:02:33.652		0.92962			4
2025.12.29	01:02:34.302		0.92963			4
2025.12.29	01:02:35.780		0.92960			4
2025.12.29	01:02:42.101		0.92958			4
2025.12.29	01:02:42.406		0.92957			4
2025.12.29	01:02:42.903		0.92959			4
2025.12.29	01:02:43.604	0.92884	0.92960			6
2025.12.29	01:02:45.067		0.92959			4
2025.12.29	01:02:46.163		0.92961			4
2025.12.29	01:02:46.558		0.92960			4
2025.12.29	01:02:47.449		0.92959			4
2025.12.29	01:02:47.924		0.92960			4
2025.12.29	01:02:48.509		0.92961			4
2025.12.29	01:02:48.901		0.92960			4
2025.12.29	01:02:50.980		0.92957			4
2025.12.29	01:02:51.482	0.92885				2
2025.12.29	01:02:58.682	0.92890	0.92962			6
2025.12.29	01:02:59.198	0.92887				2
2025.12.29	01:03:00.753	0.92884				2
2025.12.29	01:03:01.106	0.92887	0.92960			6
2025.12.29	01:03:01.576	0.92890	0.92958			6
2025.12.29	01:03:01.937	0.92887				2
2025.12.29	01:03:02.669	0.92884	0.92954			6
2025.12.29	01:03:03.327		0.92958			4
2025.12.29	01:03:04.695		0.92960			4
2025.12.29	01:03:05.423		0.92957			4
2025.12.29	01:03:06.377	0.92885	0.92958			6
2025.12.29	01:03:06.760	0.92887	0.92957			6
2025.12.29	01:03:07.502	0.92885	0.92956			6
2025.12.29	01:03:07.814		0.92957			4
2025.12.29	01:03:08.359		0.92956			4
2025.12.29	01:03:08.678		0.92957			4
2025.12.29	01:03:10.503		0.92959			4
2025.12.29	01:03:10.850		0.92958			4
2025.12.29	01:03:11.200		0.92957			4
2025.12.29	01:03:14.403		0.92956			4
2025.12.29	01:03:15.382	0.92887				2
2025.12.29	01:03:16.593		0.92957			4
2025.12.29	01:03:19.432	0.92888				2
2025.12.29	01:03:19.834		0.92956			4
2025.12.29	01:03:21.603	0.92890				2
2025.12.29	01:03:21.905		0.92955			4
2025.12.29	01:03:22.251	0.92887	0.92956			6
2025.12.29	01:03:22.902		0.92955			4
2025.12.29	01:03:28.538	0.92884				2
2025.12.29	01:03:29.010	0.92888	0.92956			6
2025.12.29	01:03:29.775		0.92955			4
2025.12.29	01:03:30.080		0.92957			4
2025.12.29	01:03:30.600		0.92956			4
2025.12.29	01:03:31.110		0.92957			4
2025.12.29	01:03:31.423	0.92885	0.92956			6
2025.12.29	01:03:31.752	0.92888				2
2025.12.29	01:03:33.981		0.92957			4
2025.12.29	01:03:36.077	0.92881				2
2025.12.29	01:03:37.243	0.92885	0.92955			6
2025.12.29	01:03:37.866		0.92953			4
2025.12.29	01:03:38.886	0.92888				2
2025.12.29	01:03:39.906		0.92956			4
2025.12.29	01:03:40.697		0.92953			4
2025.12.29	01:03:41.006		0.92954			4
2025.12.29	01:03:41.401		0.92953			4
2025.12.29	01:03:42.020	0.92886	0.92952			6
2025.12.29	01:03:46.785		0.92950			4
2025.12.29	01:03:54.869	0.92882	0.92948			6
2025.12.29	01:03:55.192	0.92885	0.92952			6
2025.12.29	01:03:55.863		0.92951			4
2025.12.29	01:03:59.704		0.92952			4
2025.12.29	01:04:00.040	0.92885				2
2025.12.29	01:04:01.253		0.92950			4
2025.12.29	01:04:02.217		0.92951			4
2025.12.29	01:04:02.585		0.92950			4
2025.12.29	01:04:03.874	0.92883				2
2025.12.29	01:04:07.757	0.92884	0.92953			6
2025.12.29	01:04:08.457	0.92886	0.92954			6
2025.12.29	01:04:12.326		0.92953			4
2025.12.29	01:04:15.158		0.92954			4
2025.12.29	01:04:17.553	0.92888				2
2025.12.29	01:04:18.352	0.92830	0.92970			6
2025.12.29	01:04:18.972	0.92832				2
2025.12.29	01:04:19.295	0.92826	0.92961			6
2025.12.29	01:04:19.928	0.92827				2
2025.12.29	01:04:20.553	0.92825				2
2025.12.29	01:04:21.484	0.92824				2
2025.12.29	01:04:21.812	0.92888	0.92952			6
2025.12.29	01:04:26.541	0.92886				2
2025.12.29	01:04:27.374	0.92884				2
2025.12.29	01:04:28.373	0.92886				2
2025.12.29	01:04:29.456	0.92879	0.92950			6
2025.12.29	01:04:31.968	0.92882	0.92951			6
2025.12.29	01:04:34.405	0.92884	0.92952			6
2025.12.29	01:04:35.289		0.92949			4
2025.12.29	01:04:36.231	0.92885	0.92950			6
2025.12.29	01:04:37.399		0.92949			4
2025.12.29	01:04:39.706		0.92947			4
2025.12.29	01:04:42.091		0.92949			4
2025.12.29	01:04:43.403		0.92947			4
2025.12.29	01:04:43.792	0.92883				2
2025.12.29	01:04:44.099	0.92885	0.92948			6
2025.12.29	01:04:44.443	0.92831	0.92959			6
2025.12.29	01:04:44.764	0.92823				2
2025.12.29	01:04:45.066	0.92831				2
2025.12.29	01:04:45.700	0.92829				2
2025.12.29	01:04:47.593	0.92819				2
2025.12.29	01:04:47.905	0.92823	0.92960			6
2025.12.29	01:04:48.213	0.92885	0.92949			6
2025.12.29	01:04:49.406		0.92950			4
2025.12.29	01:04:55.004	0.92887	0.92952			6
2025.12.29	01:04:56.324	0.92885	0.92955			6
2025.12.29	01:05:00.612	0.92885				2
2025.12.29	01:05:00.959	0.92882	0.92951			6
2025.12.29	01:05:02.793		0.92955			4
2025.12.29	01:05:04.848	0.92878	0.92954			6
2025.12.29	01:05:05.434	0.92876	0.92957			6
2025.12.29	01:05:05.757	0.92882	0.92956			6
2025.12.29	01:05:06.063	0.92885				2
2025.12.29	01:05:06.378	0.92876	0.92955			6
2025.12.29	01:05:06.745	0.92882	0.92954			6
2025.12.29	01:05:11.783	0.92884				2
2025.12.29	01:05:15.399	0.92882	0.92948			6
2025.12.29	01:05:15.887		0.92947			4
2025.12.29	01:05:19.571		0.92946			4
2025.12.29	01:05:20.882	0.92880	0.92945			6
2025.12.29	01:05:21.308		0.92944			4
2025.12.29	01:05:21.646	0.92882				2
2025.12.29	01:05:22.025		0.92945			4
2025.12.29	01:05:22.371		0.92943			4
2025.12.29	01:05:22.883		0.92944			4
2025.12.29	01:05:24.303		0.92945			4
2025.12.29	01:05:25.235		0.92944			4
2025.12.29	01:05:26.247		0.92943			4
2025.12.29	01:05:27.942		0.92942			4
2025.12.29	01:05:30.091		0.92944			4
2025.12.29	01:05:30.777		0.92945			4
2025.12.29	01:05:31.555	0.92886	0.92946			6
2025.12.29	01:05:31.867	0.92885				2
2025.12.29	01:05:32.177	0.92883	0.92943			6
2025.12.29	01:05:32.550	0.92878	0.92950			6
2025.12.29	01:05:32.886	0.92879	0.92947			6
2025.12.29	01:05:33.198	0.92888	0.92948			6
2025.12.29	01:05:33.500		0.92947			4
2025.12.29	01:05:34.145		0.92948			4
2025.12.29	01:05:34.660	0.92890				2
2025.12.29	01:05:35.109	0.92888	0.92949			6
2025.12.29	01:05:36.305	0.92889	0.92950			6
2025.12.29	01:05:36.618	0.92887	0.92947			6
2025.12.29	01:05:37.313	0.92885	0.92946			6
2025.12.29	01:05:37.648	0.92887				2
2025.12.29	01:05:39.312	0.92879				2
2025.12.29	01:05:39.628	0.92887				2
2025.12.29	01:05:40.116		0.92947			4
2025.12.29	01:05:40.418	0.92885	0.92945			6
2025.12.29	01:05:40.739		0.92944			4
2025.12.29	01:05:41.361		0.92943			4
2025.12.29	01:05:43.763	0.92882				2
2025.12.29	01:05:45.162	0.92868	0.92941			6
2025.12.29	01:05:45.480	0.92886	0.92945			6
2025.12.29	01:05:45.788	0.92884	0.92944			6
2025.12.29	01:05:46.709	0.92880	0.92946			6
2025.12.29	01:05:47.278	0.92886	0.92945			6
2025.12.29	01:05:52.873	0.92880				2
2025.12.29	01:05:53.259	0.92884				2
2025.12.29	01:05:54.301		0.92944			4
2025.12.29	01:05:55.266	0.92886				2
2025.12.29	01:05:55.573	0.92880	0.92943			6
2025.12.29	01:05:55.878	0.92882	0.92945			6
2025.12.29	01:05:56.193	0.92886				2
2025.12.29	01:05:56.810	0.92887	0.92944			6
2025.12.29	01:05:57.138		0.92946			4
2025.12.29	01:05:58.487	0.92889				2
2025.12.29	01:05:58.888	0.92887				2
2025.12.29	01:06:00.001	0.92887				2
2025.12.29	01:06:00.777	0.92889				2
2025.12.29	01:06:01.780	0.92887				2
2025.12.29	01:06:06.528	0.92888	0.92947			6
2025.12.29	01:06:09.283	0.92889				2
2025.12.29	01:06:11.604		0.92945			4
2025.12.29	01:06:11.921	0.92881	0.92943			6
2025.12.29	01:06:12.228	0.92880	0.92945			6
2025.12.29	01:06:12.616	0.92887	0.92944			6
2025.12.29	01:06:14.182	0.92880	0.92945			6
2025.12.29	01:06:14.490	0.92888	0.92944			6
2025.12.29	01:06:15.387		0.92945			4
2025.12.29	01:06:16.998	0.92880	0.92943			6
2025.12.29	01:06:17.307	0.92878				2
2025.12.29	01:06:19.940	0.92876	0.92941			6
2025.12.29	01:06:22.647	0.92884				2
2025.12.29	01:06:25.578	0.92876	0.92942			6
2025.12.29	01:06:25.953	0.92882	0.92940			6
2025.12.29	01:06:26.797	0.92881	0.92941			6
2025.12.29	01:06:27.099	0.92877	0.92938			6
2025.12.29	01:06:27.401		0.92940			4
2025.12.29	01:06:29.241	0.92879				2
2025.12.29	01:06:31.374		0.92939			4
2025.12.29	01:06:33.227	0.92878	0.92938			6
2025.12.29	01:06:33.741	0.92881	0.92939			6
2025.12.29	01:06:36.133	0.92879				2
2025.12.29	01:06:37.137	0.92874				2
2025.12.29	01:06:37.438	0.92879				2
2025.12.29	01:06:39.487		0.92938			4
2025.12.29	01:06:40.503		0.92937			4
2025.12.29	01:06:41.153		0.92938			4
2025.12.29	01:06:42.293		0.92937			4
2025.12.29	01:06:43.684		0.92938			4
2025.12.29	01:06:45.082	0.92866	0.92939			6
2025.12.29	01:06:45.914	0.92879				2
2025.12.29	01:06:48.302	0.92875				2
2025.12.29	01:06:50.246	0.92879				2
2025.12.29	01:06:50.614	0.92874	0.92932			6
2025.12.29	01:06:50.919	0.92875	0.92931			6
2025.12.29	01:06:51.363		0.92932			4
2025.12.29	01:06:51.671		0.92933			4
2025.12.29	01:07:00.302	0.92875				2
2025.12.29	01:07:00.730		0.92934			4
2025.12.29	01:07:02.429	0.92874				2
2025.12.29	01:07:05.699		0.92935			4
2025.12.29	01:07:07.683	0.92871	0.92936			6
2025.12.29	01:07:07.999	0.92862	0.92937			6
2025.12.29	01:07:08.779	0.92876	0.92936			6
2025.12.29	01:07:09.441	0.92863				2
2025.12.29	01:07:11.142		0.92937			4
2025.12.29	01:07:13.971	0.92875				2
2025.12.29	01:07:15.308	0.92872	0.92942			6
2025.12.29	01:07:15.622	0.92875				2
2025.12.29	01:07:15.963	0.92876	0.92938			6
2025.12.29	01:07:16.303	0.92879	0.92939			6
2025.12.29	01:07:18.802	0.92873	0.92945			6
2025.12.29	01:07:19.105	0.92878	0.92940			6
2025.12.29	01:07:20.416	0.92877				2
2025.12.29	01:07:20.719		0.92939			4
2025.12.29	01:07:26.788		0.92936			4
2025.12.29	01:07:27.378		0.92937			4
2025.12.29	01:07:28.139		0.92939			4
2025.12.29	01:07:28.459	0.92879	0.92940			6
2025.12.29	01:07:28.775	0.92875	0.92939			6
2025.12.29	01:07:29.082	0.92866				2
2025.12.29	01:07:30.819	0.92878				2
2025.12.29	01:07:31.351		0.92940			4
2025.12.29	01:07:32.962	0.92875	0.92939			6
2025.12.29	01:07:33.362	0.92878	0.92938			6
2025.12.29	01:07:34.170		0.92937			4
2025.12.29	01:07:36.502	0.92866	0.92938			6
2025.12.29	01:07:36.828	0.92877				2
2025.12.29	01:07:37.863		0.92937			4
2025.12.29	01:07:38.231		0.92938			4
2025.12.29	01:07:38.634	0.92869	0.92936			6
2025.12.29	01:07:38.939	0.92875				2
2025.12.29	01:07:39.349	0.92872				2
2025.12.29	01:07:39.658	0.92861				2
2025.12.29	01:07:40.388	0.92875				2
2025.12.29	01:07:43.151	0.92872	0.92933			6
2025.12.29	01:07:43.489	0.92874				2
2025.12.29	01:07:46.465		0.92934			4
2025.12.29	01:07:48.963		0.92932			4
2025.12.29	01:07:50.512		0.92933			4
2025.12.29	01:07:51.350		0.92932			4
2025.12.29	01:07:52.203		0.92933			4
2025.12.29	01:07:52.707		0.92932			4
2025.12.29	01:07:54.602	0.92895	0.92937			6
2025.12.29	01:07:55.320		0.92940			4
2025.12.29	01:07:55.740	0.92905	0.92941			6
2025.12.29	01:07:56.374		0.92942			4
2025.12.29	01:07:58.145		0.92944			4
2025.12.29	01:08:00.844	0.92905				2
2025.12.29	01:08:04.043		0.92942			4
2025.12.29	01:08:15.367		0.92943			4
2025.12.29	01:08:16.202	0.92904				2
2025.12.29	01:08:26.105		0.92942			4
2025.12.29	01:08:29.714	0.92896	0.92943			6
2025.12.29	01:08:31.238		0.92944			4
2025.12.29	01:08:31.713	0.92900				2
2025.12.29	01:08:32.018	0.92896	0.92938			6
2025.12.29	01:08:32.328	0.92899	0.92937			6
2025.12.29	01:08:32.777	0.92895	0.92936			6
2025.12.29	01:08:33.239	0.92898	0.92937			6
2025.12.29	01:08:34.180	0.92903	0.92940			6
2025.12.29	01:08:39.966	0.92907	0.92943			6
2025.12.29	01:08:40.659		0.92942			4
2025.12.29	01:08:40.961		0.92940			4
2025.12.29	01:08:43.694		0.92941			4
2025.12.29	01:08:44.177	0.92906				2
2025.12.29	01:08:51.318		0.92943			4
2025.12.29	01:08:52.384	0.92905	0.92942			6
2025.12.29	01:08:52.699	0.92906				2
2025.12.29	01:08:54.806		0.92941			4
2025.12.29	01:08:56.914	0.92907	0.92944			6
2025.12.29	01:08:57.381	0.92905				2
2025.12.29	01:08:57.693	0.92906				2
2025.12.29	01:08:58.111		0.92946			4
2025.12.29	01:08:59.376		0.92944			4
2025.12.29	01:09:00.614	0.92906	0.92946			6
2025.12.29	01:09:01.684	0.92904				2
2025.12.29	01:09:02.103		0.92947			4
2025.12.29	01:09:10.504		0.92948			4
2025.12.29	01:09:10.892		0.92947			4
2025.12.29	01:09:11.870	0.92907				2
2025.12.29	01:09:12.967		0.92948			4
2025.12.29	01:09:13.969	0.92904				2
2025.12.29	01:09:15.352		0.92949			4
2025.12.29	01:09:15.691		0.92948			4
2025.12.29	01:09:16.958		0.92949			4
2025.12.29	01:09:20.359		0.92947			4
2025.12.29	01:09:24.073	0.92907				2
2025.12.29	01:09:27.349		0.92948			4
2025.12.29	01:09:29.169	0.92906	0.92949			6
2025.12.29	01:09:29.478		0.92948			4
2025.12.29	01:09:30.774	0.92904	0.92947			6
2025.12.29	01:09:31.992		0.92948			4
2025.12.29	01:09:34.544	0.92907				2
2025.12.29	01:09:42.806		0.92946			4
2025.12.29	01:09:45.821		0.92948			4
2025.12.29	01:09:46.146		0.92951			4
2025.12.29	01:09:46.971		0.92950			4
2025.12.29	01:09:47.312		0.92951			4
2025.12.29	01:09:47.624		0.92945			4
2025.12.29	01:09:47.953	0.92904				2
2025.12.29	01:09:49.795		0.92944			4
2025.12.29	01:09:56.146		0.92945			4
2025.12.29	01:09:57.951	0.92908				2
2025.12.29	01:10:00.225	0.92908				2
2025.12.29	01:10:00.540		0.92947			4
2025.12.29	01:10:01.792	0.92909	0.92942			6
2025.12.29	01:10:04.877	0.92904	0.92943			6
2025.12.29	01:10:11.602		0.92946			4
2025.12.29	01:10:14.979	0.92911				2
2025.12.29	01:10:15.308	0.92909				2
2025.12.29	01:10:25.528	0.92910				2
2025.12.29	01:10:25.856	0.92909				2
2025.12.29	01:10:36.242	0.92914	0.92950			6
2025.12.29	01:10:36.556	0.92909	0.92951			6
2025.12.29	01:10:37.244		0.92950			4
2025.12.29	01:10:39.258		0.92946			4
2025.12.29	01:10:45.200	0.92908				2
2025.12.29	01:10:45.902		0.92947			4
2025.12.29	01:10:46.818		0.92948			4
2025.12.29	01:10:47.442	0.92912				2
2025.12.29	01:10:48.427	0.92910				2
2025.12.29	01:10:48.810	0.92909				2
2025.12.29	01:10:49.443	0.92914				2
2025.12.29	01:10:49.763	0.92909				2
2025.12.29	01:10:50.707	0.92921	0.92952			6
2025.12.29	01:10:51.027	0.92910	0.92949			6
2025.12.29	01:10:51.346	0.92909	0.92948			6
2025.12.29	01:10:51.893	0.92919				2
2025.12.29	01:10:52.427	0.92909	0.92949			6
2025.12.29	01:10:53.393	0.92912	0.92948			6
2025.12.29	01:10:53.757	0.92921				2
2025.12.29	01:10:54.071	0.92909				2
2025.12.29	01:10:55.402		0.92947			4
2025.12.29	01:10:55.728		0.92948			4
2025.12.29	01:10:56.043	0.92913				2
2025.12.29	01:10:56.395	0.92909				2
2025.12.29	01:10:56.742	0.92912				2
2025.12.29	01:10:57.305	0.92914	0.92949			6
2025.12.29	01:10:57.939	0.92922				2
2025.12.29	01:10:58.304		0.92956			4
2025.12.29	01:10:58.627	0.92914	0.92949			6
2025.12.29	01:10:58.939	0.92922				2
2025.12.29	01:10:59.341	0.92920				2
2025.12.29	01:11:00.833	0.92920				2
2025.12.29	01:11:05.409	0.92921				2
2025.12.29	01:11:05.787		0.92948			4
2025.12.29	01:11:06.902	0.92922				2
2025.12.29	01:11:07.373		0.92950			4
2025.12.29	01:11:09.661	0.92921	0.92949			6
2025.12.29	01:11:10.443		0.92950			4
2025.12.29	01:11:11.732		0.92949			4
2025.12.29	01:11:12.514		0.92951			4
2025.12.29	01:11:12.843		0.92950			4
2025.12.29	01:11:13.660	0.92922	0.92951			6
2025.12.29	01:11:14.376		0.92950			4
2025.12.29	01:11:15.375		0.92951			4
2025.12.29	01:11:16.376	0.92923	0.92950			6
2025.12.29	01:11:17.541		0.92959			4
2025.12.29	01:11:17.876		0.92954			4
2025.12.29	01:11:21.902	0.92924				2
2025.12.29	01:11:22.929	0.92923				2
2025.12.29	01:11:27.372	0.92924				2
2025.12.29	01:11:27.935	0.92922	0.92953			6
2025.12.29	01:11:28.239		0.92954			4
2025.12.29	01:11:28.939		0.92952			4
2025.12.29	01:11:30.006	0.92923	0.92954			6
2025.12.29	01:11:30.381	0.92922				2
2025.12.29	01:11:30.968	0.92923	0.92951			6
2025.12.29	01:11:31.848		0.92950			4
2025.12.29	01:11:32.384		0.92949			4
2025.12.29	01:11:33.046		0.92950			4
2025.12.29	01:11:33.450	0.92922	0.92952			6
2025.12.29	01:11:33.773		0.92953			4
2025.12.29	01:11:34.154		0.92952			4
2025.12.29	01:11:38.702		0.92953			4
2025.12.29	01:11:42.902	0.92923				2
2025.12.29	01:11:43.746		0.92952			4
2025.12.29	01:11:46.389		0.92949			4
2025.12.29	01:11:46.783		0.92953			4
2025.12.29	01:11:47.333	0.92924	0.92951			6
2025.12.29	01:11:51.065		0.92950			4
2025.12.29	01:11:52.846		0.92953			4
2025.12.29	01:11:54.303		0.92954			4
2025.12.29	01:11:55.292		0.92953			4
2025.12.29	01:11:56.343	0.92923	0.92955			6
2025.12.29	01:11:57.491		0.92953			4
2025.12.29	01:12:01.907	0.92923	0.92951			6
2025.12.29	01:12:03.449		0.92955			4
2025.12.29	01:12:04.443		0.92954			4
2025.12.29	01:12:06.904		0.92953			4
2025.12.29	01:12:07.626		0.92955			4
2025.12.29	01:12:11.820		0.92954			4
2025.12.29	01:12:14.103		0.92953			4
2025.12.29	01:12:15.373		0.92951			4
2025.12.29	01:12:17.080	0.92924	0.92952			6
2025.12.29	01:12:21.303	0.92925				2
2025.12.29	01:12:23.624		0.92953			4
2025.12.29	01:12:25.051		0.92955			4
2025.12.29	01:12:26.103		0.92954			4
2025.12.29	01:12:26.732		0.92953			4
2025.12.29	01:12:27.444		0.92952			4
2025.12.29	01:12:29.443		0.92951			4
2025.12.29	01:12:30.603		0.92952			4
2025.12.29	01:12:31.675		0.92950			4
2025.12.29	01:12:32.464		0.92951			4
2025.12.29	01:12:44.387	0.92926	0.92960			6
2025.12.29	01:12:44.798	0.92917	0.92951			6
2025.12.29	01:12:45.187	0.92925	0.92960			6
2025.12.29	01:12:45.492	0.92920	0.92949			6
2025.12.29	01:12:45.804	0.92924	0.92957			6
2025.12.29	01:12:46.249	0.92926	0.92951			6
2025.12.29	01:12:46.559	0.92918				2
2025.12.29	01:12:46.878	0.92916				2
2025.12.29	01:12:48.303	0.92917				2
2025.12.29	01:12:49.572	0.92919	0.92956			6
2025.12.29	01:12:49.883	0.92920				2
2025.12.29	01:12:52.407		0.92955			4
2025.12.29	01:12:53.464		0.92954			4
2025.12.29	01:12:54.414	0.92918	0.92955			6
2025.12.29	01:12:55.131	0.92910	0.92951			6
2025.12.29	01:12:55.809		0.92952			4
2025.12.29	01:13:00.277	0.92910	0.92951			6
2025.12.29	01:13:01.301		0.92952			4
2025.12.29	01:13:06.731	0.92913	0.92951			6
2025.12.29	01:13:07.117	0.92917				2
2025.12.29	01:13:07.419	0.92920				2
2025.12.29	01:13:09.413		0.92952			4
2025.12.29	01:13:10.504	0.92921	0.92951			6
2025.12.29	01:13:12.602	0.92920	0.92952			6
2025.12.29	01:13:13.046	0.92913	0.92951			6
2025.12.29	01:13:14.741		0.92952			4
2025.12.29	01:13:15.377	0.92919	0.92954			6
2025.12.29	01:13:21.821		0.92953			4
2025.12.29	01:13:22.845		0.92954			4
2025.12.29	01:14:00.420	0.92919				2
2025.12.29	01:14:05.989		0.92955			4
2025.12.29	01:14:06.859		0.92954			4
2025.12.29	01:14:08.394	0.92917				2
2025.12.29	01:14:08.737	0.92919				2
2025.12.29	01:14:11.804	0.92920				2
2025.12.29	01:14:27.025	0.92919				2
2025.12.29	01:14:32.376		0.92955			4
2025.12.29	01:14:35.040		0.92954			4
2025.12.29	01:14:36.601	0.92918				2
2025.12.29	01:14:38.103		0.92955			4
2025.12.29	01:14:38.434	0.92920	0.92954			6
2025.12.29	01:14:39.899		0.92953			4
2025.12.29	01:15:00.383	0.92920				2
2025.12.29	01:15:00.790	0.92928	0.92957			6
2025.12.29	01:15:01.093	0.92934	0.92958			6
2025.12.29	01:15:01.407		0.92959			4
2025.12.29	01:15:02.047	0.92933	0.92962			6
2025.12.29	01:15:02.358	0.92934				2
2025.12.29	01:15:02.777	0.92936	0.92960			6
2025.12.29	01:15:03.090	0.92925	0.92959			6
2025.12.29	01:15:03.402	0.92935				2
2025.12.29	01:15:03.722	0.92929	0.92962			6
2025.12.29	01:15:04.033	0.92928	0.92959			6
2025.12.29	01:15:04.349	0.92927				2
2025.12.29	01:15:04.673	0.92923	0.92963			6
2025.12.29	01:15:05.006	0.92927	0.92959			6
2025.12.29	01:15:05.318	0.92924				2
2025.12.29	01:15:05.717	0.92926	0.92963			6
2025.12.29	01:15:06.043	0.92936	0.92962			6
2025.12.29	01:15:06.367	0.92923	0.92958			6
2025.12.29	01:15:06.758	0.92929	0.92962			6
2025.12.29	01:15:07.096		0.92959			4
2025.12.29	01:15:07.493	0.92922	0.92958			6
2025.12.29	01:15:07.846	0.92924	0.92959			6
2025.12.29	01:15:08.182	0.92929	0.92958			6
2025.12.29	01:15:08.560	0.92922	0.92957			6
2025.12.29	01:15:08.883	0.92937	0.92962			6
2025.12.29	01:15:09.216	0.92925	0.92958			6
2025.12.29	01:15:09.529	0.92926	0.92957			6
2025.12.29	01:15:09.839	0.92930				2
2025.12.29	01:15:10.150	0.92929	0.92959			6
2025.12.29	01:15:10.467	0.92925	0.92962			6
2025.12.29	01:15:10.772	0.92926	0.92957			6
2025.12.29	01:15:11.162	0.92923	0.92958			6
2025.12.29	01:15:11.808	0.92930				2
2025.12.29	01:15:12.197	0.92925	0.92961			6
2025.12.29	01:15:12.588	0.92923	0.92958			6
2025.12.29	01:15:13.313		0.92960			4
2025.12.29	01:15:13.625		0.92957			4
2025.12.29	01:15:14.273		0.92960			4
2025.12.29	01:15:14.598		0.92961			4
2025.12.29	01:15:14.998	0.92921				2
2025.12.29	01:15:15.307	0.92929	0.92964			6
2025.12.29	01:15:15.649	0.92926	0.92960			6
2025.12.29	01:15:15.959	0.92930	0.92965			6
2025.12.29	01:15:16.341	0.92926	0.92962			6
2025.12.29	01:15:16.646	0.92931	0.92960			6
2025.12.29	01:15:16.993	0.92930	0.92964			6
2025.12.29	01:15:17.311	0.92929	0.92961			6
2025.12.29	01:15:17.643	0.92927	0.92959			6
2025.12.29	01:15:18.028	0.92930	0.92964			6
2025.12.29	01:15:18.338	0.92941				2
2025.12.29	01:15:18.644	0.92926	0.92960			6
2025.12.29	01:15:19.177		0.92962			4
2025.12.29	01:15:19.479		0.92960			4
2025.12.29	01:15:20.624		0.92959			4
2025.12.29	01:15:21.378		0.92960			4
2025.12.29	01:15:21.689		0.92959			4
2025.12.29	01:15:22.414	0.92925				2
2025.12.29	01:15:22.718	0.92927	0.92960			6
2025.12.29	01:15:23.032	0.92926				2
2025.12.29	01:15:23.444	0.92930				2
2025.12.29	01:15:23.765	0.92924				2
2025.12.29	01:15:24.248	0.92931				2
2025.12.29	01:15:24.553	0.92924				2
2025.12.29	01:15:24.858	0.92926				2
2025.12.29	01:15:25.163	0.92927	0.92959			6
2025.12.29	01:15:25.536	0.92926				2
2025.12.29	01:15:25.874	0.92924	0.92960			6
2025.12.29	01:15:26.197	0.92931	0.92959			6
2025.12.29	01:15:26.519	0.92927				2
2025.12.29	01:15:26.843	0.92926	0.92961			6
2025.12.29	01:15:27.174	0.92931	0.92959			6
2025.12.29	01:15:27.748	0.92927				2
2025.12.29	01:15:28.397	0.92931				2
2025.12.29	01:15:28.717	0.92924				2
2025.12.29	01:15:29.423	0.92931				2
2025.12.29	01:15:29.752	0.92924				2
2025.12.29	01:15:30.083		0.92960			4
2025.12.29	01:15:30.411	0.92926	0.92959			6
2025.12.29	01:15:31.449		0.92963			4
2025.12.29	01:15:31.763		0.92958			4
2025.12.29	01:15:32.157		0.92959			4
2025.12.29	01:15:32.549		0.92962			4
2025.12.29	01:15:32.873		0.92958			4
2025.12.29	01:15:33.550	0.92930	0.92963			6
2025.12.29	01:15:33.859	0.92931	0.92954			6
2025.12.29	01:15:34.210	0.92936	0.92955			6
2025.12.29	01:15:34.520	0.92925	0.92954			6
2025.12.29	01:15:34.888	0.92929				2
2025.12.29	01:15:35.251	0.92924				2
2025.12.29	01:15:36.287	0.92926				2
2025.12.29	01:15:36.658	0.92924				2
2025.12.29	01:15:37.072	0.92926	0.92953			6
2025.12.29	01:15:37.377	0.92924	0.92954			6
2025.12.29	01:15:39.395	0.92925				2
2025.12.29	01:15:40.063	0.92923				2
2025.12.29	01:15:41.228	0.92927	0.92953			6
2025.12.29	01:15:41.530	0.92923	0.92954			6
2025.12.29	01:15:41.878	0.92925				2
2025.12.29	01:15:42.399	0.92923	0.92953			6
2025.12.29	01:15:42.717		0.92954			4
2025.12.29	01:15:43.137	0.92924				2
2025.12.29	01:15:43.540	0.92925				2
2025.12.29	01:15:43.948	0.92922				2
2025.12.29	01:15:44.259	0.92926	0.92953			6
2025.12.29	01:15:44.597	0.92925	0.92950			6
2025.12.29	01:15:44.900		0.92952			4
2025.12.29	01:15:45.206	0.92921				2
2025.12.29	01:15:45.637	0.92927	0.92951			6
2025.12.29	01:15:45.967	0.92923	0.92950			6
2025.12.29	01:15:46.271	0.92922				2
2025.12.29	01:15:46.606	0.92925	0.92952			6
2025.12.29	01:15:46.919	0.92922	0.92949			6
2025.12.29	01:15:47.253	0.92923	0.92950			6
2025.12.29	01:15:47.567	0.92922				2
2025.12.29	01:15:47.869	0.92927				2
2025.12.29	01:15:48.182	0.92924				2
2025.12.29	01:15:48.588	0.92928				2
2025.12.29	01:15:48.898	0.92922	0.92952			6
2025.12.29	01:15:49.207	0.92926				2
2025.12.29	01:15:49.523	0.92921				2
2025.12.29	01:15:49.913	0.92926				2
2025.12.29	01:15:50.564	0.92922				2
2025.12.29	01:15:50.882	0.92920				2
2025.12.29	01:15:51.193	0.92921				2
2025.12.29	01:15:51.536	0.92922				2
2025.12.29	01:15:51.857	0.92929				2
2025.12.29	01:15:52.250	0.92922				2
2025.12.29	01:15:52.572	0.92920				2
2025.12.29	01:15:52.892	0.92922				2
2025.12.29	01:15:53.282	0.92923	0.92951			6
2025.12.29	01:15:53.609	0.92925	0.92953			6
2025.12.29	01:15:53.963	0.92921				2
2025.12.29	01:15:54.627	0.92930	0.92952			6
2025.12.29	01:15:54.969	0.92922	0.92953			6
2025.12.29	01:15:55.315	0.92920				2
2025.12.29	01:15:55.633	0.92923	0.92952			6
2025.12.29	01:15:55.936	0.92925	0.92953			6
2025.12.29	01:15:56.573	0.92922	0.92952			6
2025.12.29	01:15:56.880	0.92929	0.92953			6
2025.12.29	01:15:57.182	0.92922				2
2025.12.29	01:15:57.817	0.92924				2
2025.12.29	01:15:58.118	0.92922				2
2025.12.29	01:15:59.123	0.92923	0.92951			6
2025.12.29	01:15:59.438	0.92924				2
2025.12.29	01:15:59.894	0.92922				2
2025.12.29	01:16:00.283	0.92925	0.92952			6
2025.12.29	01:16:00.597	0.92922	0.92953			6
2025.12.29	01:16:00.928	0.92925	0.92951			6
2025.12.29	01:16:01.243	0.92923				2
2025.12.29	01:16:01.556		0.92953			4
2025.12.29	01:16:01.860		0.92950			4
2025.12.29	01:16:02.190		0.92951			4
2025.12.29	01:16:02.615	0.92934	0.92953			6
2025.12.29	01:16:02.918	0.92927	0.92950			6
2025.12.29	01:16:03.225	0.92923	0.92953			6
2025.12.29	01:16:03.868		0.92952			4
2025.12.29	01:16:04.193		0.92953			4
2025.12.29	01:16:04.811	0.92925				2
2025.12.29	01:16:05.168	0.92923				2
2025.12.29	01:16:05.473	0.92929				2
2025.12.29	01:16:05.776	0.92923				2
2025.12.29	01:16:06.403	0.92927				2
2025.12.29	01:16:06.715	0.92925				2
2025.12.29	01:16:07.078	0.92926				2
2025.12.29	01:16:07.410	0.92923				2
2025.12.29	01:16:08.095	0.92933				2
2025.12.29	01:16:08.399	0.92922				2
2025.12.29	01:16:08.703	0.92927				2
2025.12.29	01:16:09.042	0.92924	0.92952			6
2025.12.29	01:16:09.392	0.92923	0.92953			6
2025.12.29	01:16:09.873	0.92924				2
2025.12.29	01:16:10.258	0.92923				2
2025.12.29	01:16:10.623	0.92927				2
2025.12.29	01:16:11.037	0.92923				2
2025.12.29	01:16:11.352	0.92929				2
2025.12.29	01:16:11.683	0.92923				2
2025.12.29	01:16:12.072	0.92925				2
2025.12.29	01:16:12.418	0.92923				2
2025.12.29	01:16:12.723		0.92952			4
2025.12.29	01:16:13.026		0.92953			4
2025.12.29	01:16:13.750		0.92952			4
2025.12.29	01:16:14.710	0.92924				2
2025.12.29	01:16:15.018	0.92923	0.92953			6
2025.12.29	01:16:15.320	0.92928	0.92951			6
2025.12.29	01:16:15.631	0.92927				2
2025.12.29	01:16:16.045	0.92923	0.92953			6
2025.12.29	01:16:16.349	0.92925				2
2025.12.29	01:16:16.659	0.92928	0.92950			6
2025.12.29	01:16:16.998	0.92923	0.92952			6
2025.12.29	01:16:17.321	0.92924	0.92950			6
2025.12.29	01:16:17.651	0.92923	0.92952			6
2025.12.29	01:16:18.291	0.92925	0.92951			6
2025.12.29	01:16:18.600	0.92919	0.92946			6
2025.12.29	01:16:19.229	0.92926	0.92945			6
2025.12.29	01:16:19.535	0.92918	0.92946			6
2025.12.29	01:16:19.839	0.92931	0.92949			6
2025.12.29	01:16:20.463	0.92921	0.92945			6
2025.12.29	01:16:20.784	0.92925	0.92946			6
2025.12.29	01:16:21.091		0.92945			4
2025.12.29	01:16:21.402	0.92931	0.92948			6
2025.12.29	01:16:21.709	0.92924	0.92946			6
2025.12.29	01:16:22.353	0.92929				2
2025.12.29	01:16:22.697	0.92923	0.92948			6
2025.12.29	01:16:23.002	0.92929	0.92945			6
2025.12.29	01:16:23.622	0.92926	0.92946			6
2025.12.29	01:16:24.028		0.92944			4
2025.12.29	01:16:24.355	0.92925	0.92946			6
2025.12.29	01:16:24.722	0.92926	0.92944			6
2025.12.29	01:16:25.063	0.92925	0.92945			6
2025.12.29	01:16:25.422	0.92921	0.92946			6
2025.12.29	01:16:25.755	0.92922	0.92944			6
2025.12.29	01:16:26.106	0.92921	0.92946			6
2025.12.29	01:16:26.458	0.92925				2
2025.12.29	01:16:26.791	0.92926	0.92945			6
2025.12.29	01:16:27.110		0.92944			4
2025.12.29	01:16:27.418	0.92925	0.92946			6
2025.12.29	01:16:27.753	0.92924				2
2025.12.29	01:16:28.059	0.92925				2
2025.12.29	01:16:28.434	0.92922	0.92945			6
2025.12.29	01:16:28.793	0.92926				2
2025.12.29	01:16:29.094	0.92925				2
2025.12.29	01:16:29.398	0.92921				2
2025.12.29	01:16:29.827	0.92919	0.92943			6
2025.12.29	01:16:30.145		0.92944			4
2025.12.29	01:16:30.451	0.92921	0.92942			6
2025.12.29	01:16:30.868	0.92925				2
2025.12.29	01:16:31.177	0.92924	0.92943			6
2025.12.29	01:16:31.796	0.92923	0.92944			6
2025.12.29	01:16:32.116	0.92925	0.92945			6
2025.12.29	01:16:32.419	0.92922	0.92943			6
2025.12.29	01:16:32.785	0.92928				2
2025.12.29	01:16:33.197	0.92924				2
2025.12.29	01:16:33.553	0.92926	0.92944			6
2025.12.29	01:16:33.859	0.92928	0.92942			6
2025.12.29	01:16:34.692	0.92927				2
2025.12.29	01:16:35.693	0.92923				2
2025.12.29	01:16:36.309	0.92927				2
2025.12.29	01:16:37.010	0.92928				2
2025.12.29	01:16:37.349	0.92924				2
2025.12.29	01:16:37.732	0.92927				2
2025.12.29	01:16:38.037	0.92928				2
2025.12.29	01:16:38.382	0.92924				2
2025.12.29	01:16:38.773	0.92925	0.92941			6
2025.12.29	01:16:39.077	0.92926	0.92939			6
2025.12.29	01:16:40.014		0.92945			4
2025.12.29	01:16:40.318	0.92925	0.92944			6
2025.12.29	01:16:40.693	0.92926	0.92939			6
2025.12.29	01:16:41.016	0.92925	0.92940			6
2025.12.29	01:16:41.320	0.92923	0.92939			6
2025.12.29	01:16:41.628	0.92926	0.92940			6
2025.12.29	01:16:42.166	0.92925	0.92941			6
2025.12.29	01:16:42.534	0.92926	0.92944			6
2025.12.29	01:16:42.869	0.92923	0.92943			6
2025.12.29	01:16:43.177	0.92924	0.92941			6
2025.12.29	01:16:43.558		0.92938			4
2025.12.29	01:16:43.868	0.92922	0.92940			6
2025.12.29	01:16:44.223	0.92924	0.92944			6
2025.12.29	01:16:44.528		0.92940			4
2025.12.29	01:16:44.861	0.92923	0.92941			6
2025.12.29	01:16:45.192	0.92924	0.92938			6
2025.12.29	01:16:45.512	0.92925	0.92940			6
2025.12.29	01:16:46.028	0.92924	0.92942			6
2025.12.29	01:16:46.339	0.92925	0.92940			6
2025.12.29	01:16:47.384		0.92941			4
2025.12.29	01:16:47.818		0.92940			4
2025.12.29	01:16:48.136	0.92926	0.92942			6
2025.12.29	01:16:48.437	0.92927	0.92945			6
2025.12.29	01:16:48.805	0.92925	0.92942			6
2025.12.29	01:16:49.128	0.92927	0.92943			6
2025.12.29	01:16:49.438		0.92944			4
2025.12.29	01:16:49.804	0.92926				2
2025.12.29	01:16:50.118	0.92927				2
2025.12.29	01:16:50.768	0.92924	0.92945			6
2025.12.29	01:16:51.079	0.92925	0.92944			6
2025.12.29	01:16:51.394	0.92927	0.92945			6
2025.12.29	01:16:51.914		0.92947			4
2025.12.29	01:16:52.220	0.92925	0.92946			6
2025.12.29	01:16:52.575	0.92926				2
2025.12.29	01:16:52.965		0.92945			4
2025.12.29	01:16:53.423	0.92925	0.92947			6
2025.12.29	01:16:53.731	0.92926	0.92946			6
2025.12.29	01:16:54.045	0.92925				2
2025.12.29	01:16:54.471	0.92928	0.92941			6
2025.12.29	01:16:54.778	0.92929	0.92950			6
2025.12.29	01:16:55.081	0.92930				2
2025.12.29	01:16:55.385	0.92929	0.92952			6
2025.12.29	01:16:55.698	0.92931	0.92949			6
2025.12.29	01:16:56.001	0.92932	0.92946			6
2025.12.29	01:16:56.402	0.92933	0.92947			6
2025.12.29	01:16:56.733		0.92948			4
2025.12.29	01:16:57.038	0.92930	0.92950			6
2025.12.29	01:16:57.447	0.92933	0.92949			6
2025.12.29	01:16:57.773	0.92930	0.92950			6
2025.12.29	01:16:58.098	0.92932	0.92948			6
2025.12.29	01:16:58.422	0.92933				2
2025.12.29	01:16:58.807	0.92932	0.92951			6
2025.12.29	01:16:59.119	0.92934	0.92950			6
2025.12.29	01:16:59.843	0.92931	0.92952			6
2025.12.29	01:17:00.214	0.92935	0.92950			6
2025.12.29	01:17:00.879	0.92930	0.92953			6
2025.12.29	01:17:01.497	0.92934	0.92951			6
2025.12.29	01:17:01.814	0.92931	0.92953			6
2025.12.29	01:17:02.119		0.92951			4
2025.12.29	01:17:02.426	0.92930	0.92953			6
2025.12.29	01:17:02.728	0.92931	0.92952			6
2025.12.29	01:17:03.038	0.92933	0.92949			6
2025.12.29	01:17:04.676	0.92932	0.92951			6
2025.12.29	01:17:04.978	0.92930	0.92953			6
2025.12.29	01:17:05.673	0.92933	0.92949			6
2025.12.29	01:17:05.978	0.92932	0.92948			6
2025.12.29	01:17:06.374	0.92931	0.92950			6
2025.12.29	01:17:06.691	0.92933	0.92947			6
2025.12.29	01:17:07.001	0.92929	0.92941			6
2025.12.29	01:17:07.330	0.92928				2
2025.12.29	01:17:07.637	0.92924	0.92936			6
2025.12.29	01:17:07.939	0.92926	0.92940			6
2025.12.29	01:17:08.241	0.92925	0.92943			6
2025.12.29	01:17:08.586	0.92927	0.92942			6
2025.12.29	01:17:08.912	0.92926	0.92943			6
2025.12.29	01:17:09.411		0.92941			4
2025.12.29	01:17:10.355	0.92925	0.92942			6
2025.12.29	01:17:10.659	0.92928	0.92941			6
2025.12.29	01:17:10.967	0.92927				2
2025.12.29	01:17:13.435	0.92928				2
2025.12.29	01:17:15.380		0.92944			4
2025.12.29	01:17:16.975		0.92942			4
2025.12.29	01:17:17.279	0.92930	0.92943			6
2025.12.29	01:17:17.635		0.92942			4
2025.12.29	01:17:17.938	0.92929	0.92943			6
2025.12.29	01:17:18.309		0.92944			4
2025.12.29	01:17:18.808		0.92945			4
2025.12.29	01:17:19.121	0.92927	0.92946			6
2025.12.29	01:17:19.427	0.92929	0.92943			6
2025.12.29	01:17:19.813	0.92928	0.92944			6
2025.12.29	01:17:20.115	0.92930	0.92942			6
2025.12.29	01:17:20.753	0.92923	0.92936			6
2025.12.29	01:17:21.111		0.92937			4
2025.12.29	01:17:21.685	0.92922	0.92938			6
2025.12.29	01:17:22.784	0.92925	0.92939			6
2025.12.29	01:17:23.660	0.92923	0.92942			6
2025.12.29	01:17:24.000	0.92925	0.92940			6
2025.12.29	01:17:24.651	0.92923	0.92942			6
2025.12.29	01:17:25.037	0.92925	0.92940			6
2025.12.29	01:17:26.980		0.92941			4
2025.12.29	01:17:27.496	0.92926	0.92940			6
2025.12.29	01:17:27.994	0.92925				2
2025.12.29	01:17:28.802	0.92924	0.92942			6
2025.12.29	01:17:29.131	0.92925	0.92940			6
2025.12.29	01:17:30.003	0.92926				2
2025.12.29	01:17:30.928	0.92923	0.92943			6
2025.12.29	01:17:31.257	0.92925	0.92941			6
2025.12.29	01:17:31.994		0.92940			4
2025.12.29	01:17:32.881	0.92926	0.92939			6
2025.12.29	01:17:33.199		0.92940			4
2025.12.29	01:17:33.748		0.92939			4
2025.12.29	01:17:34.082		0.92941			4
2025.12.29	01:17:35.142	0.92925	0.92940			6
2025.12.29	01:17:35.902	0.92923	0.92941			6
2025.12.29	01:17:36.211	0.92926				2
2025.12.29	01:17:37.065		0.92940			4
2025.12.29	01:17:38.210	0.92925	0.92941			6
2025.12.29	01:17:40.202	0.92926				2
2025.12.29	01:17:41.061	0.92925	0.92940			6
2025.12.29	01:17:41.367	0.92926	0.92941			6
2025.12.29	01:17:42.239	0.92925				2
2025.12.29	01:17:43.038	0.92923	0.92942			6
2025.12.29	01:17:43.370	0.92926	0.92940			6
2025.12.29	01:17:43.778	0.92925	0.92941			6
2025.12.29	01:17:44.081	0.92924	0.92942			6
2025.12.29	01:17:44.396	0.92925	0.92940			6
2025.12.29	01:17:48.200		0.92941			4
2025.12.29	01:17:48.872		0.92942			4
2025.12.29	01:17:49.211	0.92926				2
2025.12.29	01:17:49.518	0.92928	0.92941			6
2025.12.29	01:17:49.840	0.92927				2
2025.12.29	01:17:50.396	0.92928	0.92945			6
2025.12.29	01:17:50.700	0.92929				2
2025.12.29	01:17:51.030	0.92931				2
2025.12.29	01:17:51.405	0.92928	0.92946			6
2025.12.29	01:17:51.759	0.92931	0.92944			6
2025.12.29	01:17:53.668	0.92929	0.92945			6
2025.12.29	01:17:53.983	0.92931	0.92943			6
2025.12.29	01:17:54.379	0.92929	0.92946			6
2025.12.29	01:17:55.020	0.92932	0.92943			6
2025.12.29	01:17:55.877	0.92929	0.92946			6
2025.12.29	01:17:56.226	0.92932	0.92943			6
2025.12.29	01:17:56.609	0.92929	0.92946			6
2025.12.29	01:17:56.920	0.92932	0.92943			6
2025.12.29	01:17:57.829	0.92931	0.92944			6
2025.12.29	01:17:58.504	0.92932	0.92943			6
2025.12.29	01:17:58.838	0.92930	0.92946			6
2025.12.29	01:17:59.193	0.92931	0.92944			6
2025.12.29	01:17:59.939		0.92943			4
2025.12.29	01:18:00.373	0.92932				2
2025.12.29	01:18:00.680	0.92929	0.92945			6
2025.12.29	01:18:00.984	0.92931	0.92943			6
2025.12.29	01:18:01.686		0.92945			4
2025.12.29	01:18:01.998		0.92944			4
2025.12.29	01:18:02.421	0.92930	0.92943			6
2025.12.29	01:18:02.787	0.92927	0.92941			6
2025.12.29	01:18:03.117	0.92929	0.92945			6
2025.12.29	01:18:03.826	0.92928	0.92939			6
2025.12.29	01:18:04.141		0.92941			4
2025.12.29	01:18:04.462	0.92927	0.92942			6
2025.12.29	01:18:04.938	0.92928	0.92941			6
2025.12.29	01:18:05.316	0.92929	0.92940			6
2025.12.29	01:18:05.638	0.92927	0.92942			6
2025.12.29	01:18:05.961	0.92928	0.92943			6
2025.12.29	01:18:06.263	0.92927	0.92944			6
2025.12.29	01:18:06.577	0.92928	0.92942			6
2025.12.29	01:18:07.219	0.92929	0.92943			6
2025.12.29	01:18:07.538		0.92942			4
2025.12.29	01:18:07.962	0.92930	0.92941			6
2025.12.29	01:18:08.266	0.92928	0.92942			6
2025.12.29	01:18:08.573	0.92929				2
2025.12.29	01:18:08.960	0.92930	0.92941			6
2025.12.29	01:18:09.275	0.92929	0.92942			6
2025.12.29	01:18:09.589	0.92928				2
2025.12.29	01:18:09.894	0.92930	0.92941			6
2025.12.29	01:18:10.320	0.92928				2
2025.12.29	01:18:10.709	0.92927	0.92946			6
2025.12.29	01:18:11.013	0.92929	0.92941			6
2025.12.29	01:18:12.224	0.92930				2
2025.12.29	01:18:12.576	0.92928	0.92942			6
2025.12.29	01:18:12.923		0.92941			4
2025.12.29	01:18:13.351	0.92929				2
2025.12.29	01:18:13.964		0.92940			4
2025.12.29	01:18:14.324	0.92930	0.92941			6
2025.12.29	01:18:14.648	0.92928	0.92943			6
2025.12.29	01:18:15.013	0.92929	0.92942			6
2025.12.29	01:18:15.315	0.92927				2
2025.12.29	01:18:16.025		0.92941			4
2025.12.29	01:18:16.339		0.92942			4
2025.12.29	01:18:16.688	0.92926	0.92943			6
2025.12.29	01:18:17.045	0.92925				2
2025.12.29	01:18:17.362	0.92926				2
2025.12.29	01:18:17.752	0.92927				2
2025.12.29	01:18:18.109	0.92928				2
2025.12.29	01:18:18.488	0.92929	0.92942			6
2025.12.29	01:18:19.125	0.92928	0.92943			6
2025.12.29	01:18:19.804	0.92929				2
2025.12.29	01:18:20.125	0.92928				2
2025.12.29	01:18:20.467	0.92927	0.92941			6
2025.12.29	01:18:20.768	0.92926	0.92943			6
2025.12.29	01:18:21.376	0.92928	0.92939			6
2025.12.29	01:18:21.682	0.92926	0.92942			6
2025.12.29	01:18:22.350	0.92929	0.92940			6
2025.12.29	01:18:22.671	0.92927	0.92942			6
2025.12.29	01:18:22.979	0.92926	0.92943			6
2025.12.29	01:18:23.450	0.92929	0.92939			6
2025.12.29	01:18:23.754	0.92926	0.92942			6
2025.12.29	01:18:24.614	0.92928	0.92940			6
2025.12.29	01:18:24.918		0.92942			4
2025.12.29	01:18:25.272	0.92930				2
2025.12.29	01:18:25.613	0.92927				2
2025.12.29	01:18:25.918	0.92928	0.92943			6
2025.12.29	01:18:26.259	0.92929				2
2025.12.29	01:18:26.561	0.92930	0.92941			6
2025.12.29	01:18:26.883	0.92927	0.92943			6
2025.12.29	01:18:27.529	0.92929	0.92940			6
2025.12.29	01:18:27.839	0.92927	0.92942			6
2025.12.29	01:18:28.937	0.92928	0.92943			6
2025.12.29	01:18:29.663		0.92942			4
2025.12.29	01:18:30.418	0.92931	0.92948			6
2025.12.29	01:18:30.735	0.92925	0.92945			6
2025.12.29	01:18:31.043	0.92926	0.92946			6
2025.12.29	01:18:31.350		0.92945			4
2025.12.29	01:18:31.804	0.92927				2
2025.12.29	01:18:32.383	0.92924	0.92948			6
2025.12.29	01:18:32.711	0.92928	0.92945			6
2025.12.29	01:18:33.054		0.92946			4
2025.12.29	01:18:33.375	0.92924	0.92945			6
2025.12.29	01:18:33.680	0.92928				2
2025.12.29	01:18:34.199		0.92944			4
2025.12.29	01:18:34.587	0.92926	0.92948			6
2025.12.29	01:18:34.935	0.92928	0.92945			6
2025.12.29	01:18:35.472		0.92946			4
2025.12.29	01:18:35.795	0.92924	0.92944			6
2025.12.29	01:18:36.271	0.92925	0.92945			6
2025.12.29	01:18:36.796	0.92922				2
2025.12.29	01:18:37.099	0.92923				2
2025.12.29	01:18:37.429		0.92944			4
2025.12.29	01:18:37.739	0.92925	0.92945			6
2025.12.29	01:18:38.053	0.92931	0.92948			6
2025.12.29	01:18:38.359	0.92926	0.92942			6
2025.12.29	01:18:38.677	0.92928	0.92938			6
2025.12.29	01:18:40.261		0.92940			4
2025.12.29	01:18:41.136	0.92929				2
2025.12.29	01:18:41.487	0.92927				2
2025.12.29	01:18:41.800		0.92939			4
2025.12.29	01:18:42.118	0.92928	0.92938			6
2025.12.29	01:18:42.515		0.92940			4
2025.12.29	01:18:43.505		0.92939			4
2025.12.29	01:18:44.000	0.92927				2
2025.12.29	01:18:44.320	0.92928	0.92938			6
2025.12.29	01:18:45.039	0.92926	0.92940			6
2025.12.29	01:18:45.352	0.92928	0.92939			6
2025.12.29	01:18:45.902	0.92926				2
2025.12.29	01:18:46.242	0.92928	0.92938			6
2025.12.29	01:18:47.071		0.92939			4
2025.12.29	01:18:48.121		0.92938			4
2025.12.29	01:18:48.646		0.92939			4
2025.12.29	01:18:48.967		0.92941			4
2025.12.29	01:18:49.839	0.92926	0.92942			6
2025.12.29	01:18:50.162	0.92927	0.92940			6
2025.12.29	01:18:50.496	0.92928	0.92941			6
2025.12.29	01:18:51.075	0.92927				2
2025.12.29	01:18:51.600	0.92928				2
2025.12.29	01:18:52.976	0.92927				2
2025.12.29	01:18:54.053	0.92928				2
2025.12.29	01:18:55.116		0.92942			4
2025.12.29	01:19:00.081	0.92926	0.92943			6
2025.12.29	01:19:00.428	0.92928	0.92942			6
2025.12.29	01:19:01.092	0.92926	0.92944			6
2025.12.29	01:19:01.429	0.92927	0.92942			6
2025.12.29	01:19:01.802	0.92928				2
2025.12.29	01:19:02.155	0.92926	0.92944			6
2025.12.29	01:19:02.500	0.92928	0.92942			6
2025.12.29	01:19:03.377	0.92927				2
2025.12.29	01:19:04.413	0.92928				2
2025.12.29	01:19:06.485	0.92927	0.92943			6
2025.12.29	01:19:06.821	0.92928	0.92942			6
2025.12.29	01:19:07.336	0.92926	0.92943			6
2025.12.29	01:19:07.659	0.92928	0.92942			6
2025.12.29	01:19:08.898	0.92926	0.92940			6
2025.12.29	01:19:09.219	0.92924	0.92944			6
2025.12.29	01:19:09.550	0.92922	0.92943			6
2025.12.29	01:19:09.869	0.92923				2
2025.12.29	01:19:10.219	0.92924	0.92941			6
2025.12.29	01:19:10.984	0.92923	0.92943			6
2025.12.29	01:19:11.308	0.92924	0.92942			6
2025.12.29	01:19:12.766		0.92943			4
2025.12.29	01:19:13.071		0.92942			4
2025.12.29	01:19:13.831		0.92943			4
2025.12.29	01:19:14.865		0.92942			4
2025.12.29	01:19:15.284	0.92928	0.92946			6
2025.12.29	01:19:15.899	0.92927	0.92947			6
2025.12.29	01:19:16.241	0.92928				2
2025.12.29	01:19:17.072	0.92927				2
2025.12.29	01:19:17.458	0.92928	0.92946			6
2025.12.29	01:19:17.912	0.92926	0.92948			6
2025.12.29	01:19:18.226	0.92928	0.92946			6
2025.12.29	01:19:19.144		0.92947			4
2025.12.29	01:19:21.187	0.92927	0.92946			6
2025.12.29	01:19:21.495	0.92926				2
2025.12.29	01:19:21.799	0.92928				2
2025.12.29	01:19:22.101	0.92930	0.92944			6
2025.12.29	01:19:22.408		0.92946			4
2025.12.29	01:19:23.280	0.92931	0.92943			6
2025.12.29	01:19:23.725	0.92929	0.92945			6
2025.12.29	01:19:24.037	0.92930	0.92946			6
2025.12.29	01:19:24.427	0.92931				2
2025.12.29	01:19:24.905	0.92928	0.92947			6
2025.12.29	01:19:25.230	0.92926	0.92949			6
2025.12.29	01:19:25.538		0.92948			4
2025.12.29	01:19:25.869	0.92928	0.92946			6
2025.12.29	01:19:26.373		0.92947			4
2025.12.29	01:19:26.696	0.92929	0.92946			6
2025.12.29	01:19:27.530	0.92927	0.92948			6
2025.12.29	01:19:27.838	0.92929	0.92946			6
2025.12.29	01:19:28.553	0.92926	0.92948			6
2025.12.29	01:19:28.924	0.92928	0.92947			6
2025.12.29	01:19:29.239		0.92946			4
2025.12.29	01:19:29.570	0.92927	0.92947			6
2025.12.29	01:19:30.002	0.92928	0.92946			6
2025.12.29	01:19:30.637	0.92927	0.92947			6
2025.12.29	01:19:30.944	0.92928				2
2025.12.29	01:19:31.614	0.92927				2
2025.12.29	01:19:31.973	0.92928	0.92946			6
2025.12.29	01:19:33.910		0.92947			4
2025.12.29	01:19:34.948		0.92946			4
2025.12.29	01:19:36.399		0.92947			4
2025.12.29	01:19:37.372	0.92926	0.92948			6
2025.12.29	01:19:37.679	0.92928	0.92946			6
2025.12.29	01:19:39.595	0.92927	0.92947			6
2025.12.29	01:19:39.897	0.92928				2
2025.12.29	01:19:40.198		0.92946			4
2025.12.29	01:19:41.519	0.92927	0.92948			6
2025.12.29	01:19:41.822	0.92931	0.92944			6
2025.12.29	01:19:42.196	0.92932				2
2025.12.29	01:19:42.727	0.92930	0.92946			6
2025.12.29	01:19:43.338	0.92929	0.92947			6
2025.12.29	01:19:43.677	0.92932	0.92944			6
2025.12.29	01:19:47.672	0.92933	0.92943			6
2025.12.29	01:19:47.977	0.92932	0.92944			6
2025.12.29	01:19:48.736	0.92929				2
2025.12.29	01:19:49.774	0.92928	0.92945			6
2025.12.29	01:19:50.344	0.92929				2
2025.12.29	01:19:50.758		0.92944			4
2025.12.29	01:19:51.623	0.92928	0.92941			6
2025.12.29	01:19:51.931	0.92929				2
2025.12.29	01:19:52.286	0.92928	0.92940			6
2025.12.29	01:19:53.460	0.92929	0.92939			6
2025.12.29	01:19:54.465	0.92928	0.92940			6
2025.12.29	01:19:55.158	0.92927	0.92941			6
2025.12.29	01:19:55.925	0.92929	0.92940			6
2025.12.29	01:19:56.371		0.92941			4
2025.12.29	01:19:57.321		0.92940			4
2025.12.29	01:19:58.498		0.92941			4
2025.12.29	01:19:58.801	0.92928	0.92943			6
2025.12.29	01:19:59.120	0.92929				2
2025.12.29	01:19:59.887	0.92930	0.92940			6
2025.12.29	01:20:00.221	0.92929	0.92942			6
2025.12.29	01:20:00.941	0.92926	0.92936			6
2025.12.29	01:20:01.682	0.92925	0.92939			6
2025.12.29	01:20:02.008	0.92927				2
2025.12.29	01:20:02.371	0.92926	0.92937			6
2025.12.29	01:20:02.804	0.92922	0.92940			6
2025.12.29	01:20:03.121	0.92924	0.92937			6
2025.12.29	01:20:03.802	0.92923	0.92938			6
2025.12.29	01:20:04.107	0.92924	0.92937			6
2025.12.29	01:20:04.421		0.92938			4
2025.12.29	01:20:05.229	0.92920	0.92941			6
2025.12.29	01:20:05.541	0.92922	0.92939			6
2025.12.29	01:20:06.226	0.92923	0.92938			6
2025.12.29	01:20:06.625	0.92920	0.92940			6
2025.12.29	01:20:06.940	0.92923	0.92938			6
2025.12.29	01:20:07.262		0.92936			4
2025.12.29	01:20:07.592	0.92920	0.92938			6
2025.12.29	01:20:07.909	0.92923	0.92936			6
2025.12.29	01:20:08.502		0.92935			4
2025.12.29	01:20:08.815	0.92922	0.92936			6
2025.12.29	01:20:09.851	0.92923				2
2025.12.29	01:20:11.310		0.92937			4
2025.12.29	01:20:11.618		0.92936			4
2025.12.29	01:20:11.929	0.92924				2
2025.12.29	01:20:12.315	0.92923	0.92937			6
2025.12.29	01:20:13.348	0.92920	0.92939			6
2025.12.29	01:20:13.659	0.92923	0.92936			6
2025.12.29	01:20:14.159		0.92937			4
2025.12.29	01:20:15.161	0.92921	0.92938			6
2025.12.29	01:20:15.476	0.92920	0.92939			6
2025.12.29	01:20:15.811	0.92922	0.92937			6
2025.12.29	01:20:16.783	0.92923				2
2025.12.29	01:20:17.178	0.92920	0.92939			6
2025.12.29	01:20:17.493	0.92922	0.92937			6
2025.12.29	01:20:17.818	0.92923				2
2025.12.29	01:20:18.399	0.92921				2
2025.12.29	01:20:19.323	0.92918	0.92941			6
2025.12.29	01:20:19.638	0.92922	0.92937			6
2025.12.29	01:20:20.526	0.92921	0.92938			6
2025.12.29	01:20:20.847	0.92922	0.92937			6
2025.12.29	01:20:21.379	0.92921	0.92939			6
2025.12.29	01:20:21.700	0.92923	0.92937			6
2025.12.29	01:20:23.322	0.92922	0.92938			6
2025.12.29	01:20:23.697	0.92923	0.92937			6
2025.12.29	01:20:24.056	0.92921	0.92940			6
2025.12.29	01:20:24.359	0.92923	0.92937			6
2025.12.29	01:20:24.685	0.92922	0.92938			6
2025.12.29	01:20:24.993	0.92923	0.92937			6
2025.12.29	01:20:25.772	0.92924	0.92936			6
2025.12.29	01:20:26.079	0.92920	0.92940			6
2025.12.29	01:20:26.384	0.92922	0.92938			6
2025.12.29	01:20:27.095	0.92921	0.92939			6
2025.12.29	01:20:27.398	0.92924	0.92936			6
2025.12.29	01:20:27.884	0.92923				2
2025.12.29	01:20:28.199	0.92920	0.92940			6
2025.12.29	01:20:28.500	0.92923	0.92937			6
2025.12.29	01:20:29.648	0.92921	0.92939			6
2025.12.29	01:20:29.973	0.92923	0.92937			6
2025.12.29	01:20:30.286	0.92920	0.92939			6
2025.12.29	01:20:30.638	0.92923	0.92937			6
2025.12.29	01:20:31.368	0.92921	0.92939			6
2025.12.29	01:20:31.673	0.92923	0.92937			6
2025.12.29	01:20:33.365	0.92921	0.92939			6
2025.12.29	01:20:33.678	0.92922	0.92937			6
2025.12.29	01:20:34.226		0.92938			4
2025.12.29	01:20:34.560		0.92937			4
2025.12.29	01:20:35.561	0.92923	0.92938			6
2025.12.29	01:20:35.879		0.92937			4
2025.12.29	01:20:36.339	0.92922	0.92938			6
2025.12.29	01:20:36.651	0.92925	0.92935			6
2025.12.29	01:20:37.033	0.92923	0.92938			6
2025.12.29	01:20:37.488	0.92924	0.92936			6
2025.12.29	01:20:37.906	0.92922	0.92938			6
2025.12.29	01:20:38.285	0.92926	0.92935			6
2025.12.29	01:20:38.700	0.92924	0.92937			6
2025.12.29	01:20:39.009		0.92936			4
2025.12.29	01:20:39.321	0.92922	0.92939			6
2025.12.29	01:20:39.665	0.92925	0.92936			6
2025.12.29	01:20:41.631	0.92922	0.92932			6
2025.12.29	01:20:42.296		0.92934			4
2025.12.29	01:20:42.665	0.92920	0.92931			6
2025.12.29	01:20:43.374		0.92932			4
2025.12.29	01:20:43.699	0.92915	0.92927			6
2025.12.29	01:20:44.455	0.92916				2
2025.12.29	01:20:46.546	0.92911	0.92926			6
2025.12.29	01:20:46.859	0.92912	0.92925			6
2025.12.29	01:20:47.462	0.92913				2
2025.12.29	01:20:48.304	0.92911	0.92926			6
2025.12.29	01:20:48.619	0.92910	0.92927			6
2025.12.29	01:20:49.000	0.92911	0.92925			6
2025.12.29	01:20:49.373	0.92912	0.92926			6
2025.12.29	01:20:49.684	0.92911	0.92927			6
2025.12.29	01:20:50.070	0.92912	0.92925			6
2025.12.29	01:20:50.400		0.92927			4
2025.12.29	01:20:50.715		0.92926			4
2025.12.29	01:20:51.035	0.92911	0.92927			6
2025.12.29	01:20:51.356	0.92913	0.92925			6
2025.12.29	01:20:51.752	0.92914	0.92924			6
2025.12.29	01:20:52.160	0.92911	0.92927			6
2025.12.29	01:20:52.468	0.92913	0.92926			6
2025.12.29	01:20:52.900	0.92914	0.92925			6
2025.12.29	01:20:53.790	0.92913	0.92926			6
2025.12.29	01:20:54.141	0.92914	0.92925			6
2025.12.29	01:20:54.467	0.92913	0.92926			6
2025.12.29	01:20:54.813	0.92914	0.92925			6
2025.12.29	01:20:55.167		0.92929			4
2025.12.29	01:20:56.750	0.92913	0.92930			6
2025.12.29	01:20:57.061	0.92914	0.92929			6
2025.12.29	01:20:57.411	0.92913				2
2025.12.29	01:20:57.837	0.92915	0.92928			6
2025.12.29	01:20:58.864	0.92914	0.92929			6
2025.12.29	01:21:00.037	0.92915	0.92928			6
2025.12.29	01:21:00.841	0.92912	0.92930			6
2025.12.29	01:21:01.180	0.92915	0.92928			6
2025.12.29	01:21:02.047		0.92927			4
2025.12.29	01:21:02.799	0.92913	0.92929			6
2025.12.29	01:21:03.485	0.92915	0.92930			6
2025.12.29	01:21:03.798		0.92928			4
2025.12.29	01:21:04.123	0.92914	0.92932			6
2025.12.29	01:21:04.427	0.92918	0.92928			6
2025.12.29	01:21:05.481		0.92929			4
2025.12.29	01:21:07.425	0.92919	0.92930			6
2025.12.29	01:21:07.739	0.92918	0.92929			6
2025.12.29	01:21:08.589	0.92919	0.92928			6
2025.12.29	01:21:09.304	0.92918	0.92934			6
2025.12.29	01:21:09.605	0.92919	0.92935			6
2025.12.29	01:21:09.909	0.92921	0.92934			6
2025.12.29	01:21:10.218	0.92918	0.92936			6
2025.12.29	01:21:10.520	0.92920	0.92935			6
2025.12.29	01:21:11.441	0.92921	0.92934			6
2025.12.29	01:21:11.746	0.92920	0.92936			6
2025.12.29	01:21:12.058	0.92921	0.92935			6
2025.12.29	01:21:12.364	0.92920				2
2025.12.29	01:21:13.439	0.92919				2
2025.12.29	01:21:13.805	0.92920	0.92933			6
2025.12.29	01:21:14.160		0.92932			4
2025.12.29	01:21:14.547	0.92918	0.92936			6
2025.12.29	01:21:14.849	0.92921	0.92934			6
2025.12.29	01:21:15.567	0.92918	0.92936			6
2025.12.29	01:21:15.873	0.92920	0.92935			6
2025.12.29	01:21:16.999		0.92934			4
2025.12.29	01:21:17.844	0.92919	0.92935			6
2025.12.29	01:21:18.455	0.92920	0.92934			6
2025.12.29	01:21:20.850	0.92913	0.92927			6
2025.12.29	01:21:21.159	0.92914	0.92928			6
2025.12.29	01:21:21.865	0.92910	0.92929			6
2025.12.29	01:21:22.231	0.92915				2
2025.12.29	01:21:23.154		0.92930			4
2025.12.29	01:21:23.472	0.92914	0.92931			6
2025.12.29	01:21:24.327	0.92913	0.92932			6
2025.12.29	01:21:25.255	0.92912	0.92933			6
2025.12.29	01:21:25.878	0.92915	0.92932			6
2025.12.29	01:21:26.788	0.92914				2
2025.12.29	01:21:31.930	0.92915	0.92931			6
2025.12.29	01:21:33.174	0.92914	0.92932			6
2025.12.29	01:21:36.243	0.92915	0.92931			6
2025.12.29	01:21:37.474		0.92932			4
2025.12.29	01:21:37.800	0.92913				2
2025.12.29	01:21:38.123	0.92915				2
2025.12.29	01:21:38.450	0.92918				2
2025.12.29	01:21:39.554		0.92931			4
2025.12.29	01:21:40.600		0.92932			4
2025.12.29	01:21:41.719		0.92931			4
2025.12.29	01:21:42.590	0.92917	0.92933			6
2025.12.29	01:21:42.914	0.92918	0.92932			6
2025.12.29	01:21:43.593	0.92917	0.92933			6
2025.12.29	01:21:43.917	0.92918				2
2025.12.29	01:21:44.663		0.92932			4
2025.12.29	01:21:46.604	0.92916	0.92934			6
2025.12.29	01:21:46.967	0.92917				2
2025.12.29	01:21:47.308	0.92918	0.92932			6
2025.12.29	01:21:48.191		0.92933			4
2025.12.29	01:21:49.101		0.92932			4
2025.12.29	01:21:51.666	0.92919				2
2025.12.29	01:21:52.505	0.92920	0.92931			6
2025.12.29	01:21:52.837	0.92919	0.92932			6
2025.12.29	01:21:53.287		0.92931			4
2025.12.29	01:21:53.619		0.92933			4
2025.12.29	01:21:54.156	0.92918				2
2025.12.29	01:21:54.472	0.92920	0.92931			6
2025.12.29	01:21:54.808	0.92919	0.92932			6
2025.12.29	01:21:55.702	0.92920	0.92931			6
2025.12.29	01:21:56.106	0.92917	0.92934			6
2025.12.29	01:21:56.431	0.92918	0.92933			6
2025.12.29	01:21:56.827	0.92917	0.92934			6
2025.12.29	01:21:57.138	0.92916				2
2025.12.29	01:21:57.452	0.92919	0.92933			6
2025.12.29	01:21:57.962	0.92918	0.92934			6
2025.12.29	01:22:00.382	0.92918				2
2025.12.29	01:22:01.497	0.92917				2
2025.12.29	01:22:02.545	0.92918				2
2025.12.29	01:22:03.263	0.92922	0.92936			6
2025.12.29	01:22:03.573	0.92921	0.92937			6
2025.12.29	01:22:04.024	0.92928	0.92945			6
2025.12.29	01:22:04.343	0.92924	0.92942			6
2025.12.29	01:22:04.678	0.92921	0.92941			6
2025.12.29	01:22:04.979	0.92925				2
2025.12.29	01:22:05.298	0.92926				2
2025.12.29	01:22:05.962	0.92925				2
2025.12.29	01:22:08.099	0.92923				2
2025.12.29	01:22:08.967	0.92924				2
2025.12.29	01:22:09.441	0.92925				2
2025.12.29	01:22:12.611	0.92924				2
2025.12.29	01:22:12.935	0.92925				2
2025.12.29	01:22:15.633	0.92923				2
2025.12.29	01:22:15.992	0.92925				2
2025.12.29	01:22:17.931	0.92924				2
2025.12.29	01:22:18.980	0.92923				2
2025.12.29	01:22:19.374	0.92924				2
2025.12.29	01:22:23.367	0.92923	0.92942			6
2025.12.29	01:22:23.771	0.92924				2
2025.12.29	01:22:28.135	0.92925	0.92943			6
2025.12.29	01:22:28.448		0.92944			4
2025.12.29	01:22:29.900	0.92924				2
2025.12.29	01:22:30.841	0.92925	0.92943			6
2025.12.29	01:22:33.357	0.92924				2
2025.12.29	01:22:34.131	0.92925				2
2025.12.29	01:22:35.026	0.92924				2
2025.12.29	01:22:38.969	0.92921	0.92939			6
2025.12.29	01:22:39.312		0.92941			4
2025.12.29	01:22:40.088		0.92940			4
2025.12.29	01:22:40.551	0.92919	0.92939			6
2025.12.29	01:22:41.276	0.92921				2
2025.12.29	01:22:43.010	0.92920				2
2025.12.29	01:22:43.500	0.92921				2
2025.12.29	01:22:46.466	0.92924	0.92940			6
2025.12.29	01:22:46.800		0.92941			4
2025.12.29	01:22:47.498	0.92922	0.92943			6
2025.12.29	01:22:47.801	0.92924	0.92941			6
2025.12.29	01:22:48.665	0.92925	0.92940			6
2025.12.29	01:22:49.021	0.92924	0.92941			6
2025.12.29	01:22:50.441	0.92922	0.92943			6
2025.12.29	01:22:50.753	0.92924	0.92941			6
2025.12.29	01:22:55.088	0.92925	0.92940			6
2025.12.29	01:22:55.883	0.92923	0.92942			6
2025.12.29	01:22:56.198	0.92925	0.92940			6
2025.12.29	01:22:59.991	0.92924	0.92941			6
2025.12.29	01:23:00.298	0.92925	0.92940			6
2025.12.29	01:23:01.321		0.92941			4
2025.12.29	01:23:03.353		0.92940			4
2025.12.29	01:23:04.432		0.92941			4
2025.12.29	01:23:05.435		0.92940			4
2025.12.29	01:23:05.953	0.92924				2
2025.12.29	01:23:06.268	0.92922	0.92942			6
2025.12.29	01:23:06.970	0.92925	0.92939			6
2025.12.29	01:23:07.744	0.92924	0.92940			6
2025.12.29	01:23:08.057	0.92925				2
2025.12.29	01:23:08.844		0.92939			4
2025.12.29	01:23:09.817	0.92924	0.92941			6
2025.12.29	01:23:10.177	0.92925	0.92940			6
2025.12.29	01:23:10.904	0.92924	0.92942			6
2025.12.29	01:23:11.243	0.92925	0.92940			6
2025.12.29	01:23:12.072		0.92941			4
2025.12.29	01:23:12.417	0.92926				2
2025.12.29	01:23:12.720	0.92923				2
2025.12.29	01:23:13.371	0.92926	0.92939			6
2025.12.29	01:23:13.963	0.92925	0.92940			6
2025.12.29	01:23:15.445		0.92939			4
2025.12.29	01:23:17.153		0.92940			4
2025.12.29	01:23:17.503	0.92926	0.92939			6
2025.12.29	01:23:18.108		0.92938			4
2025.12.29	01:23:19.076	0.92925	0.92939			6
2025.12.29	01:23:19.379	0.92923	0.92945			6
2025.12.29	01:23:19.751	0.92924	0.92944			6
2025.12.29	01:23:20.161	0.92923	0.92943			6
2025.12.29	01:23:21.002	0.92922	0.92942			6
2025.12.29	01:23:21.327	0.92923	0.92944			6
2025.12.29	01:23:22.316		0.92943			4
2025.12.29	01:23:23.335		0.92944			4
2025.12.29	01:23:24.590	0.92922	0.92938			6
2025.12.29	01:23:24.912	0.92924	0.92935			6
2025.12.29	01:23:25.623	0.92922	0.92937			6
2025.12.29	01:23:25.942	0.92924	0.92935			6
2025.12.29	01:23:26.658	0.92922	0.92937			6
2025.12.29	01:23:26.976	0.92924	0.92935			6
2025.12.29	01:23:27.552	0.92923	0.92937			6
2025.12.29	01:23:27.871	0.92926	0.92935			6
2025.12.29	01:23:29.678	0.92923	0.92934			6
2025.12.29	01:23:30.005		0.92935			4
2025.12.29	01:23:30.375		0.92934			4
2025.12.29	01:23:30.782	0.92922				2
2025.12.29	01:23:31.242	0.92923				2
2025.12.29	01:23:31.712	0.92920	0.92930			6
2025.12.29	01:23:33.388	0.92921	0.92933			6
2025.12.29	01:23:34.168	0.92922	0.92932			6
2025.12.29	01:23:34.479	0.92920	0.92933			6
2025.12.29	01:23:35.275	0.92917	0.92927			6
2025.12.29	01:23:35.588	0.92918	0.92930			6
2025.12.29	01:23:36.227	0.92919	0.92929			6
2025.12.29	01:23:40.103	0.92916	0.92928			6
2025.12.29	01:23:40.409	0.92914	0.92926			6
2025.12.29	01:23:40.712	0.92913	0.92929			6
2025.12.29	01:23:41.127	0.92914				2
2025.12.29	01:23:41.637		0.92928			4
2025.12.29	01:23:41.938		0.92929			4
2025.12.29	01:23:42.972		0.92930			4
2025.12.29	01:23:43.598		0.92928			4
2025.12.29	01:23:43.899		0.92929			4
2025.12.29	01:23:45.042		0.92928			4
2025.12.29	01:23:45.615	0.92916	0.92926			6
2025.12.29	01:23:45.952	0.92914	0.92928			6
2025.12.29	01:23:46.726	0.92916	0.92925			6
2025.12.29	01:23:47.028	0.92915				2
2025.12.29	01:23:48.057	0.92916				2
2025.12.29	01:23:50.297	0.92915	0.92927			6
2025.12.29	01:23:51.106		0.92925			4
2025.12.29	01:23:51.908		0.92926			4
2025.12.29	01:23:52.242		0.92925			4
2025.12.29	01:23:52.552	0.92916	0.92926			6
2025.12.29	01:23:53.144	0.92915				2
2025.12.29	01:23:53.460	0.92914				2
2025.12.29	01:23:54.312	0.92915	0.92925			6
2025.12.29	01:23:54.629	0.92914	0.92927			6
2025.12.29	01:23:55.062	0.92915	0.92925			6
2025.12.29	01:23:55.382	0.92914	0.92927			6
2025.12.29	01:23:56.382	0.92913	0.92928			6
2025.12.29	01:23:56.700		0.92927			4
2025.12.29	01:23:57.729	0.92915	0.92925			6
2025.12.29	01:23:58.380	0.92911	0.92926			6
2025.12.29	01:23:58.713	0.92913				2
2025.12.29	01:23:59.022	0.92912				2
2025.12.29	01:23:59.373	0.92914				2
2025.12.29	01:23:59.774	0.92915	0.92925			6
2025.12.29	01:24:00.077	0.92914	0.92926			6
2025.12.29	01:24:00.967	0.92915	0.92925			6
2025.12.29	01:24:01.677	0.92914				2
2025.12.29	01:24:02.069	0.92912				2
2025.12.29	01:24:02.378	0.92913	0.92924			6
2025.12.29	01:24:02.684	0.92914				2
2025.12.29	01:24:03.011	0.92913				2
2025.12.29	01:24:03.316	0.92914				2
2025.12.29	01:24:04.278	0.92913	0.92925			6
2025.12.29	01:24:05.350	0.92916				2
2025.12.29	01:24:06.535	0.92914	0.92927			6
2025.12.29	01:24:06.838	0.92915	0.92925			6
2025.12.29	01:24:07.719	0.92914				2
2025.12.29	01:24:08.047	0.92915				2
2025.12.29	01:24:08.701		0.92924			4
2025.12.29	01:24:09.148		0.92925			4
2025.12.29	01:24:09.721		0.92924			4
2025.12.29	01:24:10.076	0.92914	0.92925			6
2025.12.29	01:24:10.414		0.92924			4
2025.12.29	01:24:10.719		0.92926			4
2025.12.29	01:24:11.032		0.92924			4
2025.12.29	01:24:11.988	0.92915	0.92925			6
2025.12.29	01:24:12.989	0.92914				2
2025.12.29	01:24:13.371		0.92924			4
2025.12.29	01:24:14.227	0.92913	0.92926			6
2025.12.29	01:24:14.581	0.92914	0.92924			6
2025.12.29	01:24:14.917	0.92915				2
2025.12.29	01:24:15.219	0.92914	0.92927			6
2025.12.29	01:24:15.537	0.92915	0.92925			6
2025.12.29	01:24:16.666	0.92916				2
2025.12.29	01:24:17.056	0.92911	0.92928			6
2025.12.29	01:24:17.369	0.92915	0.92925			6
2025.12.29	01:24:17.738	0.92912	0.92928			6
2025.12.29	01:24:18.054	0.92910	0.92929			6
2025.12.29	01:24:18.367	0.92912	0.92927			6
2025.12.29	01:24:18.680	0.92911	0.92924			6
2025.12.29	01:24:18.992	0.92913	0.92923			6
2025.12.29	01:24:19.374	0.92914	0.92924			6
2025.12.29	01:24:19.921		0.92923			4
2025.12.29	01:24:20.784	0.92912	0.92926			6
2025.12.29	01:24:21.117		0.92925			4
2025.12.29	01:24:21.451		0.92924			4
2025.12.29	01:24:22.470	0.92913				2
2025.12.29	01:24:24.003	0.92914	0.92923			6
2025.12.29	01:24:24.387	0.92912	0.92925			6
2025.12.29	01:24:24.697	0.92913	0.92924			6
2025.12.29	01:24:25.539	0.92912				2
2025.12.29	01:24:25.842	0.92914	0.92923			6
2025.12.29	01:24:26.462		0.92924			4
2025.12.29	01:24:26.778		0.92923			4
2025.12.29	01:24:27.963	0.92913	0.92924			6
2025.12.29	01:24:28.781	0.92912	0.92925			6
2025.12.29	01:24:29.093	0.92915				2
2025.12.29	01:24:30.002	0.92914				2
2025.12.29	01:24:30.835		0.92926			4
2025.12.29	01:24:31.199	0.92915				2
2025.12.29	01:24:31.919	0.92912	0.92928			6
2025.12.29	01:24:32.256	0.92914	0.92925			6
2025.12.29	01:24:33.105	0.92912	0.92928			6
2025.12.29	01:24:33.416	0.92914	0.92925			6
2025.12.29	01:24:34.450	0.92912	0.92929			6
2025.12.29	01:24:34.757		0.92927			4
2025.12.29	01:24:35.493	0.92910	0.92929			6
2025.12.29	01:24:35.801		0.92928			4
2025.12.29	01:24:36.149	0.92912	0.92926			6
2025.12.29	01:24:36.458		0.92927			4
2025.12.29	01:24:37.252	0.92914	0.92923			6
2025.12.29	01:24:37.553	0.92913	0.92925			6
2025.12.29	01:24:37.968	0.92911	0.92926			6
2025.12.29	01:24:38.284	0.92912	0.92925			6
2025.12.29	01:24:39.027	0.92911	0.92926			6
2025.12.29	01:24:39.363	0.92912	0.92925			6
2025.12.29	01:24:40.484	0.92910	0.92926			6
2025.12.29	01:24:40.797	0.92912				2
2025.12.29	01:24:41.839	0.92910	0.92922			6
2025.12.29	01:24:42.176	0.92912				2
2025.12.29	01:24:43.066		0.92921			4
2025.12.29	01:24:43.464	0.92911				2
2025.12.29	01:24:44.138	0.92912	0.92923			6
2025.12.29	01:24:44.499	0.92911				2
2025.12.29	01:24:45.157	0.92908	0.92925			6
2025.12.29	01:24:45.795	0.92911	0.92924			6
2025.12.29	01:24:46.115	0.92910	0.92922			6
2025.12.29	01:24:46.419	0.92909	0.92923			6
2025.12.29	01:24:46.724	0.92912	0.92922			6
2025.12.29	01:24:47.098	0.92911	0.92924			6
2025.12.29	01:24:47.445	0.92910				2
2025.12.29	01:24:47.759	0.92912	0.92923			6
2025.12.29	01:24:48.092	0.92911				2
2025.12.29	01:24:48.399		0.92921			4
2025.12.29	01:24:48.904		0.92922			4
2025.12.29	01:24:49.751	0.92908	0.92924			6
2025.12.29	01:24:50.073	0.92910	0.92922			6
2025.12.29	01:24:50.396	0.92911				2
2025.12.29	01:24:51.107		0.92921			4
2025.12.29	01:24:51.468		0.92923			4
2025.12.29	01:24:52.192	0.92908	0.92924			6
2025.12.29	01:24:52.514	0.92911	0.92923			6
2025.12.29	01:24:53.180	0.92909	0.92925			6
2025.12.29	01:24:53.550	0.92911	0.92921			6
2025.12.29	01:24:53.921	0.92908	0.92924			6
2025.12.29	01:24:54.238	0.92912	0.92921			6
2025.12.29	01:24:54.543	0.92911	0.92922			6
2025.12.29	01:24:55.251	0.92910	0.92923			6
2025.12.29	01:24:55.558	0.92908	0.92925			6
2025.12.29	01:24:55.868	0.92910	0.92922			6
2025.12.29	01:24:56.257	0.92911				2
2025.12.29	01:24:56.584	0.92910				2
2025.12.29	01:24:56.893		0.92923			4
2025.12.29	01:24:57.748	0.92908	0.92925			6
2025.12.29	01:24:58.084	0.92911	0.92922			6
2025.12.29	01:24:58.408	0.92909	0.92923			6
2025.12.29	01:24:58.934	0.92910	0.92922			6
2025.12.29	01:24:59.273	0.92908	0.92924			6
2025.12.29	01:24:59.580	0.92910	0.92923			6
2025.12.29	01:25:00.150	0.92908	0.92925			6
2025.12.29	01:25:00.522	0.92910	0.92923			6
2025.12.29	01:25:00.896	0.92908	0.92925			6
2025.12.29	01:25:01.198	0.92910	0.92921			6
2025.12.29	01:25:02.172		0.92920			4
2025.12.29	01:25:03.211	0.92908	0.92923			6
2025.12.29	01:25:03.528	0.92910	0.92921			6
2025.12.29	01:25:03.839	0.92911	0.92922			6
2025.12.29	01:25:04.708	0.92912	0.92921			6
2025.12.29	01:25:05.131	0.92911				2
2025.12.29	01:25:05.720		0.92922			4
2025.12.29	01:25:06.184	0.92910	0.92923			6
2025.12.29	01:25:06.733	0.92911	0.92921			6
2025.12.29	01:25:07.045		0.92922			4
2025.12.29	01:25:07.427	0.92910				2
2025.12.29	01:25:07.776	0.92911	0.92921			6
2025.12.29	01:25:08.463	0.92908	0.92923			6
2025.12.29	01:25:08.774	0.92910	0.92921			6
2025.12.29	01:25:09.580	0.92911				2
2025.12.29	01:25:09.923	0.92910	0.92922			6
2025.12.29	01:25:10.545	0.92911	0.92921			6
2025.12.29	01:25:11.938		0.92922			4
2025.12.29	01:25:12.589		0.92921			4
2025.12.29	01:25:12.897	0.92910	0.92922			6
2025.12.29	01:25:13.218	0.92911	0.92921			6
2025.12.29	01:25:13.894		0.92920			4
2025.12.29	01:25:14.208	0.92905				2
2025.12.29	01:25:14.572	0.92907	0.92918			6
2025.12.29	01:25:15.263		0.92919			4
2025.12.29	01:25:15.960	0.92908	0.92917			6
2025.12.29	01:25:16.347	0.92907	0.92919			6
2025.12.29	01:25:16.996		0.92918			4
2025.12.29	01:25:17.399		0.92919			4
2025.12.29	01:25:18.033	0.92908	0.92918			6
2025.12.29	01:25:18.436	0.92907	0.92919			6
2025.12.29	01:25:19.068	0.92908	0.92918			6
2025.12.29	01:25:19.475	0.92907	0.92919			6
2025.12.29	01:25:20.100	0.92908	0.92917			6
2025.12.29	01:25:21.137	0.92906	0.92919			6
2025.12.29	01:25:21.446	0.92907				2
2025.12.29	01:25:22.193		0.92918			4
2025.12.29	01:25:23.319	0.92908				2
2025.12.29	01:25:24.042	0.92907				2
2025.12.29	01:25:24.359	0.92908	0.92919			6
2025.12.29	01:25:25.222		0.92918			4
2025.12.29	01:25:25.549	0.92907	0.92917			6
2025.12.29	01:25:26.216		0.92919			4
2025.12.29	01:25:27.216	0.92905				2
2025.12.29	01:25:27.553	0.92907	0.92918			6
2025.12.29	01:25:28.044	0.92906				2
2025.12.29	01:25:28.654	0.92907	0.92917			6
2025.12.29	01:25:29.365	0.92906	0.92918			6
2025.12.29	01:25:29.690	0.92907	0.92917			6
2025.12.29	01:25:30.718	0.92906	0.92918			6
2025.12.29	01:25:31.750	0.92907	0.92917			6
2025.12.29	01:25:32.589	0.92905	0.92919			6
2025.12.29	01:25:32.898	0.92907	0.92917			6
2025.12.29	01:25:33.644	0.92905	0.92919			6
