<DATE>	<TIME>	<BID>	<ASK>	<LAST>	<VOLUME>	<FLAGS>
2025.12.08	00:03:31.321	0.93527	0.93743			6
2025.12.08	00:05:03.211	0.93527	0.93743			6
2025.12.08	00:06:37.716	0.93527	0.93743			6
2025.12.08	00:07:00.176	0.93527				2
2025.12.08	00:07:38.267		0.93743			4
2025.12.08	00:08:01.066	0.93527				2
2025.12.08	00:08:38.798		0.93743			4
2025.12.08	00:09:01.065	0.93527				2
2025.12.08	00:09:28.966		0.93742			4
2025.12.08	00:09:31.365		0.93741			4
2025.12.08	00:09:33.767		0.93740			4
2025.12.08	00:09:35.503		0.93743			4
2025.12.08	00:09:36.766		0.93742			4
2025.12.08	00:09:39.465		0.93740			4
2025.12.08	00:09:40.975		0.93741			4
2025.12.08	00:09:42.032		0.93740			4
2025.12.08	00:09:42.681		0.93739			4
2025.12.08	00:09:44.279		0.93738			4
2025.12.08	00:09:45.186		0.93737			4
2025.12.08	00:09:47.565		0.93736			4
2025.12.08	00:09:49.365		0.93735			4
2025.12.08	00:09:51.477		0.93734			4
2025.12.08	00:09:54.175		0.93733			4
2025.12.08	00:09:56.265		0.93732			4
2025.12.08	00:09:58.065		0.93731			4
2025.12.08	00:10:00.400	0.93498	0.93702			6
2025.12.08	00:10:01.667	0.93499	0.93704			6
2025.12.08	00:10:03.440		0.93703			4
2025.12.08	00:10:04.177	0.93500	0.93700			6
2025.12.08	00:10:05.538	0.93501	0.93699			6
2025.12.08	00:10:06.089	0.93502	0.93698			6
2025.12.08	00:10:06.503	0.93505	0.93694			6
2025.12.08	00:10:08.239	0.93506				2
2025.12.08	00:10:10.938	0.93507	0.93693			6
2025.12.08	00:10:12.339	0.93506				2
2025.12.08	00:10:13.338	0.93507				2
2025.12.08	00:10:13.938		0.93692			4
2025.12.08	00:10:15.738	0.93527				2
2025.12.08	00:10:17.238		0.93691			4
2025.12.08	00:10:19.938		0.93690			4
2025.12.08	00:10:24.139		0.93689			4
2025.12.08	00:10:25.731		0.93690			4
2025.12.08	00:10:26.838		0.93699			4
2025.12.08	00:10:30.315		0.93698			4
2025.12.08	00:10:32.239		0.93697			4
2025.12.08	00:10:32.939		0.93698			4
2025.12.08	00:10:35.615		0.93688			4
2025.12.08	00:10:36.341		0.93687			4
2025.12.08	00:10:39.197		0.93686			4
2025.12.08	00:10:44.239		0.93685			4
2025.12.08	00:10:46.373		0.93686			4
2025.12.08	00:10:50.238		0.93685			4
2025.12.08	00:10:56.239		0.93684			4
2025.12.08	00:10:59.103		0.93681			4
2025.12.08	00:10:59.614	0.93599	0.93712			6
2025.12.08	00:11:00.137	0.93599				2
2025.12.08	00:11:02.062	0.93529	0.93681			6
2025.12.08	00:11:10.339		0.93680			4
2025.12.08	00:11:15.182		0.93677			4
2025.12.08	00:11:19.772		0.93684			4
2025.12.08	00:11:22.039		0.93683			4
2025.12.08	00:11:25.039		0.93680			4
2025.12.08	00:11:27.440		0.93681			4
2025.12.08	00:11:27.746		0.93683			4
2025.12.08	00:11:28.263	0.93530	0.93679			6
2025.12.08	00:11:34.941	0.93531	0.93678			6
2025.12.08	00:11:40.024		0.93683			4
2025.12.08	00:11:41.564	0.93532				2
2025.12.08	00:11:42.028	0.93533	0.93682			6
2025.12.08	00:11:42.367	0.93535	0.93681			6
2025.12.08	00:11:42.792	0.93531				2
2025.12.08	00:11:43.419	0.93529	0.93682			6
2025.12.08	00:11:43.720		0.93684			4
2025.12.08	00:11:44.417		0.93686			4
2025.12.08	00:11:45.074		0.93687			4
2025.12.08	00:11:45.608		0.93686			4
2025.12.08	00:11:46.141		0.93687			4
2025.12.08	00:11:46.619		0.93688			4
2025.12.08	00:11:47.238		0.93689			4
2025.12.08	00:11:47.700		0.93690			4
2025.12.08	00:11:48.641		0.93686			4
2025.12.08	00:11:49.535		0.93687			4
2025.12.08	00:11:49.939		0.93688			4
2025.12.08	00:11:51.141		0.93687			4
2025.12.08	00:11:51.477		0.93688			4
2025.12.08	00:11:53.924		0.93689			4
2025.12.08	00:11:54.450		0.93690			4
2025.12.08	00:11:55.039		0.93688			4
2025.12.08	00:12:00.441	0.93529				2
2025.12.08	00:12:00.757		0.93687			4
2025.12.08	00:12:02.240		0.93686			4
2025.12.08	00:12:02.840		0.93687			4
2025.12.08	00:12:04.340		0.93686			4
2025.12.08	00:12:06.439	0.93530	0.93679			6
2025.12.08	00:12:08.234	0.93529	0.93689			6
2025.12.08	00:12:08.544		0.93688			4
2025.12.08	00:12:10.338		0.93687			4
2025.12.08	00:12:14.539		0.93686			4
2025.12.08	00:12:16.638		0.93685			4
2025.12.08	00:12:17.238		0.93686			4
2025.12.08	00:12:19.939		0.93685			4
2025.12.08	00:12:21.142		0.93684			4
2025.12.08	00:12:22.038		0.93685			4
2025.12.08	00:12:23.558		0.93684			4
2025.12.08	00:12:28.038		0.93683			4
2025.12.08	00:12:35.242		0.93682			4
2025.12.08	00:12:37.567		0.93683			4
2025.12.08	00:12:37.937		0.93682			4
2025.12.08	00:12:42.144		0.93681			4
2025.12.08	00:12:46.473	0.93530				2
2025.12.08	00:12:48.439	0.93529				2
2025.12.08	00:12:50.241		0.93682			4
2025.12.08	00:12:50.558		0.93681			4
2025.12.08	00:12:56.840		0.93682			4
2025.12.08	00:13:00.439	0.93529	0.93681			6
2025.12.08	00:13:06.741		0.93680			4
2025.12.08	00:13:08.539	0.93530				2
2025.12.08	00:13:10.038	0.93529				2
2025.12.08	00:13:11.241	0.93530	0.93679			6
2025.12.08	00:13:12.757		0.93680			4
2025.12.08	00:13:13.939		0.93679			4
2025.12.08	00:13:14.538	0.93531				2
2025.12.08	00:13:16.638		0.93678			4
2025.12.08	00:13:20.238	0.93532				2
2025.12.08	00:13:26.540		0.93677			4
2025.12.08	00:13:32.242	0.93533				2
2025.12.08	00:13:34.042		0.93676			4
2025.12.08	00:13:40.638	0.93534				2
2025.12.08	00:13:44.537		0.93675			4
2025.12.08	00:13:46.938		0.93676			4
2025.12.08	00:13:47.539		0.93675			4
2025.12.08	00:13:51.739	0.93535				2
2025.12.08	00:13:58.642		0.93674			4
2025.12.08	00:14:00.738	0.93535	0.93675			6
2025.12.08	00:14:01.938		0.93674			4
2025.12.08	00:14:03.439		0.93675			4
2025.12.08	00:14:06.758		0.93674			4
2025.12.08	00:14:10.638	0.93536				2
2025.12.08	00:14:13.037	0.93535				2
2025.12.08	00:14:16.039	0.93536				2
2025.12.08	00:14:19.037		0.93673			4
2025.12.08	00:14:22.339		0.93674			4
2025.12.08	00:14:23.538		0.93673			4
2025.12.08	00:14:28.939	0.93537				2
2025.12.08	00:14:31.640	0.93539	0.93671			6
2025.12.08	00:14:36.738		0.93670			4
2025.12.08	00:14:49.338	0.93540				2
2025.12.08	00:14:55.337		0.93669			4
2025.12.08	00:14:59.237		0.93670			4
2025.12.08	00:15:00.418	0.93537	0.93672			6
2025.12.08	00:15:00.738	0.93539	0.93671			6
2025.12.08	00:15:01.094	0.93538				2
2025.12.08	00:15:01.640	0.93539	0.93670			6
2025.12.08	00:15:02.023	0.93541	0.93668			6
2025.12.08	00:15:04.177	0.93543	0.93669			6
2025.12.08	00:15:05.240	0.93541	0.93670			6
2025.12.08	00:15:06.808	0.93537	0.93674			6
2025.12.08	00:15:07.228	0.93534	0.93677			6
2025.12.08	00:15:07.539	0.93532	0.93679			6
2025.12.08	00:15:08.342	0.93533				2
2025.12.08	00:15:09.438		0.93678			4
2025.12.08	00:15:12.895	0.93532	0.93679			6
2025.12.08	00:15:13.250		0.93680			4
2025.12.08	00:15:15.768	0.93529				2
2025.12.08	00:15:16.638		0.93679			4
2025.12.08	00:15:17.493	0.93531	0.93681			6
2025.12.08	00:15:18.207	0.93534	0.93678			6
2025.12.08	00:15:19.360	0.93535				2
2025.12.08	00:15:22.561	0.93529	0.93683			6
2025.12.08	00:15:23.192		0.93687			4
2025.12.08	00:15:27.029		0.93686			4
2025.12.08	00:15:27.528	0.93535	0.93672			6
2025.12.08	00:15:28.028	0.93533	0.93674			6
2025.12.08	00:15:29.238	0.93539				2
2025.12.08	00:15:32.239	0.93538				2
2025.12.08	00:15:32.571	0.93539				2
2025.12.08	00:15:35.239		0.93673			4
2025.12.08	00:15:37.716	0.93540				2
2025.12.08	00:15:38.698	0.93542	0.93666			6
2025.12.08	00:15:40.638	0.93541	0.93667			6
2025.12.08	00:15:41.827	0.93542	0.93666			6
2025.12.08	00:15:42.804	0.93541	0.93667			6
2025.12.08	00:15:43.816	0.93542	0.93666			6
2025.12.08	00:15:49.813	0.93541	0.93667			6
2025.12.08	00:15:50.803	0.93542	0.93666			6
2025.12.08	00:15:51.816	0.93540	0.93667			6
2025.12.08	00:15:52.823	0.93542	0.93666			6
2025.12.08	00:15:58.808	0.93541	0.93667			6
2025.12.08	00:16:00.139	0.93542	0.93666			6
2025.12.08	00:16:01.830	0.93541	0.93667			6
2025.12.08	00:16:03.810	0.93542	0.93666			6
2025.12.08	00:16:05.320	0.93541	0.93667			6
2025.12.08	00:16:08.352	0.93543	0.93665			6
2025.12.08	00:16:10.808	0.93542	0.93666			6
2025.12.08	00:16:11.240	0.93543	0.93665			6
2025.12.08	00:16:12.438	0.93542				2
2025.12.08	00:16:14.597	0.93543				2
2025.12.08	00:16:15.820	0.93540	0.93668			6
2025.12.08	00:16:16.801	0.93543	0.93665			6
2025.12.08	00:16:18.819	0.93541	0.93667			6
2025.12.08	00:16:19.753	0.93537	0.93671			6
2025.12.08	00:16:20.789	0.93538	0.93670			6
2025.12.08	00:16:21.836	0.93537	0.93671			6
2025.12.08	00:16:23.505	0.93533	0.93675			6
2025.12.08	00:16:24.741	0.93534	0.93674			6
2025.12.08	00:16:53.545	0.93533	0.93675			6
2025.12.08	00:17:00.441	0.93533				2
2025.12.08	00:17:07.857	0.93538	0.93670			6
2025.12.08	00:17:08.367	0.93536	0.93672			6
2025.12.08	00:17:08.722	0.93535	0.93673			6
2025.12.08	00:17:09.363	0.93536	0.93672			6
2025.12.08	00:17:10.639	0.93533	0.93675			6
2025.12.08	00:17:11.363	0.93537	0.93671			6
2025.12.08	00:17:11.838	0.93536				2
2025.12.08	00:17:14.309		0.93672			4
2025.12.08	00:17:14.837		0.93671			4
2025.12.08	00:17:21.437	0.93537				2
2025.12.08	00:17:22.038	0.93536				2
2025.12.08	00:17:24.442	0.93537				2
2025.12.08	00:17:25.640	0.93536				2
2025.12.08	00:17:26.540	0.93537				2
2025.12.08	00:17:27.139	0.93536				2
2025.12.08	00:17:27.739	0.93537				2
2025.12.08	00:17:28.940	0.93536				2
2025.12.08	00:17:29.918	0.93529	0.93685			6
2025.12.08	00:17:30.271		0.93690			4
2025.12.08	00:17:33.138		0.93691			4
2025.12.08	00:17:38.768		0.93692			4
2025.12.08	00:17:45.270		0.93730			4
2025.12.08	00:17:53.839		0.93707			4
2025.12.08	00:18:01.037	0.93529				2
2025.12.08	00:18:05.427		0.93729			4
2025.12.08	00:18:06.097		0.93733			4
2025.12.08	00:18:08.249		0.93723			4
2025.12.08	00:18:08.561		0.93740			4
2025.12.08	00:18:18.285		0.93729			4
2025.12.08	00:18:22.719		0.93720			4
2025.12.08	00:18:29.838		0.93719			4
2025.12.08	00:18:32.838		0.93720			4
2025.12.08	00:18:33.251		0.93715			4
2025.12.08	00:18:40.040		0.93714			4
2025.12.08	00:18:40.534		0.93715			4
2025.12.08	00:18:41.239		0.93714			4
2025.12.08	00:18:45.458		0.93715			4
2025.12.08	00:18:49.039		0.93713			4
2025.12.08	00:18:51.438		0.93714			4
2025.12.08	00:18:56.837		0.93713			4
2025.12.08	00:19:00.738	0.93529				2
2025.12.08	00:19:03.832		0.93717			4
2025.12.08	00:19:07.039		0.93716			4
2025.12.08	00:19:13.939		0.93717			4
2025.12.08	00:19:15.138		0.93716			4
2025.12.08	00:19:18.357		0.93715			4
2025.12.08	00:19:34.038		0.93714			4
2025.12.08	00:19:41.068		0.93715			4
2025.12.08	00:19:43.640		0.93714			4
2025.12.08	00:19:50.558		0.93713			4
2025.12.08	00:19:50.881		0.93711			4
2025.12.08	00:19:56.459		0.93712			4
2025.12.08	00:19:58.040		0.93713			4
2025.12.08	00:20:00.709	0.93529				2
2025.12.08	00:20:04.640		0.93712			4
2025.12.08	00:20:11.838	0.93532	0.93710			6
2025.12.08	00:20:12.911		0.93712			4
2025.12.08	00:20:27.739		0.93711			4
2025.12.08	00:20:47.042	0.93529				2
2025.12.08	00:20:49.065	0.93533				2
2025.12.08	00:20:58.659	0.93529	0.93707			6
2025.12.08	00:21:00.138	0.93529				2
2025.12.08	00:21:01.320	0.93533				2
2025.12.08	00:21:11.982	0.93531	0.93712			6
2025.12.08	00:21:12.469	0.93532				2
2025.12.08	00:21:13.337		0.93711			4
2025.12.08	00:21:57.608	0.93539	0.93714			6
2025.12.08	00:22:00.138	0.93539				2
2025.12.08	00:22:02.838		0.93713			4
2025.12.08	00:22:09.914		0.93712			4
2025.12.08	00:22:53.539		0.93711			4
2025.12.08	00:22:56.963	0.93527	0.93701			6
2025.12.08	00:22:57.279		0.93698			4
2025.12.08	00:22:58.341		0.93699			4
2025.12.08	00:22:59.038		0.93700			4
2025.12.08	00:23:01.536	0.93527	0.93696			6
2025.12.08	00:23:02.499		0.93697			4
2025.12.08	00:23:03.042		0.93700			4
2025.12.08	00:23:04.037		0.93704			4
2025.12.08	00:23:05.035		0.93706			4
2025.12.08	00:23:09.439		0.93705			4
2025.12.08	00:23:10.539		0.93706			4
2025.12.08	00:23:11.838		0.93707			4
2025.12.08	00:23:14.839		0.93708			4
2025.12.08	00:23:17.538		0.93709			4
2025.12.08	00:23:57.738		0.93708			4
2025.12.08	00:24:00.438	0.93527				2
2025.12.08	00:24:33.499		0.93709			4
2025.12.08	00:24:34.939		0.93708			4
2025.12.08	00:24:47.501		0.93709			4
2025.12.08	00:24:49.037		0.93708			4
2025.12.08	00:24:59.158		0.93709			4
2025.12.08	00:25:00.374	0.93527				2
2025.12.08	00:25:04.063		0.93710			4
2025.12.08	00:25:17.501		0.93711			4
2025.12.08	00:25:39.502		0.93712			4
2025.12.08	00:25:40.938		0.93711			4
2025.12.08	00:25:44.503		0.93712			4
2025.12.08	00:25:48.001		0.93711			4
2025.12.08	00:25:50.501		0.93712			4
2025.12.08	00:26:00.138	0.93527				2
2025.12.08	00:26:36.500		0.93713			4
2025.12.08	00:27:01.001	0.93527				2
2025.12.08	00:27:07.640		0.93715			4
2025.12.08	00:27:50.495		0.93714			4
2025.12.08	00:28:00.945	0.93527				2
2025.12.08	00:28:50.534		0.93714			4
2025.12.08	00:29:02.502	0.93527				2
2025.12.08	00:29:12.332	0.93539	0.93716			6
2025.12.08	00:29:12.680	0.93538				2
2025.12.08	00:29:14.967	0.93539				2
2025.12.08	00:29:38.630		0.93717			4
2025.12.08	00:29:41.840		0.93716			4
2025.12.08	00:30:00.137	0.93540				2
2025.12.08	00:30:00.628		0.93717			4
2025.12.08	00:30:08.548		0.93716			4
2025.12.08	00:30:10.039		0.93717			4
2025.12.08	00:30:10.939		0.93716			4
2025.12.08	00:30:15.396	0.93560				2
2025.12.08	00:30:15.881	0.93543				2
2025.12.08	00:30:16.333	0.93569				2
2025.12.08	00:30:16.638	0.93548				2
2025.12.08	00:30:17.383	0.93563				2
2025.12.08	00:30:17.870	0.93548				2
2025.12.08	00:30:18.268	0.93560	0.93719			6
2025.12.08	00:30:18.739	0.93545				2
2025.12.08	00:30:19.332	0.93560				2
2025.12.08	00:30:19.766	0.93552				2
2025.12.08	00:30:22.067		0.93720			4
2025.12.08	00:30:24.141		0.93719			4
2025.12.08	00:30:27.440		0.93717			4
2025.12.08	00:30:27.934	0.93561				2
2025.12.08	00:30:28.483	0.93548	0.93720			6
2025.12.08	00:30:28.935	0.93562				2
2025.12.08	00:30:29.444	0.93550				2
2025.12.08	00:30:31.393	0.93558	0.93719			6
2025.12.08	00:30:31.893	0.93549				2
2025.12.08	00:30:32.395	0.93550				2
2025.12.08	00:30:33.394	0.93558				2
2025.12.08	00:30:33.894	0.93547	0.93718			6
2025.12.08	00:30:34.396	0.93550				2
2025.12.08	00:30:37.338		0.93717			4
2025.12.08	00:30:39.394		0.93718			4
2025.12.08	00:30:40.338		0.93717			4
2025.12.08	00:30:43.394		0.93716			4
2025.12.08	00:30:45.396	0.93559				2
2025.12.08	00:30:45.894	0.93550	0.93721			6
2025.12.08	00:30:46.639		0.93720			4
2025.12.08	00:30:47.941		0.93722			4
2025.12.08	00:30:49.339		0.93721			4
2025.12.08	00:30:52.338		0.93720			4
2025.12.08	00:30:54.053		0.93723			4
2025.12.08	00:30:55.178		0.93722			4
2025.12.08	00:30:55.555	0.93560	0.93724			6
2025.12.08	00:30:55.938		0.93725			4
2025.12.08	00:30:56.698	0.93543				2
2025.12.08	00:30:57.085	0.93545	0.93718			6
2025.12.08	00:30:57.586		0.93717			4
2025.12.08	00:30:58.082	0.93542				2
2025.12.08	00:30:59.587	0.93541				2
2025.12.08	00:31:00.050	0.93541				2
2025.12.08	00:31:00.552	0.93542				2
2025.12.08	00:31:03.049	0.93543				2
2025.12.08	00:31:03.438		0.93716			4
2025.12.08	00:31:07.963	0.93540	0.93715			6
2025.12.08	00:31:08.349	0.93545	0.93716			6
2025.12.08	00:31:09.138		0.93715			4
2025.12.08	00:31:09.801	0.93542	0.93713			6
2025.12.08	00:31:10.306		0.93716			4
2025.12.08	00:31:11.938		0.93708			4
2025.12.08	00:31:13.934		0.93710			4
2025.12.08	00:31:19.934		0.93707			4
2025.12.08	00:31:20.239		0.93704			4
2025.12.08	00:31:21.316		0.93705			4
2025.12.08	00:31:27.094		0.93704			4
2025.12.08	00:31:28.639		0.93705			4
2025.12.08	00:31:34.339		0.93704			4
2025.12.08	00:31:40.338		0.93705			4
2025.12.08	00:31:41.838		0.93704			4
2025.12.08	00:31:52.946		0.93706			4
2025.12.08	00:31:53.871		0.93707			4
2025.12.08	00:31:54.716		0.93708			4
2025.12.08	00:31:57.044		0.93705			4
2025.12.08	00:31:57.588	0.93541				2
2025.12.08	00:32:00.946	0.93541				2
2025.12.08	00:32:05.429	0.93542	0.93708			6
2025.12.08	00:32:05.931	0.93541				2
2025.12.08	00:32:06.931	0.93542				2
2025.12.08	00:32:07.431	0.93541				2
2025.12.08	00:32:07.931	0.93542	0.93703			6
2025.12.08	00:32:08.430	0.93541				2
2025.12.08	00:32:09.139		0.93704			4
2025.12.08	00:32:23.015	0.93542	0.93706			6
2025.12.08	00:32:23.535	0.93541				2
2025.12.08	00:32:24.438	0.93542				2
2025.12.08	00:32:25.036	0.93541				2
2025.12.08	00:32:25.520	0.93542				2
2025.12.08	00:32:25.938	0.93541	0.93708			6
2025.12.08	00:32:26.521	0.93542				2
2025.12.08	00:32:27.439		0.93707			4
2025.12.08	00:32:36.373		0.93705			4
2025.12.08	00:32:36.687	0.93541				2
2025.12.08	00:32:40.498	0.93542	0.93704			6
2025.12.08	00:32:55.529	0.93543	0.93707			6
2025.12.08	00:32:55.833	0.93541				2
2025.12.08	00:32:57.970	0.93542				2
2025.12.08	00:33:01.339	0.93542	0.93708			6
2025.12.08	00:33:03.575		0.93706			4
2025.12.08	00:33:04.971		0.93708			4
2025.12.08	00:33:07.504		0.93707			4
2025.12.08	00:33:08.241		0.93706			4
2025.12.08	00:33:10.529		0.93708			4
2025.12.08	00:33:12.084		0.93705			4
2025.12.08	00:33:13.338		0.93704			4
2025.12.08	00:33:22.338		0.93703			4
2025.12.08	00:33:23.839		0.93704			4
2025.12.08	00:33:27.096		0.93706			4
2025.12.08	00:33:28.639		0.93707			4
2025.12.08	00:33:29.238		0.93708			4
2025.12.08	00:33:31.637		0.93706			4
2025.12.08	00:33:33.172		0.93708			4
2025.12.08	00:33:42.045		0.93703			4
2025.12.08	00:33:47.117	0.93546	0.93706			6
2025.12.08	00:33:47.615	0.93533				2
2025.12.08	00:33:49.040		0.93705			4
2025.12.08	00:33:50.372		0.93703			4
2025.12.08	00:33:51.315	0.93530	0.93701			6
2025.12.08	00:33:53.384		0.93700			4
2025.12.08	00:33:54.889	0.93548	0.93703			6
2025.12.08	00:34:00.313	0.93548				2
2025.12.08	00:34:05.238		0.93705			4
2025.12.08	00:34:07.540		0.93704			4
2025.12.08	00:34:10.180		0.93703			4
2025.12.08	00:34:17.721		0.93704			4
2025.12.08	00:34:20.377		0.93705			4
2025.12.08	00:34:27.982	0.93547				2
2025.12.08	00:34:47.238		0.93704			4
2025.12.08	00:34:50.377		0.93707			4
2025.12.08	00:34:50.955	0.93544				2
2025.12.08	00:34:51.738		0.93708			4
2025.12.08	00:34:52.512	0.93545	0.93709			6
2025.12.08	00:34:53.009	0.93544				2
2025.12.08	00:34:57.138		0.93708			4
2025.12.08	00:35:00.651	0.93544				2
2025.12.08	00:35:03.738		0.93709			4
2025.12.08	00:35:05.238	0.93545				2
2025.12.08	00:35:06.771		0.93707			4
2025.12.08	00:35:07.940		0.93706			4
2025.12.08	00:35:08.515		0.93704			4
2025.12.08	00:35:10.003		0.93700			4
2025.12.08	00:35:11.094	0.93550				2
2025.12.08	00:35:11.591	0.93545				2
2025.12.08	00:35:12.102		0.93698			4
2025.12.08	00:35:12.592	0.93549				2
2025.12.08	00:35:13.458	0.93532	0.93697			6
2025.12.08	00:35:14.590	0.93550				2
2025.12.08	00:35:15.089	0.93532				2
2025.12.08	00:35:15.660	0.93530				2
2025.12.08	00:35:16.209	0.93533				2
2025.12.08	00:35:16.660	0.93530	0.93696			6
2025.12.08	00:35:17.660	0.93538				2
2025.12.08	00:35:18.160	0.93530				2
2025.12.08	00:35:18.659	0.93531				2
2025.12.08	00:35:19.276	0.93545				2
2025.12.08	00:35:19.660	0.93546				2
2025.12.08	00:35:19.975		0.93695			4
2025.12.08	00:35:20.286	0.93530	0.93696			6
2025.12.08	00:35:20.787		0.93697			4
2025.12.08	00:35:21.099		0.93695			4
2025.12.08	00:35:21.739	0.93546				2
2025.12.08	00:35:22.293	0.93552	0.93696			6
2025.12.08	00:35:22.614	0.93536				2
2025.12.08	00:35:24.387	0.93530				2
2025.12.08	00:35:25.021		0.93699			4
2025.12.08	00:35:25.770	0.93543				2
2025.12.08	00:35:26.132	0.93546				2
2025.12.08	00:35:26.805	0.93530				2
2025.12.08	00:35:27.783	0.93538	0.93701			6
2025.12.08	00:35:28.097	0.93539	0.93699			6
2025.12.08	00:35:28.397	0.93530	0.93697			6
2025.12.08	00:35:28.723		0.93698			4
2025.12.08	00:35:30.097		0.93696			4
2025.12.08	00:35:35.213		0.93697			4
2025.12.08	00:35:35.795		0.93696			4
2025.12.08	00:35:36.839		0.93695			4
2025.12.08	00:35:37.224		0.93696			4
2025.12.08	00:35:38.458	0.93539	0.93697			6
2025.12.08	00:35:40.040	0.93547				2
2025.12.08	00:35:44.535	0.93534				2
2025.12.08	00:35:44.986	0.93532	0.93701			6
2025.12.08	00:35:45.988		0.93695			4
2025.12.08	00:35:46.640		0.93696			4
2025.12.08	00:35:49.003	0.93533				2
2025.12.08	00:35:51.624	0.93548				2
2025.12.08	00:35:53.488	0.93546	0.93699			6
2025.12.08	00:35:55.376	0.93536				2
2025.12.08	00:35:55.876	0.93541				2
2025.12.08	00:36:00.438	0.93532	0.93700			6
2025.12.08	00:36:01.522	0.93541				2
2025.12.08	00:36:01.973	0.93542				2
2025.12.08	00:36:02.480	0.93541				2
2025.12.08	00:36:02.837	0.93542				2
2025.12.08	00:36:05.364	0.93530				2
2025.12.08	00:36:06.369	0.93542				2
2025.12.08	00:36:06.939	0.93537	0.93701			6
2025.12.08	00:36:09.168		0.93702			4
2025.12.08	00:36:09.478		0.93700			4
2025.12.08	00:36:10.376		0.93703			4
2025.12.08	00:36:11.214	0.93552	0.93709			6
2025.12.08	00:36:11.528	0.93551	0.93710			6
2025.12.08	00:36:11.895	0.93546	0.93707			6
2025.12.08	00:36:12.339	0.93545	0.93706			6
2025.12.08	00:36:12.739	0.93544				2
2025.12.08	00:36:13.083	0.93545	0.93710			6
2025.12.08	00:36:13.385	0.93541				2
2025.12.08	00:36:14.537	0.93530				2
2025.12.08	00:36:15.777	0.93545	0.93705			6
2025.12.08	00:36:16.550		0.93708			4
2025.12.08	00:36:17.328	0.93548	0.93703			6
2025.12.08	00:36:17.648	0.93547				2
2025.12.08	00:36:18.107	0.93542	0.93708			6
2025.12.08	00:36:18.967	0.93553				2
2025.12.08	00:36:19.420	0.93550	0.93709			6
2025.12.08	00:36:19.824	0.93548	0.93707			6
2025.12.08	00:36:20.132		0.93709			4
2025.12.08	00:36:20.434	0.93538				2
2025.12.08	00:36:21.369	0.93548				2
2025.12.08	00:36:22.225	0.93547	0.93710			6
2025.12.08	00:36:23.380	0.93539	0.93709			6
2025.12.08	00:36:23.682	0.93543				2
2025.12.08	00:36:24.138		0.93710			4
2025.12.08	00:36:27.168	0.93547				2
2025.12.08	00:36:27.991	0.93538				2
2025.12.08	00:36:30.877	0.93550				2
2025.12.08	00:36:33.325	0.93553				2
2025.12.08	00:36:33.738	0.93536				2
2025.12.08	00:36:34.744	0.93545				2
2025.12.08	00:36:35.239	0.93534	0.93711			6
2025.12.08	00:36:36.435	0.93543				2
2025.12.08	00:36:36.982	0.93539				2
2025.12.08	00:36:38.130		0.93708			4
2025.12.08	00:36:40.661	0.93553	0.93705			6
2025.12.08	00:36:41.002	0.93547	0.93708			6
2025.12.08	00:36:42.676	0.93550				2
2025.12.08	00:36:43.371	0.93549	0.93707			6
2025.12.08	00:36:43.873	0.93543	0.93708			6
2025.12.08	00:36:45.379	0.93540				2
2025.12.08	00:36:46.150	0.93542				2
2025.12.08	00:36:47.839	0.93545				2
2025.12.08	00:36:48.146	0.93555	0.93705			6
2025.12.08	00:36:48.505	0.93538	0.93708			6
2025.12.08	00:36:49.156		0.93713			4
2025.12.08	00:36:49.563		0.93709			4
2025.12.08	00:36:50.641		0.93708			4
2025.12.08	00:36:51.147		0.93704			4
2025.12.08	00:36:53.153	0.93533				2
2025.12.08	00:36:53.643	0.93538				2
2025.12.08	00:36:54.142	0.93533				2
2025.12.08	00:36:54.643	0.93538				2
2025.12.08	00:36:55.143	0.93533				2
2025.12.08	00:36:55.639	0.93538	0.93703			6
2025.12.08	00:36:55.968	0.93533	0.93705			6
2025.12.08	00:36:56.643	0.93538				2
2025.12.08	00:36:57.141	0.93533				2
2025.12.08	00:36:57.643	0.93538				2
2025.12.08	00:36:58.143	0.93533				2
2025.12.08	00:36:58.643	0.93538				2
2025.12.08	00:36:59.568		0.93703			4
2025.12.08	00:37:00.643	0.93538				2
2025.12.08	00:37:02.302		0.93705			4
2025.12.08	00:37:02.963		0.93703			4
2025.12.08	00:37:04.204		0.93705			4
2025.12.08	00:37:05.257		0.93702			4
2025.12.08	00:37:06.248		0.93703			4
2025.12.08	00:37:07.937		0.93701			4
2025.12.08	00:37:13.633	0.93557	0.93709			6
2025.12.08	00:37:14.838	0.93558				2
2025.12.08	00:37:15.174	0.93556	0.93711			6
2025.12.08	00:37:16.103	0.93554	0.93710			6
2025.12.08	00:37:16.405	0.93557	0.93708			6
2025.12.08	00:37:16.768	0.93546				2
2025.12.08	00:37:19.639		0.93707			4
2025.12.08	00:37:20.307	0.93554				2
2025.12.08	00:37:20.838	0.93553				2
2025.12.08	00:37:21.192	0.93539	0.93709			6
2025.12.08	00:37:22.340	0.93540				2
2025.12.08	00:37:23.258	0.93539	0.93710			6
2025.12.08	00:37:23.944		0.93708			4
2025.12.08	00:37:24.619	0.93551	0.93710			6
2025.12.08	00:37:25.191	0.93552	0.93709			6
2025.12.08	00:37:25.653	0.93547				2
2025.12.08	00:37:25.960	0.93554	0.93708			6
2025.12.08	00:37:26.263	0.93543				2
2025.12.08	00:37:26.732	0.93549				2
2025.12.08	00:37:28.038	0.93553				2
2025.12.08	00:37:28.532	0.93551				2
2025.12.08	00:37:28.971	0.93550				2
2025.12.08	00:37:29.626	0.93553	0.93710			6
2025.12.08	00:37:30.154	0.93547	0.93707			6
2025.12.08	00:37:32.728	0.93550	0.93709			6
2025.12.08	00:37:33.139		0.93708			4
2025.12.08	00:37:34.328	0.93551	0.93707			6
2025.12.08	00:37:34.803	0.93547	0.93706			6
2025.12.08	00:37:35.256	0.93540	0.93708			6
2025.12.08	00:37:35.594	0.93546				2
2025.12.08	00:37:36.272	0.93543				2
2025.12.08	00:37:37.730	0.93557	0.93704			6
2025.12.08	00:37:38.730		0.93706			4
2025.12.08	00:37:39.328		0.93704			4
2025.12.08	00:37:39.630		0.93705			4
2025.12.08	00:37:39.945		0.93702			4
2025.12.08	00:37:40.252	0.93542	0.93705			6
2025.12.08	00:37:40.821	0.93557				2
2025.12.08	00:37:44.107	0.93558	0.93704			6
2025.12.08	00:37:45.138	0.93557				2
2025.12.08	00:37:45.533	0.93558				2
2025.12.08	00:37:46.112	0.93557				2
2025.12.08	00:37:46.510	0.93558				2
2025.12.08	00:37:47.239	0.93553				2
2025.12.08	00:37:47.611	0.93558				2
2025.12.08	00:37:49.522	0.93557	0.93705			6
2025.12.08	00:37:50.113	0.93540				2
2025.12.08	00:37:52.228		0.93704			4
2025.12.08	00:37:52.638	0.93545	0.93705			6
2025.12.08	00:37:53.763	0.93547				2
2025.12.08	00:37:55.573	0.93554	0.93703			6
2025.12.08	00:37:56.668	0.93543	0.93704			6
2025.12.08	00:37:57.036	0.93556	0.93702			6
2025.12.08	00:38:00.138	0.93556	0.93701			6
2025.12.08	00:38:01.482	0.93541	0.93703			6
2025.12.08	00:38:04.970	0.93553	0.93701			6
2025.12.08	00:38:06.139		0.93700			4
2025.12.08	00:38:09.934	0.93536	0.93701			6
2025.12.08	00:38:10.434	0.93552	0.93700			6
2025.12.08	00:38:10.933	0.93536	0.93701			6
2025.12.08	00:38:11.435	0.93552	0.93699			6
2025.12.08	00:38:13.684		0.93700			4
2025.12.08	00:38:14.695		0.93698			4
2025.12.08	00:38:23.239		0.93697			4
2025.12.08	00:38:24.138		0.93696			4
2025.12.08	00:38:26.257	0.93551				2
2025.12.08	00:38:28.040		0.93695			4
2025.12.08	00:38:29.571		0.93696			4
2025.12.08	00:38:33.314	0.93543				2
2025.12.08	00:38:34.490	0.93530				2
2025.12.08	00:38:36.139		0.93695			4
2025.12.08	00:38:41.262	0.93544	0.93694			6
2025.12.08	00:38:43.037		0.93695			4
2025.12.08	00:38:46.293		0.93694			4
2025.12.08	00:38:56.262	0.93543	0.93696			6
2025.12.08	00:38:58.040	0.93555				2
2025.12.08	00:38:59.821	0.93567				2
2025.12.08	00:39:00.534	0.93567				2
2025.12.08	00:39:01.339		0.93695			4
2025.12.08	00:39:02.238		0.93696			4
2025.12.08	00:39:07.639		0.93697			4
2025.12.08	00:39:11.679	0.93566	0.93696			6
2025.12.08	00:39:12.105	0.93549				2
2025.12.08	00:39:13.981	0.93558	0.93694			6
2025.12.08	00:39:14.510		0.93695			4
2025.12.08	00:39:20.257	0.93552	0.93694			6
2025.12.08	00:39:23.331		0.93697			4
2025.12.08	00:39:28.225	0.93551				2
2025.12.08	00:39:28.804	0.93552				2
2025.12.08	00:39:29.227		0.93698			4
2025.12.08	00:39:29.583		0.93699			4
2025.12.08	00:39:32.538		0.93698			4
2025.12.08	00:39:43.769	0.93551				2
2025.12.08	00:39:46.338		0.93697			4
2025.12.08	00:39:54.694	0.93550	0.93696			6
2025.12.08	00:39:57.686	0.93545	0.93695			6
2025.12.08	00:39:58.767	0.93544	0.93696			6
2025.12.08	00:39:59.192	0.93542				2
2025.12.08	00:39:59.854	0.93546				2
2025.12.08	00:40:00.442	0.93546				2
2025.12.08	00:40:01.431	0.93542				2
2025.12.08	00:40:02.617	0.93546				2
2025.12.08	00:40:04.840	0.93552	0.93697			6
2025.12.08	00:40:05.344	0.93548				2
2025.12.08	00:40:14.538		0.93696			4
2025.12.08	00:40:14.850	0.93553	0.93695			6
2025.12.08	00:40:15.455	0.93543				2
2025.12.08	00:40:15.863	0.93550				2
2025.12.08	00:40:16.351	0.93556				2
2025.12.08	00:40:16.852	0.93560				2
2025.12.08	00:40:17.428	0.93542				2
2025.12.08	00:40:17.850	0.93538				2
2025.12.08	00:40:18.354	0.93543				2
2025.12.08	00:40:19.124	0.93547				2
2025.12.08	00:40:29.972		0.93696			4
2025.12.08	00:40:30.597	0.93546				2
2025.12.08	00:40:31.097	0.93545				2
2025.12.08	00:40:31.430	0.93551	0.93695			6
2025.12.08	00:40:31.991	0.93550				2
2025.12.08	00:40:33.096	0.93554				2
2025.12.08	00:40:33.599	0.93551				2
2025.12.08	00:40:44.698		0.93697			4
2025.12.08	00:40:47.940	0.93549				2
2025.12.08	00:40:48.337	0.93545				2
2025.12.08	00:41:00.202	0.93545				2
2025.12.08	00:41:03.013	0.93559				2
2025.12.08	00:41:03.331	0.93550				2
2025.12.08	00:41:25.317		0.93695			4
2025.12.08	00:41:25.819		0.93697			4
2025.12.08	00:41:31.151	0.93549				2
2025.12.08	00:41:36.138	0.93551				2
2025.12.08	00:41:46.267	0.93546				2
2025.12.08	00:41:47.267	0.93554	0.93694			6
2025.12.08	00:41:47.702		0.93693			4
2025.12.08	00:41:48.058	0.93563				2
2025.12.08	00:41:48.738		0.93694			4
2025.12.08	00:41:49.803	0.93557				2
2025.12.08	00:41:52.373		0.93693			4
2025.12.08	00:41:53.214	0.93553				2
2025.12.08	00:42:00.738	0.93553				2
2025.12.08	00:42:02.479	0.93557				2
2025.12.08	00:42:07.616	0.93553				2
2025.12.08	00:42:07.939	0.93546				2
2025.12.08	00:42:22.617	0.93540				2
2025.12.08	00:42:37.648		0.93692			4
2025.12.08	00:42:40.576	0.93544	0.93689			6
2025.12.08	00:42:41.399	0.93556				2
2025.12.08	00:42:43.945		0.93688			4
2025.12.08	00:42:44.472	0.93541	0.93692			6
2025.12.08	00:42:59.650		0.93691			4
2025.12.08	00:43:00.206	0.93538	0.93694			6
2025.12.08	00:43:11.114	0.93544				2
2025.12.08	00:43:14.332	0.93539				2
2025.12.08	00:43:18.337	0.93546				2
2025.12.08	00:43:25.113	0.93550				2
2025.12.08	00:43:29.331	0.93529	0.93697			6
2025.12.08	00:43:29.987	0.93548				2
2025.12.08	00:43:30.487	0.93544				2
2025.12.08	00:43:37.702		0.93695			4
2025.12.08	00:43:38.337	0.93547	0.93694			6
2025.12.08	00:43:39.222		0.93695			4
2025.12.08	00:43:40.336		0.93696			4
2025.12.08	00:43:41.537		0.93697			4
2025.12.08	00:43:44.347	0.93543				2
2025.12.08	00:43:44.655	0.93551				2
2025.12.08	00:43:44.960	0.93542				2
2025.12.08	00:43:45.909		0.93698			4
2025.12.08	00:43:47.336	0.93550				2
2025.12.08	00:43:47.837	0.93551				2
2025.12.08	00:43:48.139	0.93549				2
2025.12.08	00:43:48.458	0.93544				2
2025.12.08	00:43:48.877	0.93554				2
2025.12.08	00:43:49.344	0.93539				2
2025.12.08	00:43:53.336	0.93555				2
2025.12.08	00:43:53.702	0.93556	0.93699			6
2025.12.08	00:43:54.652		0.93697			4
2025.12.08	00:43:57.202	0.93554				2
2025.12.08	00:44:00.138	0.93554				2
2025.12.08	00:44:08.839		0.93696			4
2025.12.08	00:44:12.438	0.93552				2
2025.12.08	00:44:19.854	0.93554				2
2025.12.08	00:44:20.946	0.93547				2
2025.12.08	00:44:21.293	0.93551	0.93697			6
2025.12.08	00:44:38.841		0.93696			4
2025.12.08	00:44:39.911	0.93553	0.93697			6
2025.12.08	00:44:43.657	0.93571	0.93699			6
2025.12.08	00:44:44.154	0.93556	0.93690			6
2025.12.08	00:44:44.466	0.93545	0.93693			6
2025.12.08	00:44:44.816	0.93544				2
2025.12.08	00:44:48.064	0.93560	0.93694			6
2025.12.08	00:44:51.180	0.93551	0.93690			6
2025.12.08	00:44:51.683	0.93546				2
2025.12.08	00:44:52.940	0.93552				2
2025.12.08	00:44:53.571		0.93686			4
2025.12.08	00:44:54.301		0.93688			4
2025.12.08	00:44:58.039		0.93689			4
2025.12.08	00:44:58.866	0.93530	0.93691			6
2025.12.08	00:44:59.336	0.93535	0.93692			6
2025.12.08	00:45:00.059	0.93535	0.93691			6
2025.12.08	00:45:01.067	0.93536				2
2025.12.08	00:45:01.551	0.93535				2
2025.12.08	00:45:02.773	0.93538				2
2025.12.08	00:45:03.186	0.93548	0.93699			6
2025.12.08	00:45:03.792	0.93578	0.93692			6
2025.12.08	00:45:05.372	0.93580	0.93700			6
2025.12.08	00:45:06.661	0.93541	0.93694			6
2025.12.08	00:45:07.179	0.93536				2
2025.12.08	00:45:07.677	0.93541				2
2025.12.08	00:45:08.239	0.93536				2
2025.12.08	00:45:08.585	0.93541				2
2025.12.08	00:45:11.414	0.93559	0.93676			6
2025.12.08	00:45:14.195	0.93548	0.93674			6
2025.12.08	00:45:14.548	0.93553	0.93675			6
2025.12.08	00:45:14.988	0.93556				2
2025.12.08	00:45:15.294		0.93674			4
2025.12.08	00:45:15.629	0.93562				2
2025.12.08	00:45:16.425		0.93675			4
2025.12.08	00:45:17.682		0.93676			4
2025.12.08	00:45:21.440		0.93675			4
2025.12.08	00:45:22.504		0.93677			4
2025.12.08	00:45:22.935		0.93676			4
2025.12.08	00:45:31.778	0.93557	0.93675			6
2025.12.08	00:45:32.181	0.93575	0.93677			6
2025.12.08	00:45:32.872		0.93675			4
2025.12.08	00:45:33.426	0.93576	0.93674			6
2025.12.08	00:45:34.625	0.93575	0.93675			6
2025.12.08	00:45:37.554		0.93676			4
2025.12.08	00:45:40.629	0.93571	0.93675			6
2025.12.08	00:45:40.942	0.93553	0.93673			6
2025.12.08	00:45:41.629	0.93559				2
2025.12.08	00:45:42.126	0.93571	0.93674			6
2025.12.08	00:45:43.105		0.93673			4
2025.12.08	00:45:45.303		0.93672			4
2025.12.08	00:45:45.624		0.93673			4
2025.12.08	00:45:48.072	0.93572	0.93676			6
2025.12.08	00:45:48.833	0.93573	0.93677			6
2025.12.08	00:45:49.188	0.93576	0.93673			6
2025.12.08	00:45:49.648	0.93572				2
2025.12.08	00:45:50.072	0.93573	0.93676			6
2025.12.08	00:45:50.379	0.93577				2
2025.12.08	00:45:50.724	0.93571				2
2025.12.08	00:45:51.072	0.93578	0.93677			6
2025.12.08	00:45:55.859	0.93574	0.93676			6
2025.12.08	00:45:56.762		0.93678			4
2025.12.08	00:45:58.357	0.93578				2
2025.12.08	00:45:58.664	0.93572	0.93682			6
2025.12.08	00:45:59.296	0.93573				2
2025.12.08	00:46:00.739	0.93573				2
2025.12.08	00:46:01.337	0.93569				2
2025.12.08	00:46:05.250	0.93568				2
2025.12.08	00:46:10.989		0.93681			4
2025.12.08	00:46:13.371		0.93682			4
2025.12.08	00:46:14.543		0.93681			4
2025.12.08	00:46:15.945	0.93567				2
2025.12.08	00:46:16.498	0.93581				2
2025.12.08	00:46:16.826	0.93570				2
2025.12.08	00:46:17.209	0.93581				2
2025.12.08	00:46:17.514		0.93680			4
2025.12.08	00:46:17.947	0.93569				2
2025.12.08	00:46:18.499	0.93582				2
2025.12.08	00:46:18.950	0.93570				2
2025.12.08	00:46:23.241		0.93679			4
2025.12.08	00:46:34.026	0.93564				2
2025.12.08	00:46:34.473	0.93571				2
2025.12.08	00:46:34.975	0.93567				2
2025.12.08	00:46:35.474	0.93571				2
2025.12.08	00:46:42.364		0.93677			4
2025.12.08	00:46:42.791		0.93678			4
2025.12.08	00:46:48.083		0.93677			4
2025.12.08	00:46:50.577	0.93570				2
2025.12.08	00:46:51.836	0.93576				2
2025.12.08	00:46:52.137	0.93572				2
2025.12.08	00:46:53.704	0.93573				2
2025.12.08	00:46:54.139	0.93569				2
2025.12.08	00:46:55.426		0.93676			4
2025.12.08	00:46:56.839		0.93677			4
2025.12.08	00:46:58.504		0.93679			4
2025.12.08	00:46:59.258		0.93678			4
2025.12.08	00:47:00.739	0.93569				2
2025.12.08	00:47:03.144	0.93540	0.93702			6
2025.12.08	00:47:05.011	0.93554				2
2025.12.08	00:47:05.642	0.93553				2
2025.12.08	00:47:06.264	0.93554	0.93701			6
2025.12.08	00:47:06.567	0.93569	0.93678			6
2025.12.08	00:47:08.780	0.93567				2
2025.12.08	00:47:10.278	0.93568				2
2025.12.08	00:47:10.705	0.93572				2
2025.12.08	00:47:11.204	0.93568				2
2025.12.08	00:47:11.539	0.93573				2
2025.12.08	00:47:12.204	0.93568				2
2025.12.08	00:47:12.705	0.93578				2
2025.12.08	00:47:13.019	0.93567	0.93677			6
2025.12.08	00:47:13.340		0.93678			4
2025.12.08	00:47:13.782	0.93568				2
2025.12.08	00:47:14.539		0.93677			4
2025.12.08	00:47:28.839	0.93561	0.93679			6
2025.12.08	00:47:29.337	0.93567				2
2025.12.08	00:47:29.915	0.93578	0.93678			6
2025.12.08	00:47:30.837	0.93569				2
2025.12.08	00:47:45.586	0.93565				2
2025.12.08	00:47:45.998	0.93563				2
2025.12.08	00:47:46.998	0.93565				2
2025.12.08	00:47:55.972		0.93677			4
2025.12.08	00:47:56.452		0.93679			4
2025.12.08	00:47:56.843		0.93677			4
2025.12.08	00:47:57.229		0.93675			4
2025.12.08	00:47:57.535		0.93674			4
2025.12.08	00:47:58.975	0.93567				2
2025.12.08	00:47:59.401		0.93675			4
2025.12.08	00:48:00.438	0.93567				2
2025.12.08	00:48:09.456		0.93671			4
2025.12.08	00:48:16.208		0.93672			4
2025.12.08	00:48:17.259	0.93566	0.93673			6
2025.12.08	00:48:20.297		0.93674			4
2025.12.08	00:48:31.208		0.93672			4
2025.12.08	00:48:33.307	0.93567				2
2025.12.08	00:48:33.807	0.93569				2
2025.12.08	00:48:34.148	0.93571				2
2025.12.08	00:48:36.015	0.93567				2
2025.12.08	00:48:40.728	0.93578				2
2025.12.08	00:48:41.305	0.93567				2
2025.12.08	00:48:41.822	0.93566				2
2025.12.08	00:48:42.310	0.93567				2
2025.12.08	00:48:51.810	0.93571				2
2025.12.08	00:48:52.145	0.93567				2
2025.12.08	00:48:52.811	0.93571				2
2025.12.08	00:48:53.238	0.93567				2
2025.12.08	00:48:53.797	0.93571				2
2025.12.08	00:48:54.159	0.93567				2
2025.12.08	00:48:54.517	0.93571				2
2025.12.08	00:48:55.238	0.93567				2
2025.12.08	00:48:55.601	0.93571				2
2025.12.08	00:48:55.959		0.93674			4
2025.12.08	00:48:56.309	0.93567				2
2025.12.08	00:48:56.810	0.93571				2
2025.12.08	00:48:57.308	0.93567				2
2025.12.08	00:48:57.813	0.93571				2
2025.12.08	00:48:58.310	0.93567				2
2025.12.08	00:48:58.811	0.93571				2
2025.12.08	00:48:59.309	0.93567				2
2025.12.08	00:49:00.535	0.93567				2
2025.12.08	00:49:05.297		0.93673			4
2025.12.08	00:49:16.233		0.93674			4
2025.12.08	00:49:17.021	0.93563	0.93673			6
2025.12.08	00:49:17.332	0.93574				2
2025.12.08	00:49:17.833	0.93570				2
2025.12.08	00:49:18.333	0.93571				2
2025.12.08	00:49:20.285	0.93563	0.93675			6
2025.12.08	00:49:20.702	0.93571				2
2025.12.08	00:49:21.332	0.93568				2
2025.12.08	00:49:22.078	0.93567				2
2025.12.08	00:49:22.571	0.93571				2
2025.12.08	00:49:25.226		0.93671			4
2025.12.08	00:49:25.796		0.93672			4
2025.12.08	00:49:35.356		0.93673			4
2025.12.08	00:49:35.734		0.93671			4
2025.12.08	00:49:36.085	0.93567				2
2025.12.08	00:49:36.854	0.93571				2
2025.12.08	00:49:50.641	0.93576				2
2025.12.08	00:49:50.945	0.93570	0.93670			6
2025.12.08	00:49:51.662	0.93566				2
2025.12.08	00:49:55.937	0.93574				2
2025.12.08	00:49:58.338	0.93569	0.93669			6
2025.12.08	00:50:00.857	0.93569				2
2025.12.08	00:50:03.470	0.93595	0.93674			6
2025.12.08	00:50:04.036	0.93574				2
2025.12.08	00:50:04.748	0.93595				2
2025.12.08	00:50:05.937		0.93675			4
2025.12.08	00:50:06.995		0.93674			4
2025.12.08	00:50:10.343		0.93675			4
2025.12.08	00:50:11.839		0.93674			4
2025.12.08	00:50:25.269		0.93673			4
2025.12.08	00:50:25.971	0.93569	0.93672			6
2025.12.08	00:50:26.377	0.93573				2
2025.12.08	00:50:40.380	0.93595				2
2025.12.08	00:50:46.037	0.93572				2
2025.12.08	00:50:50.249		0.93673			4
2025.12.08	00:50:51.848	0.93576				2
2025.12.08	00:50:57.361	0.93594				2
2025.12.08	00:51:01.297	0.93576	0.93671			6
2025.12.08	00:51:01.799	0.93577	0.93670			6
2025.12.08	00:51:09.376		0.93669			4
2025.12.08	00:51:16.301	0.93578	0.93668			6
2025.12.08	00:51:17.273	0.93577	0.93669			6
2025.12.08	00:51:18.254		0.93670			4
2025.12.08	00:51:19.641		0.93669			4
2025.12.08	00:51:31.300		0.93670			4
2025.12.08	00:51:31.937	0.93587	0.93671			6
2025.12.08	00:51:32.333	0.93577	0.93669			6
2025.12.08	00:51:39.763		0.93670			4
2025.12.08	00:51:40.373		0.93669			4
2025.12.08	00:51:54.833	0.93582	0.93670			6
2025.12.08	00:51:55.471		0.93669			4
2025.12.08	00:52:01.237	0.93582				2
2025.12.08	00:52:09.682	0.93579				2
2025.12.08	00:52:10.646	0.93575				2
2025.12.08	00:52:25.712	0.93591				2
2025.12.08	00:52:26.050	0.93578				2
2025.12.08	00:52:29.986	0.93565	0.93668			6
2025.12.08	00:52:30.298	0.93564				2
2025.12.08	00:52:30.716	0.93593				2
2025.12.08	00:52:31.415	0.93590	0.93666			6
2025.12.08	00:52:31.732	0.93576	0.93664			6
2025.12.08	00:52:32.047	0.93619	0.93702			6
2025.12.08	00:52:32.356	0.93622	0.93707			6
2025.12.08	00:52:35.251	0.93621	0.93708			6
2025.12.08	00:52:35.784	0.93622	0.93693			6
2025.12.08	00:52:37.338	0.93621	0.93688			6
2025.12.08	00:52:41.717	0.93565	0.93678			6
2025.12.08	00:52:42.223		0.93694			4
2025.12.08	00:52:42.721		0.93701			4
2025.12.08	00:52:43.149	0.93571	0.93698			6
2025.12.08	00:52:43.873		0.93693			4
2025.12.08	00:52:44.242	0.93574				2
2025.12.08	00:52:44.607	0.93553	0.93700			6
2025.12.08	00:52:44.919	0.93546	0.93694			6
2025.12.08	00:52:45.237		0.93709			4
2025.12.08	00:52:45.646	0.93553	0.93694			6
2025.12.08	00:52:45.986	0.93563				2
2025.12.08	00:52:46.297	0.93550	0.93686			6
2025.12.08	00:52:46.722	0.93557	0.93692			6
2025.12.08	00:52:47.045	0.93567	0.93708			6
2025.12.08	00:52:47.387		0.93701			4
2025.12.08	00:52:47.720		0.93696			4
2025.12.08	00:52:48.125	0.93575	0.93689			6
2025.12.08	00:52:48.559	0.93564	0.93682			6
2025.12.08	00:52:48.918	0.93567				2
2025.12.08	00:52:49.220		0.93704			4
2025.12.08	00:52:50.170	0.93575	0.93701			6
2025.12.08	00:52:50.477	0.93568	0.93700			6
2025.12.08	00:52:50.781	0.93587	0.93692			6
2025.12.08	00:52:51.169	0.93589	0.93691			6
2025.12.08	00:52:51.477	0.93590	0.93689			6
2025.12.08	00:52:51.790	0.93597	0.93692			6
2025.12.08	00:52:52.104	0.93591	0.93702			6
2025.12.08	00:52:52.522	0.93589	0.93704			6
2025.12.08	00:52:52.889	0.93586	0.93702			6
2025.12.08	00:52:53.342	0.93585	0.93690			6
2025.12.08	00:52:53.717	0.93595	0.93708			6
2025.12.08	00:52:54.027	0.93570	0.93690			6
2025.12.08	00:52:54.339		0.93684			4
2025.12.08	00:52:55.274		0.93682			4
2025.12.08	00:52:55.901	0.93573				2
2025.12.08	00:52:56.206	0.93591	0.93684			6
2025.12.08	00:52:56.516	0.93573	0.93682			6
2025.12.08	00:52:56.817	0.93569				2
2025.12.08	00:52:57.154		0.93681			4
2025.12.08	00:52:58.264	0.93565	0.93704			6
2025.12.08	00:52:58.838	0.93604	0.93681			6
2025.12.08	00:52:59.141	0.93591	0.93666			6
2025.12.08	00:52:59.446	0.93590	0.93667			6
2025.12.08	00:53:00.217	0.93587	0.93670			6
2025.12.08	00:53:00.611	0.93610	0.93665			6
2025.12.08	00:53:01.164	0.93608	0.93667			6
2025.12.08	00:53:02.220	0.93607	0.93668			6
2025.12.08	00:53:02.839	0.93608	0.93667			6
2025.12.08	00:53:03.365	0.93607	0.93668			6
2025.12.08	00:53:04.365	0.93609	0.93666			6
2025.12.08	00:53:04.849	0.93608	0.93667			6
2025.12.08	00:53:06.438	0.93607				2
2025.12.08	00:53:13.934	0.93608				2
2025.12.08	00:53:15.340	0.93601	0.93674			6
2025.12.08	00:53:16.269	0.93587	0.93702			6
2025.12.08	00:53:16.705	0.93583	0.93690			6
2025.12.08	00:53:17.007		0.93689			4
2025.12.08	00:53:17.358	0.93578	0.93687			6
2025.12.08	00:53:17.843	0.93571	0.93678			6
2025.12.08	00:53:18.175		0.93661			4
2025.12.08	00:53:20.339	0.93559	0.93663			6
2025.12.08	00:53:22.169	0.93555	0.93661			6
2025.12.08	00:53:22.594	0.93600	0.93703			6
2025.12.08	00:53:22.914		0.93705			4
2025.12.08	00:53:23.913	0.93599				2
2025.12.08	00:53:24.353		0.93704			4
2025.12.08	00:53:24.803	0.93605	0.93697			6
2025.12.08	00:53:25.106	0.93572	0.93660			6
2025.12.08	00:53:25.412	0.93598	0.93699			6
2025.12.08	00:53:25.727	0.93599	0.93688			6
2025.12.08	00:53:26.290	0.93598	0.93700			6
2025.12.08	00:53:27.679		0.93702			4
2025.12.08	00:53:28.370	0.93599	0.93700			6
2025.12.08	00:53:29.045	0.93598				2
2025.12.08	00:53:32.291	0.93599	0.93679			6
2025.12.08	00:53:32.790	0.93597	0.93674			6
2025.12.08	00:53:33.099	0.93598	0.93682			6
2025.12.08	00:53:33.408	0.93599	0.93680			6
2025.12.08	00:53:33.855	0.93598	0.93669			6
2025.12.08	00:53:34.344		0.93682			4
2025.12.08	00:53:34.793	0.93599	0.93687			6
2025.12.08	00:53:35.291	0.93598	0.93682			6
2025.12.08	00:53:35.867		0.93683			4
2025.12.08	00:53:37.416		0.93678			4
2025.12.08	00:53:37.869		0.93687			4
2025.12.08	00:53:38.367		0.93678			4
2025.12.08	00:53:38.872		0.93687			4
2025.12.08	00:53:39.871		0.93674			4
2025.12.08	00:53:40.175	0.93597	0.93679			6
2025.12.08	00:53:40.518	0.93598				2
2025.12.08	00:53:40.872	0.93599	0.93683			6
2025.12.08	00:53:41.369	0.93598	0.93678			6
2025.12.08	00:53:41.868	0.93599	0.93673			6
2025.12.08	00:53:42.870		0.93683			4
2025.12.08	00:53:43.371	0.93598	0.93673			6
2025.12.08	00:53:43.868	0.93599	0.93678			6
2025.12.08	00:53:44.369	0.93598				2
2025.12.08	00:53:44.868	0.93599	0.93681			6
2025.12.08	00:53:45.372	0.93598	0.93673			6
2025.12.08	00:53:45.871	0.93599	0.93682			6
2025.12.08	00:53:46.372	0.93598				2
2025.12.08	00:53:46.870	0.93599				2
2025.12.08	00:53:47.369	0.93596	0.93683			6
2025.12.08	00:53:47.872	0.93599	0.93692			6
2025.12.08	00:53:48.368	0.93598	0.93677			6
2025.12.08	00:53:50.538		0.93673			4
2025.12.08	00:53:51.565		0.93678			4
2025.12.08	00:53:51.871		0.93704			4
2025.12.08	00:53:53.337		0.93674			4
2025.12.08	00:53:53.706	0.93596	0.93675			6
2025.12.08	00:53:54.061	0.93595	0.93676			6
2025.12.08	00:53:54.702		0.93682			4
2025.12.08	00:53:55.337	0.93597	0.93680			6
2025.12.08	00:53:56.529	0.93593	0.93678			6
2025.12.08	00:53:57.033	0.93595	0.93677			6
2025.12.08	00:53:58.115	0.93594				2
2025.12.08	00:53:58.607	0.93593	0.93678			6
2025.12.08	00:53:59.102	0.93590	0.93686			6
2025.12.08	00:54:00.102	0.93595	0.93677			6
2025.12.08	00:54:00.534	0.93593	0.93678			6
2025.12.08	00:54:01.102		0.93684			4
2025.12.08	00:54:01.611		0.93678			4
2025.12.08	00:54:02.104	0.93594				2
2025.12.08	00:54:02.414		0.93696			4
2025.12.08	00:54:02.776	0.93596				2
2025.12.08	00:54:03.413		0.93697			4
2025.12.08	00:54:03.738	0.93597				2
2025.12.08	00:54:04.103	0.93594	0.93699			6
2025.12.08	00:54:04.404		0.93697			4
2025.12.08	00:54:07.866	0.93593				2
2025.12.08	00:54:10.342	0.93594	0.93683			6
2025.12.08	00:54:10.838	0.93595				2
2025.12.08	00:54:11.340		0.93677			4
2025.12.08	00:54:11.921		0.93688			4
2025.12.08	00:54:12.602		0.93682			4
2025.12.08	00:54:13.030	0.93593	0.93679			6
2025.12.08	00:54:14.015		0.93684			4
2025.12.08	00:54:14.341	0.93592	0.93685			6
2025.12.08	00:54:15.139	0.93594				2
2025.12.08	00:54:16.638		0.93686			4
2025.12.08	00:54:17.195		0.93683			4
2025.12.08	00:54:22.640	0.93593	0.93684			6
2025.12.08	00:54:23.121	0.93594	0.93678			6
2025.12.08	00:54:27.291		0.93683			4
2025.12.08	00:54:28.170	0.93596	0.93676			6
2025.12.08	00:54:28.487		0.93688			4
2025.12.08	00:54:28.790		0.93687			4
2025.12.08	00:54:29.290	0.93597	0.93675			6
2025.12.08	00:54:30.289	0.93598	0.93688			6
2025.12.08	00:54:30.789	0.93595	0.93686			6
2025.12.08	00:54:31.295	0.93605	0.93690			6
2025.12.08	00:54:31.739	0.93606				2
2025.12.08	00:54:32.359	0.93602	0.93674			6
2025.12.08	00:54:32.789	0.93603	0.93673			6
2025.12.08	00:54:33.097	0.93604	0.93672			6
2025.12.08	00:54:33.450	0.93591	0.93689			6
2025.12.08	00:54:33.789	0.93607	0.93696			6
2025.12.08	00:54:34.091	0.93603	0.93700			6
2025.12.08	00:54:34.572		0.93684			4
2025.12.08	00:54:34.909	0.93605	0.93677			6
2025.12.08	00:54:35.227	0.93603	0.93673			6
2025.12.08	00:54:35.528	0.93606	0.93670			6
2025.12.08	00:54:35.963	0.93605	0.93666			6
2025.12.08	00:54:43.869	0.93607	0.93693			6
2025.12.08	00:54:44.617	0.93605	0.93695			6
2025.12.08	00:54:44.968		0.93679			4
2025.12.08	00:54:45.370		0.93674			4
2025.12.08	00:54:46.758		0.93669			4
2025.12.08	00:54:49.900	0.93604	0.93670			6
2025.12.08	00:54:50.444	0.93605	0.93669			6
2025.12.08	00:54:50.930	0.93607	0.93668			6
2025.12.08	00:54:51.234	0.93606	0.93667			6
2025.12.08	00:54:51.932	0.93605	0.93665			6
2025.12.08	00:54:52.431	0.93606	0.93674			6
2025.12.08	00:54:52.771	0.93598	0.93672			6
2025.12.08	00:54:53.129	0.93602	0.93668			6
2025.12.08	00:54:53.438	0.93612	0.93681			6
2025.12.08	00:54:54.304	0.93609	0.93670			6
2025.12.08	00:54:54.608	0.93607	0.93667			6
2025.12.08	00:54:54.919	0.93608	0.93671			6
2025.12.08	00:54:55.266		0.93666			4
2025.12.08	00:54:56.345	0.93607	0.93672			6
2025.12.08	00:54:57.007	0.93613	0.93699			6
2025.12.08	00:54:57.318	0.93617	0.93708			6
2025.12.08	00:54:57.627	0.93612	0.93714			6
2025.12.08	00:54:57.981	0.93607	0.93718			6
2025.12.08	00:54:58.284	0.93610	0.93711			6
2025.12.08	00:54:58.615	0.93609	0.93712			6
2025.12.08	00:54:58.918	0.93615	0.93721			6
2025.12.08	00:54:59.220	0.93610	0.93720			6
2025.12.08	00:54:59.713	0.93612	0.93719			6
2025.12.08	00:55:00.167	0.93590	0.93721			6
2025.12.08	00:55:00.478	0.93606				2
2025.12.08	00:55:00.783	0.93612				2
2025.12.08	00:55:01.215	0.93614				2
2025.12.08	00:55:01.714	0.93607				2
2025.12.08	00:55:03.689	0.93608				2
2025.12.08	00:55:05.125	0.93603				2
2025.12.08	00:55:05.722	0.93598				2
2025.12.08	00:55:07.339	0.93591	0.93724			6
2025.12.08	00:55:07.644	0.93600	0.93730			6
2025.12.08	00:55:07.946	0.93604	0.93726			6
2025.12.08	00:55:08.337	0.93608	0.93731			6
2025.12.08	00:55:09.739	0.93600	0.93733			6
2025.12.08	00:55:10.296	0.93606				2
2025.12.08	00:55:11.239	0.93607	0.93732			6
2025.12.08	00:55:12.200	0.93596	0.93724			6
2025.12.08	00:55:12.506	0.93598	0.93741			6
2025.12.08	00:55:12.821	0.93590	0.93740			6
2025.12.08	00:55:13.269		0.93724			4
2025.12.08	00:55:14.278	0.93596	0.93738			6
2025.12.08	00:55:15.009	0.93605				2
2025.12.08	00:55:15.343	0.93591				2
2025.12.08	00:55:16.274		0.93725			4
2025.12.08	00:55:17.338	0.93592	0.93740			6
2025.12.08	00:55:17.773		0.93725			4
2025.12.08	00:55:18.273	0.93586	0.93727			6
2025.12.08	00:55:18.598	0.93584				2
2025.12.08	00:55:19.642	0.93585				2
2025.12.08	00:55:20.022	0.93607				2
2025.12.08	00:55:20.862	0.93590				2
2025.12.08	00:55:21.565	0.93591				2
2025.12.08	00:55:24.264	0.93587				2
2025.12.08	00:55:25.442	0.93588				2
2025.12.08	00:55:26.818	0.93593	0.93737			6
2025.12.08	00:55:27.388	0.93599	0.93728			6
2025.12.08	00:55:27.805	0.93602	0.93726			6
2025.12.08	00:55:28.373	0.93596				2
2025.12.08	00:55:28.800	0.93592				2
2025.12.08	00:55:29.373	0.93591	0.93724			6
2025.12.08	00:55:29.680	0.93609				2
2025.12.08	00:55:30.168	0.93623				2
2025.12.08	00:55:30.613	0.93609				2
2025.12.08	00:55:32.239	0.93605				2
2025.12.08	00:55:33.252	0.93607	0.93723			6
2025.12.08	00:55:33.703	0.93609	0.93724			6
2025.12.08	00:55:34.007	0.93605				2
2025.12.08	00:55:34.772	0.93614	0.93725			6
2025.12.08	00:55:35.117	0.93606	0.93724			6
2025.12.08	00:55:35.419	0.93607	0.93723			6
2025.12.08	00:55:36.336	0.93606				2
2025.12.08	00:55:37.667	0.93611				2
2025.12.08	00:55:39.438	0.93608	0.93722			6
2025.12.08	00:55:40.478	0.93618	0.93720			6
2025.12.08	00:55:40.978	0.93599	0.93724			6
2025.12.08	00:55:41.296	0.93625	0.93723			6
2025.12.08	00:55:41.980	0.93619	0.93720			6
2025.12.08	00:55:42.468	0.93606	0.93724			6
2025.12.08	00:55:42.825	0.93616	0.93718			6
2025.12.08	00:55:43.631	0.93620	0.93724			6
2025.12.08	00:55:43.979	0.93623	0.93722			6
2025.12.08	00:55:44.385	0.93621	0.93718			6
2025.12.08	00:55:44.695	0.93616				2
2025.12.08	00:55:46.250	0.93613	0.93717			6
2025.12.08	00:55:46.971	0.93618	0.93716			6
2025.12.08	00:55:47.273	0.93622	0.93717			6
2025.12.08	00:55:50.184	0.93619	0.93714			6
2025.12.08	00:55:51.184	0.93625	0.93719			6
2025.12.08	00:55:51.683	0.93626	0.93722			6
2025.12.08	00:55:52.024	0.93623				2
2025.12.08	00:55:52.571	0.93624	0.93720			6
2025.12.08	00:55:53.004	0.93613				2
2025.12.08	00:55:53.935	0.93605	0.93724			6
2025.12.08	00:55:54.239	0.93614	0.93720			6
2025.12.08	00:55:54.565	0.93626	0.93722			6
2025.12.08	00:55:55.013	0.93628	0.93721			6
2025.12.08	00:55:55.507	0.93619	0.93720			6
2025.12.08	00:55:56.507	0.93614				2
2025.12.08	00:55:56.977	0.93568	0.93728			6
2025.12.08	00:55:57.335	0.93569	0.93721			6
2025.12.08	00:55:57.644	0.93560	0.93723			6
2025.12.08	00:55:57.994	0.93567				2
2025.12.08	00:55:58.365	0.93563				2
2025.12.08	00:55:59.819	0.93561	0.93722			6
2025.12.08	00:56:00.316	0.93559	0.93725			6
2025.12.08	00:56:00.620	0.93563	0.93718			6
2025.12.08	00:56:00.988	0.93565				2
2025.12.08	00:56:01.322	0.93573				2
2025.12.08	00:56:02.000	0.93560				2
2025.12.08	00:56:02.999	0.93566	0.93716			6
2025.12.08	00:56:03.500	0.93559	0.93719			6
2025.12.08	00:56:04.001	0.93565				2
2025.12.08	00:56:04.330	0.93558				2
2025.12.08	00:56:04.759	0.93581	0.93715			6
2025.12.08	00:56:05.114	0.93575	0.93718			6
2025.12.08	00:56:05.417	0.93585	0.93716			6
2025.12.08	00:56:05.959	0.93580				2
2025.12.08	00:56:06.795	0.93563				2
2025.12.08	00:56:07.457	0.93583				2
2025.12.08	00:56:07.959	0.93577				2
2025.12.08	00:56:08.573		0.93715			4
2025.12.08	00:56:11.050	0.93564	0.93716			6
2025.12.08	00:56:11.571	0.93568				2
2025.12.08	00:56:12.073	0.93556				2
2025.12.08	00:56:12.395	0.93559				2
2025.12.08	00:56:12.712	0.93565	0.93715			6
2025.12.08	00:56:13.027	0.93587				2
2025.12.08	00:56:15.567	0.93569				2
2025.12.08	00:56:16.070	0.93587				2
2025.12.08	00:56:16.414	0.93589	0.93716			6
2025.12.08	00:56:16.718	0.93560	0.93714			6
2025.12.08	00:56:17.084	0.93565	0.93715			6
2025.12.08	00:56:17.533	0.93576	0.93704			6
2025.12.08	00:56:18.006	0.93574	0.93709			6
2025.12.08	00:56:18.473	0.93567	0.93713			6
2025.12.08	00:56:18.936	0.93565	0.93714			6
2025.12.08	00:56:22.066	0.93564				2
2025.12.08	00:56:22.385	0.93570	0.93709			6
2025.12.08	00:56:23.868	0.93581	0.93710			6
2025.12.08	00:56:24.260	0.93564	0.93716			6
2025.12.08	00:56:26.878		0.93717			4
2025.12.08	00:56:30.261	0.93565				2
2025.12.08	00:56:32.082	0.93575	0.93705			6
2025.12.08	00:56:32.401	0.93570	0.93708			6
2025.12.08	00:56:34.037	0.93565	0.93714			6
2025.12.08	00:56:34.615	0.93594	0.93720			6
2025.12.08	00:56:34.937	0.93577				2
2025.12.08	00:56:35.265		0.93719			4
2025.12.08	00:56:35.658	0.93571	0.93717			6
2025.12.08	00:56:36.037	0.93587				2
2025.12.08	00:56:36.338	0.93586				2
2025.12.08	00:56:36.643	0.93571	0.93716			6
2025.12.08	00:56:37.041	0.93579	0.93714			6
2025.12.08	00:56:37.638	0.93586	0.93711			6
2025.12.08	00:56:37.972	0.93590	0.93703			6
2025.12.08	00:56:38.300	0.93586	0.93706			6
2025.12.08	00:56:39.003	0.93579	0.93710			6
2025.12.08	00:56:39.322	0.93588	0.93700			6
2025.12.08	00:56:39.960	0.93598	0.93705			6
2025.12.08	00:56:40.317	0.93585	0.93707			6
2025.12.08	00:56:44.370		0.93706			4
2025.12.08	00:56:51.282		0.93707			4
2025.12.08	00:56:53.015		0.93706			4
2025.12.08	00:56:54.076	0.93584	0.93703			6
2025.12.08	00:56:54.580	0.93581	0.93706			6
2025.12.08	00:56:54.900	0.93583	0.93704			6
2025.12.08	00:56:55.633	0.93579	0.93705			6
2025.12.08	00:56:56.131	0.93582				2
2025.12.08	00:56:57.264	0.93577	0.93707			6
2025.12.08	00:56:58.235	0.93579	0.93706			6
2025.12.08	00:56:59.814	0.93578				2
2025.12.08	00:57:00.413	0.93578				2
2025.12.08	00:57:05.634	0.93581				2
2025.12.08	00:57:06.359	0.93582				2
2025.12.08	00:57:07.356		0.93705			4
2025.12.08	00:57:08.159	0.93583				2
2025.12.08	00:57:08.542	0.93582	0.93702			6
2025.12.08	00:57:09.227	0.93585	0.93700			6
2025.12.08	00:57:10.372	0.93587				2
2025.12.08	00:57:10.679	0.93575	0.93708			6
2025.12.08	00:57:11.101	0.93581	0.93706			6
2025.12.08	00:57:11.456	0.93584	0.93703			6
2025.12.08	00:57:11.809	0.93581				2
2025.12.08	00:57:14.002	0.93584				2
2025.12.08	00:57:14.316		0.93702			4
2025.12.08	00:57:15.797	0.93581				2
2025.12.08	00:57:17.784	0.93583				2
2025.12.08	00:57:18.099	0.93587				2
2025.12.08	00:57:21.246	0.93588				2
2025.12.08	00:57:22.171	0.93583	0.93706			6
2025.12.08	00:57:22.548	0.93586	0.93703			6
2025.12.08	00:57:24.739		0.93704			4
2025.12.08	00:57:32.664	0.93579				2
2025.12.08	00:57:33.380	0.93591	0.93698			6
2025.12.08	00:57:33.934	0.93581	0.93703			6
2025.12.08	00:57:34.437	0.93587	0.93701			6
2025.12.08	00:57:34.902	0.93593	0.93698			6
2025.12.08	00:57:36.026	0.93595	0.93704			6
2025.12.08	00:57:37.283	0.93590				2
2025.12.08	00:57:37.968	0.93585				2
2025.12.08	00:57:38.309	0.93588	0.93701			6
2025.12.08	00:57:39.306	0.93587	0.93702			6
2025.12.08	00:57:40.077	0.93594				2
2025.12.08	00:57:40.436		0.93701			4
2025.12.08	00:57:42.459	0.93589				2
2025.12.08	00:57:42.873	0.93595	0.93702			6
2025.12.08	00:57:43.670	0.93593				2
2025.12.08	00:57:44.023	0.93571	0.93718			6
2025.12.08	00:57:44.332	0.93587	0.93713			6
2025.12.08	00:57:44.638	0.93580	0.93719			6
2025.12.08	00:57:45.874	0.93581	0.93716			6
2025.12.08	00:57:46.337	0.93580	0.93719			6
2025.12.08	00:57:52.338	0.93581	0.93718			6
2025.12.08	00:57:53.269	0.93580	0.93717			6
2025.12.08	00:57:54.139		0.93716			4
2025.12.08	00:57:55.040		0.93715			4
2025.12.08	00:57:55.450	0.93584				2
2025.12.08	00:57:55.772	0.93603	0.93701			6
2025.12.08	00:57:56.220	0.93580	0.93718			6
2025.12.08	00:57:56.674	0.93604	0.93700			6
2025.12.08	00:57:56.977	0.93601	0.93703			6
2025.12.08	00:57:57.290	0.93593	0.93704			6
2025.12.08	00:57:57.600	0.93590				2
2025.12.08	00:57:59.246	0.93591	0.93703			6
2025.12.08	00:58:00.458	0.93591				2
2025.12.08	00:58:01.368	0.93587				2
2025.12.08	00:58:04.030	0.93592				2
2025.12.08	00:58:06.171	0.93584	0.93713			6
2025.12.08	00:58:06.673	0.93580	0.93714			6
2025.12.08	00:58:08.427	0.93584	0.93713			6
2025.12.08	00:58:08.937	0.93583	0.93711			6
2025.12.08	00:58:09.434	0.93584	0.93706			6
2025.12.08	00:58:09.937	0.93579	0.93707			6
2025.12.08	00:58:10.436	0.93590				2
2025.12.08	00:58:12.244	0.93591	0.93706			6
2025.12.08	00:58:13.038	0.93590	0.93707			6
2025.12.08	00:58:15.022	0.93588				2
2025.12.08	00:58:16.009		0.93708			4
2025.12.08	00:58:17.594		0.93707			4
2025.12.08	00:58:20.308	0.93583				2
2025.12.08	00:58:20.801	0.93585	0.93705			6
2025.12.08	00:58:21.117	0.93592				2
2025.12.08	00:58:21.429	0.93589	0.93708			6
2025.12.08	00:58:21.816	0.93592	0.93705			6
2025.12.08	00:58:22.140	0.93589				2
2025.12.08	00:58:22.815	0.93582	0.93709			6
2025.12.08	00:58:24.935	0.93588	0.93702			6
2025.12.08	00:58:26.832	0.93590	0.93705			6
2025.12.08	00:58:27.516	0.93585				2
2025.12.08	00:58:27.819	0.93588	0.93709			6
2025.12.08	00:58:28.817	0.93582	0.93713			6
2025.12.08	00:58:29.120		0.93711			4
2025.12.08	00:58:32.967	0.93579				2
2025.12.08	00:58:34.934	0.93588	0.93702			6
2025.12.08	00:58:36.193	0.93585	0.93705			6
2025.12.08	00:58:36.523	0.93590				2
2025.12.08	00:58:39.460	0.93584	0.93706			6
2025.12.08	00:58:39.971	0.93589				2
2025.12.08	00:58:40.280		0.93707			4
2025.12.08	00:58:40.965	0.93586	0.93704			6
2025.12.08	00:58:44.036	0.93587	0.93703			6
2025.12.08	00:58:45.601	0.93590	0.93699			6
2025.12.08	00:58:47.266	0.93593	0.93700			6
2025.12.08	00:58:47.767	0.93589	0.93707			6
2025.12.08	00:58:48.259	0.93593	0.93701			6
2025.12.08	00:58:50.900	0.93579	0.93721			6
2025.12.08	00:58:51.202	0.93595	0.93702			6
2025.12.08	00:58:51.975	0.93593	0.93704			6
2025.12.08	00:58:52.476	0.93594	0.93703			6
2025.12.08	00:58:53.267	0.93593				2
2025.12.08	00:58:54.344		0.93702			4
2025.12.08	00:58:54.684	0.93592	0.93703			6
2025.12.08	00:58:56.266	0.93595	0.93700			6
2025.12.08	00:58:56.771	0.93596	0.93699			6
2025.12.08	00:58:57.270	0.93585	0.93712			6
2025.12.08	00:58:57.769	0.93595	0.93702			6
2025.12.08	00:59:01.068	0.93595				2
2025.12.08	00:59:01.922	0.93588				2
2025.12.08	00:59:02.425	0.93592				2
2025.12.08	00:59:02.838	0.93587	0.93703			6
2025.12.08	00:59:04.067	0.93592				2
2025.12.08	00:59:07.936	0.93591				2
2025.12.08	00:59:08.434	0.93588	0.93701			6
2025.12.08	00:59:10.912		0.93706			4
2025.12.08	00:59:11.658	0.93594	0.93701			6
2025.12.08	00:59:11.963	0.93586	0.93704			6
2025.12.08	00:59:12.281	0.93593	0.93701			6
2025.12.08	00:59:12.622	0.93592	0.93703			6
2025.12.08	00:59:12.944	0.93587				2
2025.12.08	00:59:13.719	0.93586				2
2025.12.08	00:59:17.993	0.93592				2
2025.12.08	00:59:21.396	0.93591	0.93704			6
2025.12.08	00:59:21.899	0.93584	0.93705			6
2025.12.08	00:59:22.398	0.93586	0.93711			6
2025.12.08	00:59:22.937	0.93584				2
2025.12.08	00:59:25.197	0.93586	0.93704			6
2025.12.08	00:59:25.504	0.93593				2
2025.12.08	00:59:26.017	0.93583	0.93709			6
2025.12.08	00:59:27.584		0.93708			4
2025.12.08	00:59:31.654		0.93706			4
2025.12.08	00:59:32.839		0.93708			4
2025.12.08	00:59:35.919		0.93707			4
2025.12.08	00:59:37.894		0.93708			4
2025.12.08	00:59:40.069		0.93715			4
2025.12.08	00:59:40.934	0.93587	0.93708			6
2025.12.08	00:59:41.517	0.93589	0.93707			6
2025.12.08	00:59:42.272	0.93588	0.93708			6
2025.12.08	00:59:42.828	0.93585	0.93711			6
2025.12.08	00:59:43.286	0.93590				2
2025.12.08	00:59:43.599		0.93710			4
2025.12.08	00:59:44.000	0.93589	0.93711			6
2025.12.08	00:59:44.369	0.93588				2
2025.12.08	00:59:44.787	0.93584	0.93709			6
2025.12.08	00:59:45.208	0.93594				2
2025.12.08	00:59:45.522	0.93589				2
2025.12.08	00:59:46.516	0.93583				2
2025.12.08	00:59:46.977	0.93587				2
2025.12.08	00:59:51.139	0.93588				2
2025.12.08	00:59:53.106	0.93589				2
2025.12.08	00:59:55.483	0.93583	0.93708			6
2025.12.08	00:59:56.332	0.93586				2
2025.12.08	00:59:58.515	0.93589				2
2025.12.08	00:59:59.340	0.93583				2
2025.12.08	00:59:59.732		0.93707			4
2025.12.08	01:00:00.213	0.93612	0.93715			6
2025.12.08	01:00:00.520	0.93582	0.93717			6
2025.12.08	01:00:00.830	0.93593	0.93719			6
2025.12.08	01:00:01.144	0.93604	0.93717			6
2025.12.08	01:00:01.457	0.93626	0.93705			6
2025.12.08	01:00:01.778	0.93622	0.93712			6
2025.12.08	01:00:02.083	0.93602	0.93713			6
2025.12.08	01:00:02.454	0.93621				2
2025.12.08	01:00:02.863	0.93622				2
2025.12.08	01:00:03.227	0.93608				2
2025.12.08	01:00:03.592	0.93579	0.93741			6
2025.12.08	01:00:03.898	0.93584	0.93743			6
2025.12.08	01:00:04.200	0.93575	0.93748			6
2025.12.08	01:00:04.536	0.93590				2
2025.12.08	01:00:05.780	0.93598	0.93740			6
2025.12.08	01:00:06.105	0.93582	0.93741			6
2025.12.08	01:00:07.060	0.93605	0.93716			6
2025.12.08	01:00:07.704	0.93604				2
2025.12.08	01:00:08.440	0.93612				2
2025.12.08	01:00:10.114	0.93609				2
2025.12.08	01:00:11.070	0.93608				2
2025.12.08	01:00:11.380	0.93602				2
2025.12.08	01:00:12.249	0.93612	0.93723			6
2025.12.08	01:00:12.804	0.93597	0.93725			6
2025.12.08	01:00:13.310	0.93599				2
2025.12.08	01:00:14.239	0.93605	0.93724			6
2025.12.08	01:00:15.340	0.93634	0.93716			6
2025.12.08	01:00:22.766		0.93712			4
2025.12.08	01:00:23.446		0.93716			4
2025.12.08	01:00:23.760		0.93711			4
2025.12.08	01:00:25.218		0.93717			4
2025.12.08	01:00:27.841		0.93721			4
2025.12.08	01:00:30.440		0.93720			4
2025.12.08	01:00:30.903	0.93636				2
2025.12.08	01:00:31.264	0.93643				2
2025.12.08	01:00:31.584	0.93645	0.93723			6
2025.12.08	01:00:31.930	0.93634				2
2025.12.08	01:00:32.238	0.93644				2
2025.12.08	01:00:34.461	0.93650				2
2025.12.08	01:00:35.994		0.93725			4
2025.12.08	01:00:36.440	0.93651				2
2025.12.08	01:00:36.773	0.93649				2
2025.12.08	01:00:39.739	0.93654				2
2025.12.08	01:00:40.179	0.93651				2
2025.12.08	01:00:41.129	0.93649				2
2025.12.08	01:00:41.463	0.93662	0.93723			6
2025.12.08	01:00:41.777	0.93666				2
2025.12.08	01:00:42.174	0.93661				2
2025.12.08	01:00:42.578	0.93664				2
2025.12.08	01:00:42.969	0.93663				2
2025.12.08	01:00:44.226	0.93665				2
2025.12.08	01:00:44.584	0.93666	0.93721			6
2025.12.08	01:00:45.205	0.93662	0.93723			6
2025.12.08	01:00:45.943	0.93680	0.93721			6
2025.12.08	01:00:46.252	0.93670	0.93724			6
2025.12.08	01:00:46.830	0.93669	0.93721			6
2025.12.08	01:00:47.243	0.93666				2
2025.12.08	01:00:47.578	0.93667				2
2025.12.08	01:00:48.219	0.93678				2
2025.12.08	01:00:49.219	0.93679				2
2025.12.08	01:00:49.999	0.93674				2
2025.12.08	01:00:50.316	0.93673				2
2025.12.08	01:00:51.067	0.93674				2
2025.12.08	01:00:51.379	0.93681				2
2025.12.08	01:00:51.815	0.93656				2
2025.12.08	01:00:52.177	0.93654				2
2025.12.08	01:00:52.618	0.93655	0.93718			6
2025.12.08	01:00:53.007	0.93654				2
2025.12.08	01:00:58.770	0.93653				2
2025.12.08	01:00:59.719	0.93643	0.93715			6
2025.12.08	01:01:00.034	0.93643	0.93714			6
2025.12.08	01:01:00.341		0.93715			4
2025.12.08	01:01:01.010		0.93717			4
2025.12.08	01:01:01.548		0.93716			4
2025.12.08	01:01:02.553		0.93715			4
2025.12.08	01:01:03.029		0.93714			4
2025.12.08	01:01:03.438	0.93642	0.93715			6
2025.12.08	01:01:03.758		0.93714			4
2025.12.08	01:01:05.019		0.93713			4
2025.12.08	01:01:07.724	0.93641				2
2025.12.08	01:01:08.381		0.93714			4
2025.12.08	01:01:10.743		0.93716			4
2025.12.08	01:01:11.048		0.93715			4
2025.12.08	01:01:11.733		0.93714			4
2025.12.08	01:01:12.108	0.93634	0.93713			6
2025.12.08	01:01:12.419		0.93712			4
2025.12.08	01:01:13.092		0.93711			4
2025.12.08	01:01:15.215		0.93714			4
2025.12.08	01:01:15.568		0.93712			4
2025.12.08	01:01:16.079		0.93711			4
2025.12.08	01:01:16.579		0.93712			4
2025.12.08	01:01:17.682		0.93710			4
2025.12.08	01:01:18.079		0.93715			4
2025.12.08	01:01:18.422		0.93713			4
2025.12.08	01:01:20.388		0.93714			4
2025.12.08	01:01:24.076		0.93713			4
2025.12.08	01:01:26.587		0.93712			4
2025.12.08	01:01:30.711		0.93711			4
2025.12.08	01:01:33.269		0.93712			4
2025.12.08	01:01:36.509		0.93706			4
2025.12.08	01:01:37.574		0.93711			4
2025.12.08	01:01:41.202		0.93710			4
2025.12.08	01:01:43.201		0.93709			4
2025.12.08	01:01:43.581		0.93704			4
2025.12.08	01:01:44.694		0.93703			4
2025.12.08	01:01:45.473		0.93706			4
2025.12.08	01:01:45.779		0.93716			4
2025.12.08	01:01:46.596		0.93714			4
2025.12.08	01:01:46.899		0.93715			4
2025.12.08	01:01:51.933		0.93717			4
2025.12.08	01:01:52.395		0.93715			4
2025.12.08	01:01:53.509		0.93712			4
2025.12.08	01:01:53.814		0.93709			4
2025.12.08	01:01:54.270		0.93714			4
2025.12.08	01:01:54.936		0.93699			4
2025.12.08	01:01:55.241		0.93702			4
2025.12.08	01:01:55.582		0.93696			4
2025.12.08	01:01:55.886		0.93716			4
2025.12.08	01:01:56.566		0.93710			4
2025.12.08	01:01:56.878		0.93711			4
2025.12.08	01:01:57.205		0.93706			4
2025.12.08	01:01:57.837		0.93722			4
2025.12.08	01:02:00.218	0.93634				2
2025.12.08	01:02:01.937		0.93720			4
2025.12.08	01:02:02.240		0.93721			4
2025.12.08	01:02:02.570		0.93707			4
2025.12.08	01:02:02.882		0.93705			4
2025.12.08	01:02:04.210		0.93707			4
2025.12.08	01:02:04.521		0.93708			4
2025.12.08	01:02:05.891		0.93709			4
2025.12.08	01:02:06.268		0.93707			4
2025.12.08	01:02:06.642		0.93708			4
2025.12.08	01:02:07.923		0.93709			4
2025.12.08	01:02:08.336		0.93710			4
2025.12.08	01:02:08.800		0.93708			4
2025.12.08	01:02:09.758		0.93707			4
2025.12.08	01:02:10.268		0.93709			4
2025.12.08	01:02:11.863		0.93722			4
2025.12.08	01:02:20.540		0.93721			4
2025.12.08	01:02:20.932		0.93720			4
2025.12.08	01:02:21.738		0.93718			4
2025.12.08	01:02:22.940		0.93719			4
2025.12.08	01:02:23.264		0.93711			4
2025.12.08	01:02:23.596		0.93710			4
2025.12.08	01:02:23.976		0.93709			4
2025.12.08	01:02:25.602		0.93707			4
2025.12.08	01:02:26.553		0.93708			4
2025.12.08	01:02:29.046		0.93707			4
2025.12.08	01:02:34.270		0.93703			4
2025.12.08	01:02:43.031		0.93702			4
2025.12.08	01:02:48.014	0.93658	0.93704			6
2025.12.08	01:02:48.455	0.93656	0.93705			6
2025.12.08	01:02:49.146	0.93657				2
2025.12.08	01:02:50.206	0.93658	0.93704			6
2025.12.08	01:02:50.579	0.93649	0.93705			6
2025.12.08	01:02:52.939		0.93706			4
2025.12.08	01:02:53.962		0.93705			4
2025.12.08	01:02:55.191	0.93650				2
2025.12.08	01:02:55.853		0.93704			4
2025.12.08	01:02:56.349	0.93646				2
2025.12.08	01:02:56.878		0.93702			4
2025.12.08	01:02:58.317		0.93701			4
2025.12.08	01:02:58.676		0.93700			4
2025.12.08	01:02:59.002		0.93701			4
2025.12.08	01:02:59.534		0.93702			4
2025.12.08	01:03:00.436	0.93646				2
2025.12.08	01:03:01.416		0.93701			4
2025.12.08	01:03:03.120	0.93634	0.93705			6
2025.12.08	01:03:03.472		0.93704			4
2025.12.08	01:03:03.807		0.93705			4
2025.12.08	01:03:04.119		0.93698			4
2025.12.08	01:03:04.814		0.93701			4
2025.12.08	01:03:05.302		0.93700			4
2025.12.08	01:03:05.640		0.93698			4
2025.12.08	01:03:05.944		0.93699			4
2025.12.08	01:03:07.360		0.93700			4
2025.12.08	01:03:08.781		0.93698			4
2025.12.08	01:03:11.241		0.93699			4
2025.12.08	01:03:11.546		0.93698			4
2025.12.08	01:03:12.276		0.93699			4
2025.12.08	01:03:12.784		0.93698			4
2025.12.08	01:03:13.202		0.93701			4
2025.12.08	01:03:13.537		0.93698			4
2025.12.08	01:03:14.702		0.93701			4
2025.12.08	01:03:15.387		0.93705			4
2025.12.08	01:03:17.083		0.93704			4
2025.12.08	01:03:17.422		0.93702			4
2025.12.08	01:03:17.742		0.93716			4
2025.12.08	01:03:18.058		0.93712			4
2025.12.08	01:03:18.359		0.93710			4
2025.12.08	01:03:18.665		0.93712			4
2025.12.08	01:03:19.082		0.93714			4
2025.12.08	01:03:20.526		0.93713			4
2025.12.08	01:03:21.116		0.93712			4
2025.12.08	01:03:21.439		0.93711			4
2025.12.08	01:03:21.814		0.93710			4
2025.12.08	01:03:22.940		0.93708			4
2025.12.08	01:03:23.647		0.93701			4
2025.12.08	01:03:23.959		0.93700			4
2025.12.08	01:03:26.519		0.93702			4
2025.12.08	01:03:28.377		0.93701			4
2025.12.08	01:03:32.192		0.93702			4
2025.12.08	01:03:33.381		0.93698			4
2025.12.08	01:03:33.718		0.93696			4
2025.12.08	01:03:34.235		0.93694			4
2025.12.08	01:03:34.838		0.93697			4
2025.12.08	01:03:35.951		0.93696			4
2025.12.08	01:03:37.752		0.93699			4
2025.12.08	01:03:39.404		0.93698			4
2025.12.08	01:03:40.639		0.93697			4
2025.12.08	01:03:44.337		0.93698			4
2025.12.08	01:03:45.032		0.93697			4
2025.12.08	01:03:45.381		0.93699			4
2025.12.08	01:03:51.144		0.93702			4
2025.12.08	01:03:51.949		0.93703			4
2025.12.08	01:03:52.270		0.93700			4
2025.12.08	01:03:52.987		0.93699			4
2025.12.08	01:03:54.391		0.93701			4
2025.12.08	01:03:59.838		0.93700			4
2025.12.08	01:04:00.175	0.93634	0.93697			6
2025.12.08	01:04:01.212		0.93700			4
2025.12.08	01:04:01.937		0.93701			4
2025.12.08	01:04:02.941		0.93700			4
2025.12.08	01:04:03.606		0.93699			4
2025.12.08	01:04:04.060		0.93698			4
2025.12.08	01:04:05.970		0.93697			4
2025.12.08	01:04:07.640		0.93696			4
2025.12.08	01:04:08.538		0.93693			4
2025.12.08	01:04:08.911		0.93694			4
2025.12.08	01:04:10.759		0.93693			4
2025.12.08	01:04:11.262		0.93696			4
2025.12.08	01:04:11.590		0.93695			4
2025.12.08	01:04:12.138		0.93694			4
2025.12.08	01:04:13.376		0.93681			4
2025.12.08	01:04:14.792	0.93605	0.93692			6
2025.12.08	01:04:15.102		0.93690			4
2025.12.08	01:04:17.286	0.93606	0.93696			6
2025.12.08	01:04:18.233	0.93634	0.93686			6
2025.12.08	01:04:20.275		0.93691			4
2025.12.08	01:04:20.584		0.93692			4
2025.12.08	01:04:20.912		0.93693			4
2025.12.08	01:04:21.235		0.93678			4
2025.12.08	01:04:26.781		0.93693			4
2025.12.08	01:04:27.463		0.93692			4
2025.12.08	01:04:30.535		0.93693			4
2025.12.08	01:04:31.214		0.93690			4
2025.12.08	01:04:31.793		0.93693			4
2025.12.08	01:04:33.938		0.93689			4
2025.12.08	01:04:34.323		0.93693			4
2025.12.08	01:04:37.988		0.93694			4
2025.12.08	01:04:38.301	0.93604	0.93725			6
2025.12.08	01:04:38.615	0.93606	0.93723			6
2025.12.08	01:04:38.933		0.93721			4
2025.12.08	01:04:39.236	0.93604	0.93719			6
2025.12.08	01:04:39.569	0.93605	0.93716			6
2025.12.08	01:04:39.888		0.93714			4
2025.12.08	01:04:40.514	0.93606				2
2025.12.08	01:04:40.820	0.93605				2
2025.12.08	01:04:41.444		0.93712			4
2025.12.08	01:04:41.746		0.93713			4
2025.12.08	01:04:42.069	0.93634	0.93694			6
2025.12.08	01:04:47.277		0.93693			4
2025.12.08	01:04:47.587		0.93694			4
2025.12.08	01:04:50.088		0.93699			4
2025.12.08	01:04:50.538		0.93700			4
2025.12.08	01:04:51.103		0.93701			4
2025.12.08	01:04:53.656		0.93697			4
2025.12.08	01:04:54.156		0.93698			4
2025.12.08	01:04:56.480		0.93699			4
2025.12.08	01:04:57.215		0.93704			4
2025.12.08	01:04:57.622		0.93702			4
2025.12.08	01:04:57.927		0.93703			4
2025.12.08	01:04:58.884		0.93697			4
2025.12.08	01:04:59.316		0.93699			4
2025.12.08	01:05:00.244	0.93634	0.93698			6
2025.12.08	01:05:02.241		0.93699			4
2025.12.08	01:05:03.891		0.93695			4
2025.12.08	01:05:05.148		0.93697			4
2025.12.08	01:05:07.044		0.93698			4
2025.12.08	01:05:07.368		0.93696			4
2025.12.08	01:05:07.938		0.93699			4
2025.12.08	01:05:08.244		0.93698			4
2025.12.08	01:05:11.036		0.93701			4
2025.12.08	01:05:12.758		0.93700			4
2025.12.08	01:05:13.880		0.93699			4
2025.12.08	01:05:15.738		0.93700			4
2025.12.08	01:05:16.199		0.93698			4
2025.12.08	01:05:18.157		0.93699			4
2025.12.08	01:05:18.458		0.93701			4
2025.12.08	01:05:19.313		0.93700			4
2025.12.08	01:05:20.539		0.93699			4
2025.12.08	01:05:29.450		0.93702			4
2025.12.08	01:05:31.792		0.93700			4
2025.12.08	01:05:37.099		0.93697			4
2025.12.08	01:05:37.603		0.93696			4
2025.12.08	01:05:40.623		0.93698			4
2025.12.08	01:05:41.137		0.93697			4
2025.12.08	01:05:41.624		0.93698			4
2025.12.08	01:05:42.630		0.93696			4
2025.12.08	01:05:42.943		0.93694			4
2025.12.08	01:05:43.287		0.93696			4
2025.12.08	01:05:47.305		0.93693			4
2025.12.08	01:05:47.668		0.93691			4
2025.12.08	01:05:48.750		0.93694			4
2025.12.08	01:05:49.464		0.93692			4
2025.12.08	01:05:49.769		0.93690			4
2025.12.08	01:05:55.813		0.93692			4
2025.12.08	01:05:56.121		0.93694			4
2025.12.08	01:05:56.442		0.93693			4
2025.12.08	01:05:56.800		0.93689			4
2025.12.08	01:05:57.118		0.93691			4
2025.12.08	01:05:58.075		0.93690			4
2025.12.08	01:05:58.527		0.93698			4
2025.12.08	01:05:58.938		0.93697			4
2025.12.08	01:06:00.286	0.93634	0.93698			6
2025.12.08	01:06:00.601		0.93696			4
2025.12.08	01:06:00.932		0.93701			4
2025.12.08	01:06:01.287		0.93697			4
2025.12.08	01:06:01.713		0.93696			4
2025.12.08	01:06:03.768		0.93698			4
2025.12.08	01:06:04.539		0.93700			4
2025.12.08	01:06:05.023		0.93699			4
2025.12.08	01:06:06.220		0.93698			4
2025.12.08	01:06:06.534		0.93699			4
2025.12.08	01:06:06.840		0.93698			4
2025.12.08	01:06:09.349		0.93699			4
2025.12.08	01:06:10.045		0.93698			4
2025.12.08	01:06:10.361		0.93695			4
2025.12.08	01:06:10.929		0.93694			4
2025.12.08	01:06:12.018	0.93665	0.93704			6
2025.12.08	01:06:12.699	0.93674				2
2025.12.08	01:06:13.167	0.93653				2
2025.12.08	01:06:13.916	0.93674				2
2025.12.08	01:06:19.159		0.93703			4
2025.12.08	01:06:21.138	0.93668	0.93702			6
2025.12.08	01:06:21.590	0.93672	0.93705			6
2025.12.08	01:06:21.977		0.93703			4
2025.12.08	01:06:22.331	0.93673	0.93701			6
2025.12.08	01:06:22.645	0.93672	0.93702			6
2025.12.08	01:06:24.246		0.93703			4
2025.12.08	01:06:24.739	0.93673	0.93704			6
2025.12.08	01:06:25.866	0.93674	0.93705			6
2025.12.08	01:06:26.178	0.93681				2
2025.12.08	01:06:27.307	0.93680	0.93706			6
2025.12.08	01:06:28.416	0.93675	0.93705			6
2025.12.08	01:06:31.681	0.93658	0.93709			6
2025.12.08	01:06:32.342		0.93708			4
2025.12.08	01:06:32.940	0.93679	0.93709			6
2025.12.08	01:06:35.987		0.93711			4
2025.12.08	01:06:36.496	0.93634	0.93708			6
2025.12.08	01:06:36.807		0.93710			4
2025.12.08	01:06:37.118		0.93713			4
2025.12.08	01:06:37.931		0.93708			4
2025.12.08	01:06:39.120		0.93707			4
2025.12.08	01:06:43.761		0.93708			4
2025.12.08	01:06:45.576		0.93709			4
2025.12.08	01:06:46.074		0.93708			4
2025.12.08	01:06:49.062		0.93705			4
2025.12.08	01:06:50.223		0.93709			4
2025.12.08	01:06:51.337		0.93710			4
2025.12.08	01:06:52.336		0.93706			4
2025.12.08	01:06:52.907		0.93704			4
2025.12.08	01:06:53.219		0.93702			4
2025.12.08	01:06:53.571	0.93656	0.93706			6
2025.12.08	01:06:54.438	0.93673				2
2025.12.08	01:06:55.645	0.93675				2
2025.12.08	01:06:58.340		0.93707			4
2025.12.08	01:07:00.536	0.93675				2
2025.12.08	01:07:04.611		0.93706			4
2025.12.08	01:07:05.077	0.93677	0.93707			6
2025.12.08	01:07:05.492		0.93708			4
2025.12.08	01:07:05.927		0.93707			4
2025.12.08	01:07:07.365	0.93676				2
2025.12.08	01:07:08.414	0.93675				2
2025.12.08	01:07:08.948	0.93676				2
2025.12.08	01:07:11.238		0.93706			4
2025.12.08	01:07:23.666	0.93673				2
2025.12.08	01:07:24.003	0.93676	0.93707			6
2025.12.08	01:07:24.358	0.93684	0.93710			6
2025.12.08	01:07:25.011	0.93685				2
2025.12.08	01:07:25.631	0.93678	0.93704			6
2025.12.08	01:07:25.948	0.93676				2
2025.12.08	01:07:26.581	0.93677	0.93705			6
2025.12.08	01:07:27.233	0.93673				2
2025.12.08	01:07:28.691	0.93676	0.93702			6
2025.12.08	01:07:29.465	0.93677				2
2025.12.08	01:07:30.275	0.93676				2
2025.12.08	01:07:31.937	0.93675				2
2025.12.08	01:07:32.848	0.93676				2
2025.12.08	01:07:34.393	0.93677				2
2025.12.08	01:07:38.539	0.93676				2
2025.12.08	01:07:39.912	0.93675				2
2025.12.08	01:07:40.703	0.93685	0.93709			6
2025.12.08	01:07:41.211		0.93708			4
2025.12.08	01:07:41.522	0.93687				2
2025.12.08	01:07:46.803	0.93688				2
2025.12.08	01:07:50.373	0.93687				2
2025.12.08	01:07:50.682	0.93661	0.93710			6
2025.12.08	01:07:51.739	0.93667				2
2025.12.08	01:07:52.495		0.93709			4
2025.12.08	01:07:53.286		0.93708			4
2025.12.08	01:07:54.951		0.93709			4
2025.12.08	01:07:55.513		0.93710			4
2025.12.08	01:07:56.040		0.93709			4
2025.12.08	01:07:57.109		0.93710			4
2025.12.08	01:07:59.028	0.93671				2
2025.12.08	01:08:00.015	0.93671	0.93711			6
2025.12.08	01:08:03.692		0.93713			4
2025.12.08	01:08:04.002		0.93714			4
2025.12.08	01:08:05.767		0.93713			4
2025.12.08	01:08:06.516		0.93714			4
2025.12.08	01:08:08.629	0.93674	0.93718			6
2025.12.08	01:08:09.468		0.93717			4
2025.12.08	01:08:10.149	0.93673	0.93716			6
2025.12.08	01:08:11.362	0.93699	0.93723			6
2025.12.08	01:08:11.664	0.93698				2
2025.12.08	01:08:12.298	0.93696				2
2025.12.08	01:08:13.540	0.93694				2
2025.12.08	01:08:16.876	0.93695				2
2025.12.08	01:08:20.370	0.93634	0.93716			6
2025.12.08	01:08:21.012		0.93713			4
2025.12.08	01:08:21.319		0.93710			4
2025.12.08	01:08:21.918		0.93711			4
2025.12.08	01:08:22.389		0.93708			4
2025.12.08	01:08:22.699	0.93649	0.93707			6
2025.12.08	01:08:23.008	0.93636				2
2025.12.08	01:08:24.562	0.93640	0.93708			6
2025.12.08	01:08:25.119	0.93636				2
2025.12.08	01:08:25.660	0.93634	0.93709			6
2025.12.08	01:08:25.962	0.93637	0.93705			6
2025.12.08	01:08:27.009	0.93641				2
2025.12.08	01:08:28.265	0.93634	0.93702			6
2025.12.08	01:08:28.804	0.93635				2
2025.12.08	01:08:29.215	0.93637	0.93703			6
2025.12.08	01:08:29.684	0.93634	0.93705			6
2025.12.08	01:08:30.003	0.93636	0.93704			6
2025.12.08	01:08:30.914	0.93635				2
2025.12.08	01:08:33.719	0.93687	0.93723			6
2025.12.08	01:08:34.076	0.93688				2
2025.12.08	01:08:35.397	0.93678	0.93706			6
2025.12.08	01:08:36.157		0.93705			4
2025.12.08	01:08:36.908	0.93687	0.93708			6
2025.12.08	01:08:38.312	0.93688	0.93716			6
2025.12.08	01:08:38.935	0.93690				2
2025.12.08	01:08:42.942	0.93692				2
2025.12.08	01:08:43.273	0.93693	0.93719			6
2025.12.08	01:08:44.935		0.93718			4
2025.12.08	01:08:45.451	0.93694				2
2025.12.08	01:08:46.938	0.93693				2
2025.12.08	01:08:51.072		0.93716			4
2025.12.08	01:08:53.679	0.93692				2
2025.12.08	01:08:56.491		0.93717			4
2025.12.08	01:08:58.518	0.93693				2
2025.12.08	01:08:58.825		0.93716			4
2025.12.08	01:09:00.438	0.93693				2
2025.12.08	01:09:09.255	0.93692				2
2025.12.08	01:09:11.934	0.93693				2
2025.12.08	01:09:16.385	0.93694				2
2025.12.08	01:09:17.317	0.93695				2
2025.12.08	01:09:18.948	0.93694	0.93717			6
2025.12.08	01:09:19.435		0.93716			4
2025.12.08	01:09:19.943		0.93717			4
2025.12.08	01:09:20.255	0.93695	0.93716			6
2025.12.08	01:09:23.037		0.93717			4
2025.12.08	01:09:23.434		0.93715			4
2025.12.08	01:09:24.935		0.93716			4
2025.12.08	01:09:25.434		0.93715			4
2025.12.08	01:09:25.935		0.93716			4
2025.12.08	01:09:26.435		0.93715			4
2025.12.08	01:09:26.935		0.93714			4
2025.12.08	01:09:27.434		0.93715			4
2025.12.08	01:09:27.934		0.93714			4
2025.12.08	01:09:30.437	0.93634	0.93708			6
2025.12.08	01:09:30.752		0.93707			4
2025.12.08	01:09:31.059	0.93658	0.93703			6
2025.12.08	01:09:31.934	0.93653				2
2025.12.08	01:09:32.314	0.93651	0.93700			6
2025.12.08	01:09:32.934	0.93641	0.93710			6
2025.12.08	01:09:34.435	0.93646	0.93701			6
2025.12.08	01:09:34.808	0.93656				2
2025.12.08	01:09:35.435	0.93662	0.93700			6
2025.12.08	01:09:35.935	0.93663	0.93699			6
2025.12.08	01:09:36.262	0.93662	0.93700			6
2025.12.08	01:09:36.584	0.93657				2
2025.12.08	01:09:36.935	0.93661	0.93699			6
2025.12.08	01:09:37.279	0.93660				2
2025.12.08	01:09:37.639	0.93651	0.93701			6
2025.12.08	01:09:37.945	0.93652	0.93699			6
2025.12.08	01:09:38.344	0.93657	0.93695			6
2025.12.08	01:09:39.436		0.93694			4
2025.12.08	01:09:41.435	0.93661				2
2025.12.08	01:09:42.438	0.93657				2
2025.12.08	01:09:43.880	0.93667	0.93692			6
2025.12.08	01:09:44.696	0.93670				2
2025.12.08	01:09:45.389	0.93671				2
2025.12.08	01:09:45.735	0.93667				2
2025.12.08	01:09:46.047	0.93666				2
2025.12.08	01:09:47.015	0.93667	0.93691			6
2025.12.08	01:09:47.385	0.93663	0.93692			6
2025.12.08	01:09:48.547	0.93659	0.93691			6
2025.12.08	01:09:49.314		0.93692			4
2025.12.08	01:09:50.425		0.93695			4
2025.12.08	01:09:52.047	0.93656				2
2025.12.08	01:09:52.416	0.93659				2
2025.12.08	01:09:54.933	0.93656				2
2025.12.08	01:09:55.811	0.93634	0.93698			6
2025.12.08	01:09:56.952		0.93699			4
2025.12.08	01:09:57.259		0.93696			4
2025.12.08	01:10:00.307	0.93639	0.93697			6
2025.12.08	01:10:00.627	0.93673	0.93698			6
2025.12.08	01:10:00.939	0.93667				2
2025.12.08	01:10:01.262	0.93676	0.93697			6
2025.12.08	01:10:01.906	0.93672	0.93696			6
2025.12.08	01:10:02.218	0.93676				2
2025.12.08	01:10:02.532		0.93697			4
2025.12.08	01:10:03.335	0.93674	0.93698			6
2025.12.08	01:10:04.236		0.93699			4
2025.12.08	01:10:04.586	0.93666	0.93700			6
2025.12.08	01:10:05.746	0.93673				2
2025.12.08	01:10:06.139	0.93674	0.93699			6
2025.12.08	01:10:06.662	0.93670	0.93700			6
2025.12.08	01:10:07.213	0.93661	0.93704			6
2025.12.08	01:10:07.516	0.93662	0.93703			6
2025.12.08	01:10:07.842	0.93666				2
2025.12.08	01:10:09.295	0.93665	0.93704			6
2025.12.08	01:10:10.236	0.93661				2
2025.12.08	01:10:12.139	0.93662				2
2025.12.08	01:10:13.771	0.93669				2
2025.12.08	01:10:14.296	0.93665				2
2025.12.08	01:10:14.687	0.93672	0.93699			6
2025.12.08	01:10:15.002	0.93671	0.93700			6
2025.12.08	01:10:16.004	0.93667				2
2025.12.08	01:10:17.211	0.93670				2
2025.12.08	01:10:18.827	0.93669				2
2025.12.08	01:10:19.295	0.93678				2
2025.12.08	01:10:19.609	0.93669				2
2025.12.08	01:10:20.026	0.93668	0.93701			6
2025.12.08	01:10:20.384	0.93665				2
2025.12.08	01:10:22.202	0.93668	0.93700			6
2025.12.08	01:10:22.972	0.93666	0.93702			6
2025.12.08	01:10:27.250	0.93667				2
2025.12.08	01:10:28.478	0.93656	0.93700			6
2025.12.08	01:10:28.876	0.93655	0.93699			6
2025.12.08	01:10:29.365	0.93656				2
2025.12.08	01:10:29.680	0.93654				2
2025.12.08	01:10:30.574	0.93653				2
2025.12.08	01:10:32.237		0.93702			4
2025.12.08	01:10:32.931	0.93651	0.93700			6
2025.12.08	01:10:34.215	0.93648	0.93702			6
2025.12.08	01:10:35.237	0.93652				2
2025.12.08	01:10:36.804	0.93653				2
2025.12.08	01:10:39.829		0.93701			4
2025.12.08	01:10:44.498	0.93654				2
2025.12.08	01:10:45.318	0.93656	0.93700			6
2025.12.08	01:10:46.205	0.93659				2
2025.12.08	01:10:46.889	0.93655				2
2025.12.08	01:10:47.265	0.93662				2
2025.12.08	01:10:48.049	0.93661	0.93699			6
2025.12.08	01:10:49.216		0.93696			4
2025.12.08	01:10:51.439	0.93660				2
2025.12.08	01:10:51.938	0.93657				2
2025.12.08	01:10:53.838	0.93656				2
2025.12.08	01:11:00.012	0.93658	0.93695			6
2025.12.08	01:11:00.330	0.93664	0.93696			6
2025.12.08	01:11:01.335	0.93658	0.93698			6
2025.12.08	01:11:02.436	0.93652				2
2025.12.08	01:11:03.553	0.93655				2
2025.12.08	01:11:05.542	0.93656				2
2025.12.08	01:11:07.133	0.93653				2
2025.12.08	01:11:08.222	0.93656				2
2025.12.08	01:11:11.722	0.93663				2
2025.12.08	01:11:12.090	0.93657				2
2025.12.08	01:11:12.524	0.93656	0.93695			6
2025.12.08	01:11:13.678	0.93659				2
2025.12.08	01:11:16.209	0.93656				2
2025.12.08	01:11:21.386	0.93659				2
2025.12.08	01:11:22.532	0.93660	0.93694			6
2025.12.08	01:11:23.045	0.93657				2
2025.12.08	01:11:23.355		0.93695			4
2025.12.08	01:11:23.987		0.93694			4
2025.12.08	01:11:28.937	0.93658				2
2025.12.08	01:11:30.535	0.93661				2
2025.12.08	01:11:34.586	0.93662	0.93693			6
2025.12.08	01:11:35.008	0.93658	0.93691			6
2025.12.08	01:11:36.042	0.93660				2
2025.12.08	01:11:37.746	0.93663				2
2025.12.08	01:11:38.341	0.93660	0.93692			6
2025.12.08	01:11:38.648	0.93668				2
2025.12.08	01:11:40.080	0.93658				2
2025.12.08	01:11:40.758	0.93663				2
2025.12.08	01:11:41.243	0.93662				2
2025.12.08	01:11:42.617	0.93657				2
2025.12.08	01:11:44.467	0.93663				2
2025.12.08	01:11:45.182	0.93664				2
2025.12.08	01:11:48.387	0.93658				2
2025.12.08	01:11:49.081	0.93657	0.93693			6
2025.12.08	01:11:49.530	0.93658	0.93692			6
2025.12.08	01:11:50.739	0.93656	0.93693			6
2025.12.08	01:11:52.559	0.93670				2
2025.12.08	01:11:53.432	0.93662	0.93695			6
2025.12.08	01:11:55.421	0.93660	0.93694			6
2025.12.08	01:11:57.243		0.93693			4
2025.12.08	01:11:57.890	0.93661				2
2025.12.08	01:11:59.018	0.93658				2
2025.12.08	01:12:00.243	0.93658				2
2025.12.08	01:12:01.203	0.93660				2
2025.12.08	01:12:02.469	0.93655				2
2025.12.08	01:12:04.725	0.93654				2
2025.12.08	01:12:05.245	0.93656	0.93694			6
2025.12.08	01:12:07.764	0.93660				2
2025.12.08	01:12:08.503	0.93657				2
2025.12.08	01:12:08.974	0.93659	0.93695			6
2025.12.08	01:12:09.475		0.93694			4
2025.12.08	01:12:11.245	0.93656	0.93689			6
2025.12.08	01:12:13.535		0.93690			4
2025.12.08	01:12:14.614	0.93659	0.93689			6
2025.12.08	01:12:15.814	0.93655				2
2025.12.08	01:12:16.147	0.93652				2
2025.12.08	01:12:18.244	0.93634				2
2025.12.08	01:12:22.091		0.93693			4
2025.12.08	01:12:22.397		0.93692			4
2025.12.08	01:12:24.006		0.93693			4
2025.12.08	01:12:31.534		0.93694			4
2025.12.08	01:12:34.639		0.93695			4
2025.12.08	01:12:35.320		0.93696			4
2025.12.08	01:12:37.188		0.93694			4
2025.12.08	01:12:38.730		0.93691			4
2025.12.08	01:12:40.247		0.93690			4
2025.12.08	01:12:43.761		0.93689			4
2025.12.08	01:12:44.282		0.93693			4
2025.12.08	01:12:44.781		0.93695			4
2025.12.08	01:12:46.339		0.93694			4
2025.12.08	01:12:50.671		0.93692			4
2025.12.08	01:12:51.478		0.93689			4
2025.12.08	01:12:57.270		0.93684			4
2025.12.08	01:12:57.760		0.93686			4
2025.12.08	01:12:58.431		0.93684			4
2025.12.08	01:13:00.463	0.93634				2
2025.12.08	01:13:04.575		0.93685			4
2025.12.08	01:13:05.434		0.93683			4
2025.12.08	01:13:05.896		0.93681			4
2025.12.08	01:13:07.883		0.93680			4
2025.12.08	01:13:11.193		0.93679			4
2025.12.08	01:13:11.841		0.93680			4
2025.12.08	01:13:12.249		0.93679			4
2025.12.08	01:13:13.482	0.93661	0.93682			6
2025.12.08	01:13:13.798	0.93662	0.93698			6
2025.12.08	01:13:14.235	0.93674	0.93702			6
2025.12.08	01:13:14.541		0.93696			4
2025.12.08	01:13:14.843	0.93662	0.93693			6
2025.12.08	01:13:15.158	0.93666	0.93695			6
2025.12.08	01:13:15.838	0.93670	0.93694			6
2025.12.08	01:13:16.340		0.93698			4
2025.12.08	01:13:16.648	0.93672	0.93699			6
2025.12.08	01:13:17.151	0.93670				2
2025.12.08	01:13:18.286	0.93672				2
2025.12.08	01:13:18.962	0.93671	0.93701			6
2025.12.08	01:13:26.540	0.93656				2
2025.12.08	01:13:32.258		0.93702			4
2025.12.08	01:13:33.159	0.93668	0.93708			6
2025.12.08	01:13:33.467	0.93670	0.93706			6
2025.12.08	01:13:34.339	0.93671	0.93705			6
2025.12.08	01:13:36.292	0.93661	0.93707			6
2025.12.08	01:13:37.250	0.93655				2
2025.12.08	01:13:38.415	0.93654				2
2025.12.08	01:13:39.933	0.93659	0.93709			6
2025.12.08	01:13:40.435	0.93662				2
2025.12.08	01:13:46.039	0.93663				2
2025.12.08	01:13:46.341	0.93659				2
2025.12.08	01:13:48.251	0.93658	0.93710			6
2025.12.08	01:13:48.575	0.93654				2
2025.12.08	01:13:49.578	0.93662				2
2025.12.08	01:13:50.609	0.93668				2
2025.12.08	01:13:51.115	0.93661	0.93709			6
2025.12.08	01:13:51.467	0.93651				2
2025.12.08	01:13:52.342		0.93708			4
2025.12.08	01:13:52.672	0.93654	0.93709			6
2025.12.08	01:13:53.439	0.93634				2
2025.12.08	01:13:55.691		0.93708			4
2025.12.08	01:13:56.089		0.93709			4
2025.12.08	01:13:57.750		0.93710			4
2025.12.08	01:14:00.335	0.93634				2
2025.12.08	01:14:00.937		0.93709			4
2025.12.08	01:14:01.253		0.93710			4
2025.12.08	01:14:01.687		0.93711			4
2025.12.08	01:14:02.002		0.93710			4
2025.12.08	01:14:07.143		0.93705			4
2025.12.08	01:14:08.984		0.93706			4
2025.12.08	01:14:11.787		0.93701			4
2025.12.08	01:14:12.287		0.93702			4
2025.12.08	01:14:13.242		0.93705			4
2025.12.08	01:14:14.320		0.93704			4
2025.12.08	01:14:16.323		0.93701			4
2025.12.08	01:14:17.665		0.93700			4
2025.12.08	01:14:17.991		0.93701			4
2025.12.08	01:14:18.847		0.93703			4
2025.12.08	01:14:19.938		0.93704			4
2025.12.08	01:14:21.783	0.93683	0.93714			6
2025.12.08	01:14:22.659	0.93685				2
2025.12.08	01:14:23.035		0.93717			4
2025.12.08	01:14:24.008	0.93680	0.93707			6
2025.12.08	01:14:31.433		0.93706			4
2025.12.08	01:14:32.537		0.93707			4
2025.12.08	01:14:34.423	0.93681				2
2025.12.08	01:14:35.356	0.93682	0.93708			6
2025.12.08	01:14:35.862		0.93709			4
2025.12.08	01:14:36.383	0.93683				2
2025.12.08	01:14:37.310	0.93670				2
2025.12.08	01:14:42.975	0.93669				2
2025.12.08	01:14:44.409	0.93690	0.93721			6
2025.12.08	01:14:46.727	0.93691	0.93726			6
2025.12.08	01:14:47.031		0.93725			4
2025.12.08	01:14:47.356	0.93692	0.93726			6
2025.12.08	01:14:47.942	0.93693	0.93725			6
2025.12.08	01:14:48.445		0.93726			4
2025.12.08	01:14:58.424	0.93694				2
2025.12.08	01:15:00.257	0.93694				2
2025.12.08	01:15:00.567	0.93693				2
2025.12.08	01:15:02.594	0.93698				2
2025.12.08	01:15:02.901	0.93699				2
2025.12.08	01:15:03.366	0.93698				2
2025.12.08	01:15:04.067	0.93699				2
2025.12.08	01:15:04.520	0.93698				2
2025.12.08	01:15:04.848	0.93699				2
2025.12.08	01:15:06.755	0.93700				2
2025.12.08	01:15:07.718		0.93724			4
2025.12.08	01:15:08.037		0.93726			4
2025.12.08	01:15:08.582	0.93699				2
2025.12.08	01:15:08.909		0.93724			4
2025.12.08	01:15:09.337		0.93726			4
2025.12.08	01:15:10.017	0.93700				2
2025.12.08	01:15:10.902	0.93699				2
2025.12.08	01:15:11.223		0.93724			4
2025.12.08	01:15:11.540		0.93726			4
2025.12.08	01:15:12.805	0.93700				2
2025.12.08	01:15:13.970		0.93724			4
2025.12.08	01:15:14.288		0.93726			4
2025.12.08	01:15:15.050		0.93724			4
2025.12.08	01:15:15.382	0.93701	0.93726			6
2025.12.08	01:15:16.472		0.93724			4
2025.12.08	01:15:16.784		0.93726			4
2025.12.08	01:15:17.118		0.93725			4
2025.12.08	01:15:18.542		0.93724			4
2025.12.08	01:15:19.540		0.93725			4
2025.12.08	01:15:20.536		0.93724			4
2025.12.08	01:15:20.880	0.93702				2
2025.12.08	01:15:21.612		0.93725			4
2025.12.08	01:15:22.164		0.93726			4
2025.12.08	01:15:23.587	0.93696	0.93723			6
2025.12.08	01:15:23.896	0.93697				2
2025.12.08	01:15:24.198	0.93702	0.93720			6
2025.12.08	01:15:24.510	0.93699	0.93725			6
2025.12.08	01:15:25.128	0.93700	0.93722			6
2025.12.08	01:15:25.472	0.93699	0.93723			6
2025.12.08	01:15:25.816	0.93702	0.93722			6
2025.12.08	01:15:26.143	0.93703	0.93721			6
2025.12.08	01:15:26.528	0.93701	0.93723			6
2025.12.08	01:15:27.259	0.93702	0.93722			6
2025.12.08	01:15:27.564	0.93701	0.93723			6
2025.12.08	01:15:29.258	0.93702	0.93722			6
2025.12.08	01:15:29.604	0.93703	0.93721			6
2025.12.08	01:15:29.933	0.93701	0.93720			6
2025.12.08	01:15:30.572	0.93702	0.93719			6
2025.12.08	01:15:33.440	0.93703				2
2025.12.08	01:15:33.812	0.93702				2
2025.12.08	01:15:35.478	0.93703				2
2025.12.08	01:15:35.884	0.93700	0.93720			6
2025.12.08	01:15:36.939	0.93699				2
2025.12.08	01:15:38.702	0.93700				2
2025.12.08	01:15:39.961	0.93698	0.93722			6
2025.12.08	01:15:40.762	0.93699				2
2025.12.08	01:15:41.079	0.93698				2
2025.12.08	01:15:44.559	0.93701	0.93718			6
2025.12.08	01:15:44.934	0.93699	0.93720			6
2025.12.08	01:15:45.252		0.93718			4
2025.12.08	01:15:45.559		0.93719			4
2025.12.08	01:15:46.259	0.93700	0.93718			6
2025.12.08	01:15:46.599	0.93699				2
2025.12.08	01:15:47.428	0.93700	0.93717			6
2025.12.08	01:15:48.074		0.93718			4
2025.12.08	01:15:48.401	0.93701	0.93716			6
2025.12.08	01:15:49.106	0.93696	0.93721			6
2025.12.08	01:15:49.463	0.93697				2
2025.12.08	01:15:49.837	0.93700	0.93718			6
2025.12.08	01:15:50.159	0.93699	0.93720			6
2025.12.08	01:15:50.517		0.93719			4
2025.12.08	01:15:50.820	0.93697	0.93721			6
2025.12.08	01:15:51.211	0.93701	0.93718			6
2025.12.08	01:15:51.552	0.93700	0.93719			6
2025.12.08	01:15:51.905	0.93697	0.93722			6
2025.12.08	01:15:52.218	0.93700	0.93718			6
2025.12.08	01:15:52.941	0.93697	0.93721			6
2025.12.08	01:15:53.259	0.93700	0.93718			6
2025.12.08	01:15:54.105	0.93701	0.93717			6
2025.12.08	01:15:54.492	0.93698	0.93721			6
2025.12.08	01:15:54.804	0.93701	0.93718			6
2025.12.08	01:15:55.476	0.93698	0.93720			6
2025.12.08	01:15:55.791	0.93699	0.93719			6
2025.12.08	01:15:56.131	0.93700	0.93718			6
2025.12.08	01:15:56.614	0.93701				2
2025.12.08	01:15:56.926	0.93698	0.93721			6
2025.12.08	01:15:57.262	0.93701	0.93717			6
2025.12.08	01:15:57.571	0.93700	0.93718			6
2025.12.08	01:15:57.893	0.93701	0.93717			6
2025.12.08	01:15:58.254	0.93698	0.93721			6
2025.12.08	01:15:58.607	0.93697				2
2025.12.08	01:15:58.930	0.93701	0.93717			6
2025.12.08	01:15:59.255	0.93698	0.93721			6
2025.12.08	01:15:59.628	0.93700	0.93719			6
2025.12.08	01:15:59.942		0.93718			4
2025.12.08	01:16:00.260	0.93698	0.93721			6
2025.12.08	01:16:00.562	0.93701	0.93718			6
2025.12.08	01:16:00.879	0.93700				2
2025.12.08	01:16:01.261	0.93707	0.93723			6
2025.12.08	01:16:01.572	0.93705	0.93725			6
2025.12.08	01:16:02.261	0.93708	0.93723			6
2025.12.08	01:16:02.585	0.93704	0.93726			6
2025.12.08	01:16:03.351	0.93706	0.93724			6
2025.12.08	01:16:03.671	0.93705				2
2025.12.08	01:16:04.387	0.93707	0.93723			6
2025.12.08	01:16:04.715	0.93705	0.93724			6
2025.12.08	01:16:05.261	0.93707	0.93723			6
2025.12.08	01:16:05.582	0.93705	0.93726			6
2025.12.08	01:16:05.940		0.93725			4
2025.12.08	01:16:06.257	0.93707	0.93726			6
2025.12.08	01:16:06.562	0.93705				2
2025.12.08	01:16:07.497	0.93707				2
2025.12.08	01:16:07.831	0.93705				2
2025.12.08	01:16:08.262	0.93707				2
2025.12.08	01:16:08.612	0.93708	0.93723			6
2025.12.08	01:16:09.991	0.93707				2
2025.12.08	01:16:10.702	0.93708				2
2025.12.08	01:16:11.025	0.93707				2
2025.12.08	01:16:11.738	0.93708				2
2025.12.08	01:16:12.063	0.93707				2
2025.12.08	01:16:12.775	0.93708				2
2025.12.08	01:16:13.097	0.93707				2
2025.12.08	01:16:13.813	0.93708				2
2025.12.08	01:16:14.135	0.93707				2
2025.12.08	01:16:14.842	0.93708				2
2025.12.08	01:16:15.165	0.93707				2
2025.12.08	01:16:15.877	0.93708				2
2025.12.08	01:16:16.200	0.93707				2
2025.12.08	01:16:16.915	0.93708				2
2025.12.08	01:16:17.236	0.93707				2
2025.12.08	01:16:18.114	0.93708				2
2025.12.08	01:16:18.443	0.93706	0.93726			6
2025.12.08	01:16:19.182	0.93705	0.93724			6
2025.12.08	01:16:19.520	0.93634	0.93715			6
2025.12.08	01:16:20.173		0.93713			4
2025.12.08	01:16:20.545		0.93709			4
2025.12.08	01:16:21.747	0.93635	0.93706			6
2025.12.08	01:16:22.103	0.93634				2
2025.12.08	01:16:22.769		0.93705			4
2025.12.08	01:16:23.692		0.93701			4
2025.12.08	01:16:24.032		0.93690			4
2025.12.08	01:16:24.340		0.93689			4
2025.12.08	01:16:24.818		0.93690			4
2025.12.08	01:16:25.139		0.93691			4
2025.12.08	01:16:25.592		0.93692			4
2025.12.08	01:16:26.350		0.93693			4
2025.12.08	01:16:26.662		0.93692			4
2025.12.08	01:16:27.009		0.93691			4
2025.12.08	01:16:27.318		0.93692			4
2025.12.08	01:16:27.626		0.93694			4
2025.12.08	01:16:28.934		0.93695			4
2025.12.08	01:16:29.254		0.93694			4
2025.12.08	01:16:29.721		0.93690			4
2025.12.08	01:16:32.680		0.93695			4
2025.12.08	01:16:33.002		0.93694			4
2025.12.08	01:16:33.438		0.93693			4
2025.12.08	01:16:34.158		0.93691			4
2025.12.08	01:16:34.763		0.93693			4
2025.12.08	01:16:35.078		0.93691			4
2025.12.08	01:16:36.277		0.93692			4
2025.12.08	01:16:36.602		0.93689			4
2025.12.08	01:16:36.980	0.93642				2
2025.12.08	01:16:37.332	0.93634	0.93691			6
2025.12.08	01:16:37.638		0.93689			4
2025.12.08	01:16:38.345		0.93690			4
2025.12.08	01:16:38.651		0.93688			4
2025.12.08	01:16:39.321		0.93690			4
2025.12.08	01:16:39.940		0.93689			4
2025.12.08	01:16:40.347		0.93690			4
2025.12.08	01:16:40.671		0.93689			4
2025.12.08	01:16:41.410		0.93690			4
2025.12.08	01:16:41.734		0.93689			4
2025.12.08	01:16:42.671		0.93690			4
2025.12.08	01:16:42.979		0.93694			4
2025.12.08	01:16:46.810		0.93695			4
2025.12.08	01:16:47.254		0.93694			4
2025.12.08	01:16:48.827		0.93695			4
2025.12.08	01:16:50.203		0.93696			4
2025.12.08	01:16:50.958		0.93697			4
2025.12.08	01:16:51.265		0.93696			4
2025.12.08	01:16:52.306		0.93695			4
2025.12.08	01:16:53.340		0.93696			4
2025.12.08	01:16:57.597		0.93695			4
2025.12.08	01:16:58.591		0.93696			4
2025.12.08	01:17:00.348	0.93634				2
2025.12.08	01:17:00.690		0.93697			4
2025.12.08	01:17:01.002		0.93696			4
2025.12.08	01:17:05.363		0.93698			4
2025.12.08	01:17:06.722	0.93657				2
2025.12.08	01:17:07.113	0.93634				2
2025.12.08	01:17:08.163		0.93697			4
2025.12.08	01:17:10.049		0.93698			4
2025.12.08	01:17:10.737		0.93699			4
2025.12.08	01:17:11.051		0.93704			4
2025.12.08	01:17:11.367		0.93705			4
2025.12.08	01:17:12.963		0.93704			4
2025.12.08	01:17:16.340		0.93702			4
2025.12.08	01:17:17.389		0.93700			4
2025.12.08	01:17:18.018		0.93701			4
2025.12.08	01:17:18.349		0.93698			4
2025.12.08	01:17:18.701		0.93699			4
2025.12.08	01:17:19.036	0.93656	0.93701			6
2025.12.08	01:17:19.344		0.93702			4
2025.12.08	01:17:20.017	0.93658				2
2025.12.08	01:17:20.412	0.93655	0.93705			6
2025.12.08	01:17:20.721	0.93659	0.93701			6
2025.12.08	01:17:21.045	0.93658	0.93702			6
2025.12.08	01:17:21.365	0.93657	0.93703			6
2025.12.08	01:17:21.689	0.93660	0.93701			6
2025.12.08	01:17:22.013	0.93661				2
2025.12.08	01:17:23.095	0.93658	0.93706			6
2025.12.08	01:17:23.465	0.93660	0.93703			6
2025.12.08	01:17:23.955		0.93704			4
2025.12.08	01:17:24.341	0.93658	0.93705			6
2025.12.08	01:17:24.672	0.93662	0.93702			6
2025.12.08	01:17:24.990	0.93660	0.93703			6
2025.12.08	01:17:25.336	0.93659	0.93705			6
2025.12.08	01:17:25.639		0.93704			4
2025.12.08	01:17:26.416	0.93658	0.93707			6
2025.12.08	01:17:26.772	0.93661	0.93705			6
2025.12.08	01:17:27.475	0.93658	0.93707			6
2025.12.08	01:17:27.803	0.93660	0.93705			6
2025.12.08	01:17:28.531	0.93656	0.93708			6
2025.12.08	01:17:28.845	0.93658	0.93707			6
2025.12.08	01:17:29.762	0.93660				2
2025.12.08	01:17:30.225		0.93706			4
2025.12.08	01:17:30.560		0.93707			4
2025.12.08	01:17:30.864	0.93661	0.93706			6
2025.12.08	01:17:32.383	0.93662	0.93707			6
2025.12.08	01:17:32.756	0.93659	0.93709			6
2025.12.08	01:17:33.067	0.93661	0.93708			6
2025.12.08	01:17:33.910		0.93707			4
2025.12.08	01:17:34.967	0.93660	0.93708			6
2025.12.08	01:17:35.710	0.93659				2
2025.12.08	01:17:36.041	0.93660	0.93707			6
2025.12.08	01:17:38.049	0.93657	0.93709			6
2025.12.08	01:17:38.384	0.93659	0.93706			6
2025.12.08	01:17:39.297		0.93709			4
2025.12.08	01:17:39.623		0.93707			4
2025.12.08	01:17:40.316	0.93660	0.93705			6
2025.12.08	01:17:41.266	0.93659	0.93707			6
2025.12.08	01:17:41.578		0.93706			4
2025.12.08	01:17:41.891		0.93707			4
2025.12.08	01:17:42.537	0.93660	0.93708			6
2025.12.08	01:17:43.246		0.93707			4
2025.12.08	01:17:44.088		0.93706			4
2025.12.08	01:17:44.598	0.93657				2
2025.12.08	01:17:44.964	0.93650	0.93708			6
2025.12.08	01:17:45.272	0.93655	0.93707			6
2025.12.08	01:17:46.038		0.93708			4
2025.12.08	01:17:46.340	0.93660	0.93706			6
2025.12.08	01:17:48.222		0.93709			4
2025.12.08	01:17:48.557	0.93661	0.93710			6
2025.12.08	01:17:48.858		0.93708			4
2025.12.08	01:17:49.735	0.93656	0.93710			6
2025.12.08	01:17:50.038	0.93658	0.93708			6
2025.12.08	01:17:50.753	0.93660				2
2025.12.08	01:17:51.655	0.93697	0.93710			6
2025.12.08	01:17:53.113	0.93669				2
2025.12.08	01:17:53.651	0.93686				2
2025.12.08	01:17:56.982	0.93685				2
2025.12.08	01:17:58.156	0.93686				2
2025.12.08	01:18:00.189	0.93686				2
2025.12.08	01:18:00.499	0.93687	0.93708			6
2025.12.08	01:18:01.540	0.93686				2
2025.12.08	01:18:02.055		0.93710			4
2025.12.08	01:18:02.359	0.93687	0.93708			6
2025.12.08	01:18:03.149	0.93686				2
2025.12.08	01:18:04.268	0.93687				2
2025.12.08	01:18:06.335	0.93688				2
2025.12.08	01:18:06.637	0.93687				2
2025.12.08	01:18:08.408		0.93709			4
2025.12.08	01:18:08.907	0.93686				2
2025.12.08	01:18:09.450	0.93687	0.93708			6
2025.12.08	01:18:13.448	0.93691	0.93709			6
2025.12.08	01:18:14.093	0.93689				2
2025.12.08	01:18:14.399	0.93699	0.93721			6
2025.12.08	01:18:14.717		0.93717			4
2025.12.08	01:18:15.186	0.93701	0.93718			6
2025.12.08	01:18:15.498		0.93722			4
2025.12.08	01:18:15.855	0.93699	0.93724			6
2025.12.08	01:18:16.197		0.93721			4
2025.12.08	01:18:16.520	0.93702	0.93724			6
