<DATE>	<TIME>	<BID>	<ASK>	<LAST>	<VOLUME>	<FLAGS>
2025.07.30	00:03:30.899	0.92990	0.93121			6
2025.07.30	00:04:35.941	0.92990	0.93121			6
2025.07.30	00:05:30.940	0.92990				2
2025.07.30	00:06:25.944	0.92990	0.93121			6
2025.07.30	00:07:08.652	0.92990				2
2025.07.30	00:07:49.301		0.93121			4
2025.07.30	00:08:00.432	0.92990				2
2025.07.30	00:08:54.399		0.93121			4
2025.07.30	00:09:10.960	0.92990				2
2025.07.30	00:09:45.275		0.93115			4
2025.07.30	00:10:01.832	0.92990				2
2025.07.30	00:10:11.975	0.93048	0.93100			6
2025.07.30	00:10:49.122	0.93053				2
2025.07.30	00:10:51.841	0.93031				2
2025.07.30	00:11:01.678	0.93031				2
2025.07.30	00:11:05.389	0.92979	0.93121			6
2025.07.30	00:11:07.003	0.92992	0.93115			6
2025.07.30	00:11:07.516	0.93031	0.93100			6
2025.07.30	00:11:08.494	0.92992	0.93115			6
2025.07.30	00:11:14.780	0.93031	0.93103			6
2025.07.30	00:11:15.752	0.92992	0.93115			6
2025.07.30	00:11:22.046	0.93031	0.93103			6
2025.07.30	00:11:23.026	0.92992	0.93115			6
2025.07.30	00:11:26.401		0.93121			4
2025.07.30	00:11:29.315	0.93031	0.93103			6
2025.07.30	00:11:30.277	0.92992	0.93115			6
2025.07.30	00:11:36.534	0.93032	0.93103			6
2025.07.30	00:11:37.507	0.92992	0.93115			6
2025.07.30	00:11:49.521	0.92996	0.93114			6
2025.07.30	00:12:07.199	0.92992	0.93121			6
2025.07.30	00:12:08.219	0.92996	0.93114			6
2025.07.30	00:13:45.952	0.92996	0.93114			6
2025.07.30	00:14:40.956	0.92996				2
2025.07.30	00:15:02.152	0.92996	0.93114			6
2025.07.30	00:16:55.933	0.93001	0.93119			6
2025.07.30	00:16:57.419	0.92999	0.93118			6
2025.07.30	00:16:59.268	0.93000				2
2025.07.30	00:17:07.001	0.92999	0.93114			6
2025.07.30	00:17:07.548	0.92998				2
2025.07.30	00:17:09.324	0.93001				2
2025.07.30	00:17:09.847	0.93006				2
2025.07.30	00:17:10.527	0.93008	0.93113			6
2025.07.30	00:17:14.483	0.93010	0.93115			6
2025.07.30	00:17:26.264	0.92999	0.93116			6
2025.07.30	00:17:26.639	0.93006				2
2025.07.30	00:17:27.925	0.93008				2
2025.07.30	00:17:32.024	0.93010	0.93115			6
2025.07.30	00:17:52.358	0.93007	0.93116			6
2025.07.30	00:17:52.822	0.93009	0.93115			6
2025.07.30	00:18:06.480	0.93009				2
2025.07.30	00:18:11.237	0.93000	0.93116			6
2025.07.30	00:18:14.487		0.93117			4
2025.07.30	00:18:16.905	0.93005				2
2025.07.30	00:18:18.004	0.93009				2
2025.07.30	00:18:24.437	0.93011	0.93116			6
2025.07.30	00:18:43.519	0.93009	0.93117			6
2025.07.30	00:18:48.328	0.93011	0.93116			6
2025.07.30	00:19:02.716	0.93002	0.93117			6
2025.07.30	00:19:04.176	0.93009				2
2025.07.30	00:19:09.279	0.93011	0.93116			6
2025.07.30	00:19:09.621	0.93004	0.93117			6
2025.07.30	00:19:11.422	0.93008				2
2025.07.30	00:19:12.030	0.93011	0.93116			6
2025.07.30	00:19:23.570	0.93004	0.93117			6
2025.07.30	00:19:24.617	0.93008				2
2025.07.30	00:19:26.418	0.93011	0.93116			6
2025.07.30	00:19:32.082	0.93009	0.93117			6
2025.07.30	00:19:32.920	0.93011	0.93116			6
2025.07.30	00:19:40.323	0.93008	0.93117			6
2025.07.30	00:19:40.986	0.93011	0.93116			6
2025.07.30	00:19:42.931	0.93012				2
2025.07.30	00:19:57.093	0.93000	0.93117			6
2025.07.30	00:19:58.318	0.93001				2
2025.07.30	00:19:59.618	0.93006				2
2025.07.30	00:20:01.197	0.93006				2
2025.07.30	00:20:02.718	0.93008				2
2025.07.30	00:20:11.835	0.93011	0.93116			6
2025.07.30	00:20:18.513	0.93012				2
2025.07.30	00:20:32.905	0.93009	0.93117			6
2025.07.30	00:20:34.714	0.93012				2
2025.07.30	00:20:35.342	0.93010	0.93114			6
2025.07.30	00:20:36.635	0.93009				2
2025.07.30	00:20:42.333	0.93008	0.93116			6
2025.07.30	00:20:43.254	0.93007				2
2025.07.30	00:20:52.024	0.93008				2
2025.07.30	00:21:00.323	0.93004				2
2025.07.30	00:21:02.118	0.93006				2
2025.07.30	00:21:03.620	0.93007				2
2025.07.30	00:21:10.330	0.93008				2
2025.07.30	00:21:14.254	0.93006				2
2025.07.30	00:21:15.320	0.92999				2
2025.07.30	00:21:18.258	0.93005				2
2025.07.30	00:21:18.924	0.93007				2
2025.07.30	00:21:20.417	0.93008				2
2025.07.30	00:21:40.433		0.93118			4
2025.07.30	00:21:44.294	0.93010				2
2025.07.30	00:21:56.111	0.93007				2
2025.07.30	00:21:57.318	0.93009				2
2025.07.30	00:21:58.203	0.93010				2
2025.07.30	00:22:10.324	0.93010				2
2025.07.30	00:22:14.381	0.93008	0.93113			6
2025.07.30	00:22:23.112	0.93005	0.93114			6
2025.07.30	00:22:23.485	0.93009	0.93113			6
2025.07.30	00:22:24.253	0.93008				2
2025.07.30	00:22:25.821	0.93009				2
2025.07.30	00:22:30.419	0.93008				2
2025.07.30	00:22:31.042		0.93119			4
2025.07.30	00:22:31.589	0.93009	0.93120			6
2025.07.30	00:22:51.064	0.93008	0.93119			6
2025.07.30	00:22:51.917	0.93009	0.93120			6
2025.07.30	00:23:11.839	0.93008	0.93119			6
2025.07.30	00:23:12.197	0.93009				2
2025.07.30	00:23:33.569	0.93010	0.93121			6
2025.07.30	00:23:40.420	0.93009	0.93120			6
2025.07.30	00:23:46.309		0.93121			4
2025.07.30	00:23:47.030	0.93010	0.93114			6
2025.07.30	00:23:47.418	0.93011				2
2025.07.30	00:23:49.044		0.93121			4
2025.07.30	00:23:49.442		0.93114			4
2025.07.30	00:23:53.970		0.93116			4
2025.07.30	00:23:54.439		0.93114			4
2025.07.30	00:23:54.790		0.93116			4
2025.07.30	00:23:55.090		0.93121			4
2025.07.30	00:24:02.215	0.93008				2
2025.07.30	00:24:02.522	0.93009				2
2025.07.30	00:24:05.576	0.93010	0.93119			6
2025.07.30	00:24:10.323	0.93008				2
2025.07.30	00:24:15.797	0.92996	0.93113			6
2025.07.30	00:24:16.115	0.92999	0.93116			6
2025.07.30	00:24:16.676	0.93002	0.93119			6
2025.07.30	00:24:17.503	0.93001	0.93120			6
2025.07.30	00:24:20.429	0.93006	0.93121			6
2025.07.30	00:24:21.125	0.93007				2
2025.07.30	00:24:22.473		0.93119			4
2025.07.30	00:24:25.253	0.93009				2
2025.07.30	00:24:26.120	0.93010				2
2025.07.30	00:24:26.470	0.93012	0.93118			6
2025.07.30	00:24:36.487		0.93117			4
2025.07.30	00:24:45.474	0.93011	0.93121			6
2025.07.30	00:24:52.099	0.93008				2
2025.07.30	00:24:52.515	0.93009				2
2025.07.30	00:24:57.629	0.93011				2
2025.07.30	00:25:02.812	0.93011				2
2025.07.30	00:25:14.138	0.93009				2
2025.07.30	00:25:16.148	0.93011				2
2025.07.30	00:25:29.946	0.93007				2
2025.07.30	00:25:32.804	0.93009				2
2025.07.30	00:25:40.847	0.93008	0.93123			6
2025.07.30	00:25:46.028	0.93007				2
2025.07.30	00:25:46.821	0.93010				2
2025.07.30	00:25:55.400		0.93121			4
2025.07.30	00:25:56.043		0.93120			4
2025.07.30	00:26:06.478	0.93010				2
2025.07.30	00:26:07.653	0.93006				2
2025.07.30	00:26:08.219		0.93121			4
2025.07.30	00:26:09.258	0.93009				2
2025.07.30	00:26:10.524	0.93010				2
2025.07.30	00:26:13.486	0.93001	0.93120			6
2025.07.30	00:26:14.257		0.93121			4
2025.07.30	00:26:17.427	0.93005				2
2025.07.30	00:26:19.218	0.93007				2
2025.07.30	00:26:22.024	0.93010				2
2025.07.30	00:26:23.774	0.93004				2
2025.07.30	00:26:24.160	0.93001				2
2025.07.30	00:26:34.461	0.92994	0.93136			6
2025.07.30	00:26:40.385		0.93134			4
2025.07.30	00:26:43.491	0.92995	0.93122			6
2025.07.30	00:26:43.956	0.93002				2
2025.07.30	00:26:44.303	0.93005				2
2025.07.30	00:26:45.917	0.93008	0.93123			6
2025.07.30	00:26:47.760	0.93010				2
2025.07.30	00:26:50.423		0.93122			4
2025.07.30	00:26:53.808	0.93014				2
2025.07.30	00:27:00.647	0.93014				2
2025.07.30	00:27:01.379	0.93015				2
2025.07.30	00:27:02.149	0.93016				2
2025.07.30	00:27:08.082	0.93013				2
2025.07.30	00:27:08.817	0.93012				2
2025.07.30	00:27:10.259	0.93011				2
2025.07.30	00:27:11.839	0.93014				2
2025.07.30	00:27:12.218		0.93121			4
2025.07.30	00:27:12.921		0.93122			4
2025.07.30	00:27:13.249	0.93015				2
2025.07.30	00:27:14.582		0.93121			4
2025.07.30	00:27:15.020		0.93122			4
2025.07.30	00:27:17.274		0.93127			4
2025.07.30	00:27:34.252	0.93016				2
2025.07.30	00:27:35.377	0.93013				2
2025.07.30	00:27:40.859	0.93012				2
2025.07.30	00:27:53.422		0.93125			4
2025.07.30	00:27:54.815	0.93015				2
2025.07.30	00:28:00.809	0.93011				2
2025.07.30	00:28:01.205	0.93010	0.93129			6
2025.07.30	00:28:01.703	0.93017				2
2025.07.30	00:28:22.024		0.93128			4
2025.07.30	00:28:22.807	0.93014				2
2025.07.30	00:28:33.035	0.93011				2
2025.07.30	00:28:44.448	0.93012				2
2025.07.30	00:28:45.499	0.93013				2
2025.07.30	00:28:52.548	0.93012				2
2025.07.30	00:29:00.647	0.93012				2
2025.07.30	00:29:01.219	0.93013				2
2025.07.30	00:29:04.000	0.93016				2
2025.07.30	00:29:04.807	0.93015				2
2025.07.30	00:29:10.423	0.93016				2
2025.07.30	00:29:10.800	0.93013				2
2025.07.30	00:29:13.548	0.93012				2
2025.07.30	00:29:18.050	0.93013				2
2025.07.30	00:29:21.348	0.93012				2
2025.07.30	00:29:21.809	0.93014				2
2025.07.30	00:29:23.261		0.93133			4
2025.07.30	00:29:28.021		0.93134			4
2025.07.30	00:29:30.395	0.93012				2
2025.07.30	00:29:30.743	0.93013				2
2025.07.30	00:29:32.020		0.93129			4
2025.07.30	00:29:40.248	0.93009	0.93121			6
2025.07.30	00:29:49.066		0.93122			4
2025.07.30	00:29:53.824	0.93013				2
2025.07.30	00:30:00.372	0.93014	0.93123			6
2025.07.30	00:30:00.816		0.93121			4
2025.07.30	00:30:01.502	0.93013	0.93126			6
2025.07.30	00:30:02.807	0.93015				2
2025.07.30	00:30:07.010	0.93017				2
2025.07.30	00:30:08.152	0.93016				2
2025.07.30	00:30:10.429	0.93022				2
2025.07.30	00:30:11.747	0.93021				2
2025.07.30	00:30:14.388	0.93023				2
2025.07.30	00:30:15.767	0.93022				2
2025.07.30	00:30:20.752	0.93023				2
2025.07.30	00:30:26.049	0.93021	0.93127			6
2025.07.30	00:30:29.150	0.93022				2
2025.07.30	00:30:41.147	0.93023				2
2025.07.30	00:30:41.680	0.93012				2
2025.07.30	00:30:42.151	0.93023				2
2025.07.30	00:30:47.000	0.93014				2
2025.07.30	00:30:54.650	0.93015				2
2025.07.30	00:30:57.949	0.93016				2
2025.07.30	00:31:01.197	0.93016				2
2025.07.30	00:31:10.775		0.93130			4
2025.07.30	00:31:11.417	0.93020	0.93128			6
2025.07.30	00:31:17.262	0.93021				2
2025.07.30	00:31:24.949	0.93022				2
2025.07.30	00:31:29.295	0.93023				2
2025.07.30	00:31:42.347	0.93024				2
2025.07.30	00:31:47.070	0.93020				2
2025.07.30	00:31:49.307	0.93021				2
2025.07.30	00:31:52.247	0.93022				2
2025.07.30	00:31:54.602	0.93021				2
2025.07.30	00:31:59.967	0.93024				2
2025.07.30	00:32:00.403	0.93024				2
2025.07.30	00:32:04.601	0.93025				2
2025.07.30	00:32:11.550		0.93127			4
2025.07.30	00:32:12.289	0.93015				2
2025.07.30	00:32:18.949	0.93016				2
2025.07.30	00:32:21.792	0.93012				2
2025.07.30	00:32:26.420	0.93013	0.93122			6
2025.07.30	00:32:37.849	0.93014				2
2025.07.30	00:32:47.158	0.93015				2
2025.07.30	00:33:01.787	0.93013				2
2025.07.30	00:33:09.348	0.93014				2
2025.07.30	00:33:21.046	0.93015				2
2025.07.30	00:33:31.548		0.93122			4
2025.07.30	00:33:45.351	0.93016				2
2025.07.30	00:34:02.746	0.93016				2
2025.07.30	00:34:09.947	0.93017				2
2025.07.30	00:34:18.454		0.93120			4
2025.07.30	00:34:34.807	0.93018				2
2025.07.30	00:34:41.420	0.93020				2
2025.07.30	00:34:52.749		0.93122			4
2025.07.30	00:34:56.418		0.93125			4
2025.07.30	00:35:00.323	0.93020				2
2025.07.30	00:35:12.303	0.93021				2
2025.07.30	00:35:25.806	0.93023				2
2025.07.30	00:35:36.681	0.93025				2
2025.07.30	00:35:39.754	0.93029				2
2025.07.30	00:35:42.089	0.93025				2
2025.07.30	00:35:43.022	0.93029				2
2025.07.30	00:35:47.082	0.93028				2
2025.07.30	00:35:50.327	0.93031				2
2025.07.30	00:35:51.420		0.93123			4
2025.07.30	00:35:52.031	0.93026				2
2025.07.30	00:35:58.600	0.93027				2
2025.07.30	00:36:00.322	0.93027				2
2025.07.30	00:36:05.405	0.93026				2
2025.07.30	00:36:10.557	0.93028				2
2025.07.30	00:36:11.258	0.93024				2
2025.07.30	00:36:15.917	0.93027				2
2025.07.30	00:36:18.893	0.93028				2
2025.07.30	00:36:22.848	0.93027				2
2025.07.30	00:36:23.247	0.93031				2
2025.07.30	00:36:24.933	0.93026				2
2025.07.30	00:36:25.988	0.93028				2
2025.07.30	00:36:27.947	0.93029				2
2025.07.30	00:36:30.652	0.93028				2
2025.07.30	00:36:33.422	0.93024				2
2025.07.30	00:36:35.748	0.93029				2
2025.07.30	00:36:45.916	0.93030				2
2025.07.30	00:36:54.332	0.93026	0.93123			6
2025.07.30	00:36:58.848	0.93027				2
2025.07.30	00:37:00.433	0.93033				2
2025.07.30	00:37:10.976	0.93032				2
2025.07.30	00:37:11.420		0.93122			4
2025.07.30	00:37:11.733	0.93029				2
2025.07.30	00:37:24.051	0.93028				2
2025.07.30	00:37:25.976	0.93029				2
2025.07.30	00:37:35.147	0.93028				2
2025.07.30	00:37:35.515	0.93032				2
2025.07.30	00:37:36.228	0.93033				2
2025.07.30	00:37:36.768	0.93028				2
2025.07.30	00:37:39.023	0.93025				2
2025.07.30	00:37:40.809	0.93026				2
2025.07.30	00:37:48.047		0.93121			4
2025.07.30	00:37:48.357		0.93126			4
2025.07.30	00:37:50.133	0.93021				2
2025.07.30	00:37:51.266	0.93024				2
2025.07.30	00:37:53.749	0.93023				2
2025.07.30	00:37:54.902	0.93028				2
2025.07.30	00:37:56.422	0.93027	0.93125			6
2025.07.30	00:38:00.325	0.93027				2
2025.07.30	00:38:02.450	0.93028				2
2025.07.30	00:38:03.395		0.93126			4
2025.07.30	00:38:10.549	0.93027				2
2025.07.30	00:38:14.463	0.93021				2
2025.07.30	00:38:16.516	0.93025				2
2025.07.30	00:38:29.059	0.93026				2
2025.07.30	00:38:31.487	0.93018				2
2025.07.30	00:38:34.970	0.93025				2
2025.07.30	00:38:36.948	0.93021				2
2025.07.30	00:38:40.847	0.93022				2
2025.07.30	00:38:42.155	0.93025				2
2025.07.30	00:38:46.248	0.93026				2
2025.07.30	00:38:47.254		0.93129			4
2025.07.30	00:38:48.047	0.93025				2
2025.07.30	00:38:49.553	0.93026				2
2025.07.30	00:38:51.922	0.93030				2
2025.07.30	00:38:53.450	0.93026				2
2025.07.30	00:38:55.847	0.93022				2
2025.07.30	00:38:56.419	0.93023	0.93127			6
2025.07.30	00:39:00.629	0.93023				2
2025.07.30	00:39:03.030	0.93034				2
2025.07.30	00:39:04.250	0.93035				2
2025.07.30	00:39:09.035	0.93028				2
2025.07.30	00:39:09.602	0.93029				2
2025.07.30	00:39:15.901		0.93126			4
2025.07.30	00:39:16.610		0.93129			4
2025.07.30	00:39:17.749	0.93030				2
2025.07.30	00:39:18.424	0.93031				2
2025.07.30	00:39:22.190	0.93029				2
2025.07.30	00:39:24.017	0.93026				2
2025.07.30	00:39:25.847	0.93029				2
2025.07.30	00:39:26.516	0.93034				2
2025.07.30	00:39:28.062	0.93029				2
2025.07.30	00:39:29.121	0.93030				2
2025.07.30	00:39:29.596	0.93034				2
2025.07.30	00:39:30.490	0.93026				2
2025.07.30	00:39:32.746	0.93027				2
2025.07.30	00:39:34.248	0.93026				2
2025.07.30	00:39:37.550	0.93028				2
2025.07.30	00:39:39.934	0.93027				2
2025.07.30	00:39:41.420	0.93028	0.93124			6
2025.07.30	00:39:45.947	0.93029				2
2025.07.30	00:39:51.222	0.93033				2
2025.07.30	00:39:52.212	0.93030				2
2025.07.30	00:39:56.673	0.93031				2
2025.07.30	00:40:01.196	0.93031				2
2025.07.30	00:40:05.150	0.93032				2
2025.07.30	00:40:05.972	0.93033				2
2025.07.30	00:40:10.427	0.93032				2
2025.07.30	00:40:11.434		0.93128			4
2025.07.30	00:40:12.349	0.93033	0.93127			6
2025.07.30	00:40:12.844		0.93131			4
2025.07.30	00:40:15.581	0.93035				2
2025.07.30	00:40:16.680	0.93036	0.93132			6
2025.07.30	00:40:18.648	0.93035				2
2025.07.30	00:40:19.134	0.93033	0.93131			6
2025.07.30	00:40:29.607		0.93132			4
2025.07.30	00:40:30.840		0.93131			4
2025.07.30	00:40:31.342	0.93028	0.93125			6
2025.07.30	00:40:32.258	0.93022				2
2025.07.30	00:40:33.646		0.93126			4
2025.07.30	00:40:34.181	0.93021	0.93127			6
2025.07.30	00:40:39.649		0.93126			4
2025.07.30	00:40:40.012	0.93025				2
2025.07.30	00:40:45.048	0.93024	0.93127			6
2025.07.30	00:40:48.011	0.93028	0.93129			6
2025.07.30	00:40:49.400		0.93128			4
2025.07.30	00:40:50.890		0.93127			4
2025.07.30	00:40:56.423	0.93029	0.93123			6
2025.07.30	00:40:58.494	0.93032				2
2025.07.30	00:40:58.799	0.93033				2
2025.07.30	00:40:59.137	0.93032				2
2025.07.30	00:40:59.494	0.93033				2
2025.07.30	00:40:59.851	0.93028				2
2025.07.30	00:41:00.189	0.93024				2
2025.07.30	00:41:00.873	0.93023				2
2025.07.30	00:41:01.208	0.93022				2
2025.07.30	00:41:02.034	0.93030				2
2025.07.30	00:41:02.675	0.93026				2
2025.07.30	00:41:04.182	0.93025				2
2025.07.30	00:41:05.262	0.93021				2
2025.07.30	00:41:05.755	0.93023				2
2025.07.30	00:41:06.178	0.93021				2
2025.07.30	00:41:14.149	0.93022				2
2025.07.30	00:41:14.738	0.93024				2
2025.07.30	00:41:15.263	0.93025				2
2025.07.30	00:41:15.680	0.93022				2
2025.07.30	00:41:16.040	0.93025				2
2025.07.30	00:41:16.351	0.93029				2
2025.07.30	00:41:21.196	0.93027				2
2025.07.30	00:41:22.029	0.93021				2
2025.07.30	00:41:22.399	0.93022				2
2025.07.30	00:41:22.731	0.93029				2
2025.07.30	00:41:23.097	0.93021				2
2025.07.30	00:41:25.191	0.93026				2
2025.07.30	00:41:29.115	0.93025				2
2025.07.30	00:41:33.630	0.93031				2
2025.07.30	00:41:35.148	0.93027				2
2025.07.30	00:41:37.616	0.93028				2
2025.07.30	00:41:37.919	0.93026				2
2025.07.30	00:41:39.949	0.93022				2
2025.07.30	00:41:43.236	0.93026				2
2025.07.30	00:41:46.624	0.93024				2
2025.07.30	00:41:47.181	0.93023	0.93128			6
2025.07.30	00:41:49.991	0.93025				2
2025.07.30	00:41:50.362	0.93023				2
2025.07.30	00:41:50.809	0.93022	0.93129			6
2025.07.30	00:41:52.037	0.93024				2
2025.07.30	00:41:52.705	0.93029	0.93128			6
2025.07.30	00:41:53.191	0.93024	0.93129			6
2025.07.30	00:41:56.422	0.93025	0.93124			6
2025.07.30	00:42:00.322	0.93025				2
2025.07.30	00:42:02.572	0.93033				2
2025.07.30	00:42:03.300	0.93030	0.93123			6
2025.07.30	00:42:03.738	0.93025	0.93121			6
2025.07.30	00:42:04.897	0.93024				2
2025.07.30	00:42:05.230	0.93028				2
2025.07.30	00:42:05.538	0.93029	0.93124			6
2025.07.30	00:42:06.049	0.93032				2
2025.07.30	00:42:06.692	0.93026				2
2025.07.30	00:42:07.122	0.93030				2
2025.07.30	00:42:07.478	0.93026				2
2025.07.30	00:42:08.191	0.93027				2
2025.07.30	00:42:10.421	0.93020	0.93121			6
2025.07.30	00:42:12.160	0.93024				2
2025.07.30	00:42:20.038	0.93025				2
2025.07.30	00:42:21.807	0.93023				2
2025.07.30	00:42:22.225	0.93025				2
2025.07.30	00:42:23.808	0.93026				2
2025.07.30	00:42:26.421		0.93119			4
2025.07.30	00:42:31.001	0.93030				2
2025.07.30	00:42:32.028	0.93025				2
2025.07.30	00:42:32.537	0.93029				2
2025.07.30	00:42:33.037	0.93022				2
2025.07.30	00:42:33.534	0.93025	0.93122			6
2025.07.30	00:42:34.033	0.93021				2
2025.07.30	00:42:34.534	0.93025				2
2025.07.30	00:42:35.030	0.93023				2
2025.07.30	00:42:36.049	0.93024				2
2025.07.30	00:42:37.190	0.93018				2
2025.07.30	00:42:39.556	0.93026				2
2025.07.30	00:42:40.434	0.93027				2
2025.07.30	00:42:40.827	0.93025				2
2025.07.30	00:42:41.261	0.93021	0.93120			6
2025.07.30	00:42:41.570	0.93023				2
2025.07.30	00:42:41.932	0.93021				2
2025.07.30	00:42:42.241	0.93023				2
2025.07.30	00:42:43.261	0.93021				2
2025.07.30	00:42:43.622	0.93027				2
2025.07.30	00:42:44.417	0.93023				2
2025.07.30	00:42:45.926	0.93017				2
2025.07.30	00:42:47.270	0.93021				2
2025.07.30	00:42:47.730	0.93017				2
2025.07.30	00:42:48.313		0.93122			4
2025.07.30	00:42:50.207	0.93025				2
2025.07.30	00:42:54.186	0.93019				2
2025.07.30	00:42:58.518	0.93028				2
2025.07.30	00:42:59.022	0.93021				2
2025.07.30	00:42:59.532	0.93028				2
2025.07.30	00:43:00.116	0.93025				2
2025.07.30	00:43:00.532	0.93032				2
2025.07.30	00:43:00.838	0.93029				2
2025.07.30	00:43:01.598	0.93032				2
2025.07.30	00:43:02.162	0.93021				2
2025.07.30	00:43:03.523	0.93025				2
2025.07.30	00:43:04.042	0.93029				2
2025.07.30	00:43:04.542	0.93025				2
2025.07.30	00:43:05.028	0.93032				2
2025.07.30	00:43:05.522	0.93025				2
2025.07.30	00:43:06.037	0.93028				2
2025.07.30	00:43:06.344	0.93026				2
2025.07.30	00:43:06.906	0.93027				2
2025.07.30	00:43:14.427	0.93018				2
2025.07.30	00:43:18.301	0.93027	0.93120			6
2025.07.30	00:43:18.613	0.93011	0.93139			6
2025.07.30	00:43:19.267	0.93012	0.93138			6
2025.07.30	00:43:19.569	0.93025	0.93120			6
2025.07.30	00:43:20.441	0.93027				2
2025.07.30	00:43:24.017	0.93023				2
2025.07.30	00:43:24.807	0.93025				2
2025.07.30	00:43:28.774	0.93028				2
2025.07.30	00:43:29.807	0.93027				2
2025.07.30	00:43:30.237	0.93025				2
2025.07.30	00:43:30.579	0.93021				2
2025.07.30	00:43:32.680	0.93025				2
2025.07.30	00:43:33.305	0.93026	0.93123			6
2025.07.30	00:43:34.784	0.93032				2
2025.07.30	00:43:35.876	0.93028				2
2025.07.30	00:43:39.139	0.93024				2
2025.07.30	00:43:40.426	0.93021				2
2025.07.30	00:43:46.803	0.93023				2
2025.07.30	00:43:47.283	0.93027				2
2025.07.30	00:43:48.647	0.93028				2
2025.07.30	00:43:50.270	0.93021				2
2025.07.30	00:43:50.781	0.93023				2
2025.07.30	00:43:51.360	0.93027				2
2025.07.30	00:43:52.847	0.93028				2
2025.07.30	00:44:00.544	0.93028				2
2025.07.30	00:44:04.824	0.93024				2
2025.07.30	00:44:06.755	0.93026				2
2025.07.30	00:44:07.098	0.93024				2
2025.07.30	00:44:07.810	0.93023				2
2025.07.30	00:44:09.232		0.93124			4
2025.07.30	00:44:12.381		0.93121			4
2025.07.30	00:44:16.951	0.93026	0.93124			6
2025.07.30	00:44:18.305	0.93027				2
2025.07.30	00:44:27.649	0.93028				2
2025.07.30	00:44:33.305	0.93021	0.93117			6
2025.07.30	00:44:33.981		0.93120			4
2025.07.30	00:44:35.813	0.93023	0.93123			6
2025.07.30	00:44:39.347	0.93022				2
2025.07.30	00:44:41.196	0.93023	0.93117			6
2025.07.30	00:44:42.995	0.93019				2
2025.07.30	00:44:44.425	0.93032				2
2025.07.30	00:44:45.226	0.93029				2
2025.07.30	00:44:45.721	0.93032				2
2025.07.30	00:44:46.222	0.93029				2
2025.07.30	00:44:46.724	0.93028				2
2025.07.30	00:44:49.277		0.93113			4
2025.07.30	00:44:52.037	0.93020				2
2025.07.30	00:44:52.454	0.93027				2
2025.07.30	00:44:53.037	0.93029				2
2025.07.30	00:45:01.241	0.93025				2
2025.07.30	00:45:03.121	0.93021	0.93140			6
2025.07.30	00:45:03.740	0.93020	0.93139			6
2025.07.30	00:45:04.951	0.93019	0.93138			6
2025.07.30	00:45:06.467	0.93032	0.93113			6
2025.07.30	00:45:10.978	0.93042	0.93095			6
2025.07.30	00:45:13.421	0.93047				2
2025.07.30	00:45:17.419	0.93046	0.93096			6
2025.07.30	00:45:20.809	0.93045				2
2025.07.30	00:45:21.588	0.93049				2
2025.07.30	00:45:22.266	0.93041				2
2025.07.30	00:45:23.090	0.93049				2
2025.07.30	00:45:24.596	0.93048				2
2025.07.30	00:45:26.422		0.93095			4
2025.07.30	00:45:28.222	0.93040				2
2025.07.30	00:45:30.277	0.93048				2
2025.07.30	00:45:31.197	0.93040				2
2025.07.30	00:45:35.801		0.93097			4
2025.07.30	00:45:39.598	0.93041				2
2025.07.30	00:45:41.449	0.93048	0.93098			6
2025.07.30	00:45:43.846	0.93047				2
2025.07.30	00:45:47.754	0.93049				2
2025.07.30	00:45:48.423	0.93050				2
2025.07.30	00:45:49.837	0.93046				2
2025.07.30	00:45:53.117	0.93048				2
2025.07.30	00:45:54.038	0.93050				2
2025.07.30	00:45:56.424		0.93096			4
2025.07.30	00:46:00.425	0.93046				2
2025.07.30	00:46:03.885	0.93047				2
2025.07.30	00:46:05.043	0.93050				2
2025.07.30	00:46:09.994	0.93048				2
2025.07.30	00:46:13.382	0.93044	0.93095			6
2025.07.30	00:46:13.979	0.93045				2
2025.07.30	00:46:15.115	0.93049				2
2025.07.30	00:46:16.789	0.93051				2
2025.07.30	00:46:20.806		0.93096			4
2025.07.30	00:46:22.219	0.93050				2
2025.07.30	00:46:39.029		0.93095			4
2025.07.30	00:46:39.835		0.93096			4
2025.07.30	00:46:42.269	0.93048				2
2025.07.30	00:46:46.547	0.93047				2
2025.07.30	00:46:49.223	0.93046				2
2025.07.30	00:46:59.886	0.93051	0.93095			6
2025.07.30	00:47:00.257	0.93050				2
2025.07.30	00:47:01.539		0.93096			4
2025.07.30	00:47:01.847	0.93051				2
2025.07.30	00:47:03.179	0.93033	0.93117			6
2025.07.30	00:47:06.539	0.93051	0.93098			6
2025.07.30	00:47:11.422		0.93096			4
2025.07.30	00:47:12.950	0.93050				2
2025.07.30	00:47:19.848	0.93051				2
2025.07.30	00:47:32.334	0.93044				2
2025.07.30	00:47:34.108	0.93045				2
2025.07.30	00:47:35.801	0.93047				2
2025.07.30	00:47:41.423		0.93092			4
2025.07.30	00:47:46.211	0.93046				2
2025.07.30	00:47:46.523	0.93048				2
2025.07.30	00:47:48.023	0.93049				2
2025.07.30	00:47:49.107	0.93046				2
2025.07.30	00:47:56.421	0.93045	0.93094			6
2025.07.30	00:48:00.048	0.93045				2
2025.07.30	00:48:12.632	0.93047				2
2025.07.30	00:48:16.250		0.93098			4
2025.07.30	00:48:16.852	0.93046				2
2025.07.30	00:48:20.803		0.93097			4
2025.07.30	00:48:21.467	0.93044				2
2025.07.30	00:48:21.830	0.93046				2
2025.07.30	00:48:26.427	0.93047	0.93093			6
2025.07.30	00:48:31.412	0.93041				2
2025.07.30	00:48:34.551	0.93042				2
2025.07.30	00:48:40.945	0.93040	0.93095			6
2025.07.30	00:48:41.581	0.93029				2
2025.07.30	00:48:46.847	0.93028				2
2025.07.30	00:48:47.150	0.93029				2
2025.07.30	00:48:50.808		0.93098			4
2025.07.30	00:48:52.195	0.93030	0.93099			6
2025.07.30	00:49:00.048	0.93030				2
2025.07.30	00:49:05.748	0.93028	0.93100			6
2025.07.30	00:49:12.917	0.93029	0.93101			6
2025.07.30	00:49:20.768	0.93025	0.93099			6
2025.07.30	00:49:21.071	0.93019				2
2025.07.30	00:49:21.455	0.93024	0.93122			6
2025.07.30	00:49:24.344		0.93111			4
2025.07.30	00:49:36.048	0.93026				2
2025.07.30	00:49:40.981		0.93101			4
2025.07.30	00:49:44.118	0.93021				2
2025.07.30	00:49:47.148	0.93029				2
2025.07.30	00:49:48.810	0.93021				2
2025.07.30	00:49:51.068	0.93018				2
2025.07.30	00:50:00.330	0.93018				2
2025.07.30	00:50:10.450	0.93025				2
2025.07.30	00:50:21.071	0.93024				2
2025.07.30	00:50:28.524	0.93026				2
2025.07.30	00:50:30.258	0.93025				2
2025.07.30	00:50:31.809	0.93024				2
2025.07.30	00:50:35.988	0.93026	0.93104			6
2025.07.30	00:50:39.534	0.93016				2
2025.07.30	00:50:41.199	0.93015				2
2025.07.30	00:50:52.815	0.93017				2
2025.07.30	00:50:53.254	0.93015				2
2025.07.30	00:50:54.535	0.93016				2
2025.07.30	00:51:02.448	0.93016				2
2025.07.30	00:51:20.232	0.93022				2
2025.07.30	00:51:21.569	0.93024				2
2025.07.30	00:51:30.990		0.93106			4
2025.07.30	00:51:35.148	0.93022				2
2025.07.30	00:51:37.449	0.93024				2
2025.07.30	00:51:41.656	0.93028	0.93113			6
2025.07.30	00:51:47.299	0.93027	0.93100			6
2025.07.30	00:52:00.323	0.93027				2
2025.07.30	00:52:09.646	0.93026				2
2025.07.30	00:52:29.910	0.93009				2
2025.07.30	00:52:31.425	0.93017				2
2025.07.30	00:52:32.447	0.93016				2
2025.07.30	00:52:35.236	0.93009				2
2025.07.30	00:52:39.645	0.93029				2
2025.07.30	00:52:48.048		0.93100			4
2025.07.30	00:52:54.651	0.93032				2
2025.07.30	00:53:00.657	0.93032				2
2025.07.30	00:53:09.649	0.93033				2
2025.07.30	00:53:10.419		0.93110			4
2025.07.30	00:53:21.117		0.93100			4
2025.07.30	00:53:21.439	0.93032				2
2025.07.30	00:53:24.647	0.93026				2
2025.07.30	00:53:30.377		0.93099			4
2025.07.30	00:53:39.348	0.93024				2
2025.07.30	00:53:54.347	0.93023				2
2025.07.30	00:53:57.812	0.93024				2
2025.07.30	00:54:01.810	0.93023				2
2025.07.30	00:54:02.947	0.93022	0.93109			6
2025.07.30	00:54:05.233	0.93023				2
2025.07.30	00:54:17.768	0.93022				2
2025.07.30	00:54:20.233	0.93023	0.93099			6
2025.07.30	00:54:22.808	0.93024				2
2025.07.30	00:54:23.809	0.93023				2
2025.07.30	00:54:30.041	0.93019				2
2025.07.30	00:54:32.150	0.93018				2
2025.07.30	00:54:34.174	0.93019	0.93110			6
2025.07.30	00:54:35.748	0.93020				2
2025.07.30	00:54:36.946	0.93019				2
2025.07.30	00:54:38.853	0.93014				2
2025.07.30	00:54:39.317	0.93012				2
2025.07.30	00:54:39.646	0.93027				2
2025.07.30	00:54:46.595	0.93026				2
2025.07.30	00:54:47.092	0.93027				2
2025.07.30	00:54:54.347	0.93030				2
2025.07.30	00:54:56.348	0.93029	0.93101			6
2025.07.30	00:55:01.853	0.93029				2
2025.07.30	00:55:04.433	0.93024	0.93108			6
2025.07.30	00:55:04.932	0.93021				2
2025.07.30	00:55:05.236	0.93016				2
2025.07.30	00:55:05.806	0.93013				2
2025.07.30	00:55:07.809	0.93014				2
2025.07.30	00:55:08.417	0.93015				2
2025.07.30	00:55:09.617	0.93018				2
2025.07.30	00:55:10.324	0.93020				2
2025.07.30	00:55:10.807	0.93023				2
2025.07.30	00:55:11.692	0.93022				2
2025.07.30	00:55:12.157	0.93021				2
2025.07.30	00:55:12.809	0.93013				2
2025.07.30	00:55:14.225	0.93014				2
2025.07.30	00:55:15.009	0.93015				2
2025.07.30	00:55:15.810	0.93013				2
2025.07.30	00:55:16.808	0.93016				2
2025.07.30	00:55:18.812	0.93015				2
2025.07.30	00:55:20.301	0.93019				2
2025.07.30	00:55:22.329	0.93016				2
2025.07.30	00:55:23.113	0.93017				2
2025.07.30	00:55:23.418	0.93016				2
2025.07.30	00:55:24.941	0.93017				2
2025.07.30	00:55:30.411	0.93016				2
2025.07.30	00:55:30.855	0.93019				2
2025.07.30	00:55:32.116	0.93014				2
2025.07.30	00:55:32.536	0.93017				2
2025.07.30	00:55:33.618	0.93014				2
2025.07.30	00:55:34.018	0.93015				2
2025.07.30	00:55:35.122	0.93012				2
2025.07.30	00:55:35.806	0.93011				2
2025.07.30	00:55:39.810	0.93014				2
2025.07.30	00:55:41.806	0.93012				2
2025.07.30	00:55:45.048	0.93011				2
2025.07.30	00:55:45.923	0.93010				2
2025.07.30	00:55:47.278	0.93011				2
2025.07.30	00:55:47.969	0.93010				2
2025.07.30	00:55:50.121	0.93015				2
2025.07.30	00:55:51.319	0.93013				2
2025.07.30	00:55:52.522	0.93014				2
2025.07.30	00:55:55.179	0.93016				2
2025.07.30	00:55:56.118	0.93014				2
2025.07.30	00:55:56.616	0.93016				2
2025.07.30	00:55:57.046	0.93014				2
2025.07.30	00:55:57.802	0.93013				2
2025.07.30	00:55:59.357	0.93015	0.93107			6
2025.07.30	00:56:00.311	0.93021				2
2025.07.30	00:56:02.023	0.93022				2
2025.07.30	00:56:02.364	0.93021				2
2025.07.30	00:56:02.810	0.93013				2
2025.07.30	00:56:05.747	0.93014				2
2025.07.30	00:56:07.218	0.93013				2
2025.07.30	00:56:07.806	0.93011				2
2025.07.30	00:56:08.807	0.93013				2
2025.07.30	00:56:10.253	0.93014				2
2025.07.30	00:56:10.558	0.93012				2
2025.07.30	00:56:11.258	0.93011				2
2025.07.30	00:56:11.664	0.93012				2
2025.07.30	00:56:12.394	0.93013				2
2025.07.30	00:56:12.730	0.93014				2
2025.07.30	00:56:13.597	0.93015				2
2025.07.30	00:56:15.616	0.93012				2
2025.07.30	00:56:18.814	0.93013				2
2025.07.30	00:56:19.810	0.93012				2
2025.07.30	00:56:21.814	0.93017				2
2025.07.30	00:56:22.808	0.93014				2
2025.07.30	00:56:26.120	0.93013				2
2025.07.30	00:56:26.479	0.93012				2
2025.07.30	00:56:27.239	0.93011				2
2025.07.30	00:56:28.882	0.93015				2
2025.07.30	00:56:37.808	0.93017				2
2025.07.30	00:56:38.796	0.93016				2
2025.07.30	00:56:39.807	0.93015				2
2025.07.30	00:56:40.337	0.93014				2
2025.07.30	00:56:44.400	0.93009				2
2025.07.30	00:56:44.815	0.93012				2
2025.07.30	00:56:46.814	0.93014				2
2025.07.30	00:56:47.808	0.93019				2
2025.07.30	00:56:49.169	0.93026				2
2025.07.30	00:56:49.661	0.93025				2
2025.07.30	00:56:50.099	0.93026				2
2025.07.30	00:56:50.535	0.93015				2
2025.07.30	00:56:51.322	0.93018				2
2025.07.30	00:56:51.995	0.93020				2
2025.07.30	00:56:52.808	0.93016				2
2025.07.30	00:56:54.351	0.93019	0.93115			6
2025.07.30	00:56:54.687	0.93018				2
2025.07.30	00:56:56.107	0.93019				2
2025.07.30	00:56:57.930	0.93018				2
2025.07.30	00:56:58.809	0.93020				2
2025.07.30	00:57:00.342	0.93020				2
2025.07.30	00:57:02.720	0.93019				2
2025.07.30	00:57:03.058	0.93020				2
2025.07.30	00:57:03.807	0.93019				2
2025.07.30	00:57:04.363	0.93022				2
2025.07.30	00:57:04.843	0.93017				2
2025.07.30	00:57:05.232	0.93026				2
2025.07.30	00:57:14.382	0.93025				2
2025.07.30	00:57:17.607	0.93026				2
2025.07.30	00:57:40.255	0.93019				2
2025.07.30	00:57:42.810	0.93022				2
2025.07.30	00:57:48.808	0.93021				2
2025.07.30	00:57:49.362		0.93112			4
2025.07.30	00:57:50.232	0.93030				2
2025.07.30	00:58:02.148	0.93030				2
2025.07.30	00:58:10.222	0.93025				2
2025.07.30	00:58:10.526	0.93016				2
2025.07.30	00:58:13.587	0.93018				2
2025.07.30	00:58:19.810	0.93017				2
2025.07.30	00:58:22.222	0.93018				2
2025.07.30	00:58:23.459	0.93023				2
2025.07.30	00:58:23.826	0.93011				2
2025.07.30	00:58:24.599	0.93010				2
2025.07.30	00:58:25.019	0.93015				2
2025.07.30	00:58:25.393	0.93016				2
2025.07.30	00:58:25.711	0.93010				2
2025.07.30	00:58:36.454	0.93012				2
2025.07.30	00:58:40.847	0.93020				2
2025.07.30	00:58:44.359		0.93111			4
2025.07.30	00:58:48.063	0.93030				2
2025.07.30	00:58:48.369	0.93027				2
2025.07.30	00:58:49.180	0.93033				2
2025.07.30	00:58:49.503	0.93035				2
2025.07.30	00:58:49.869	0.93032				2
2025.07.30	00:58:50.174	0.93036				2
2025.07.30	00:58:50.807	0.93034				2
2025.07.30	00:58:57.282	0.93028				2
2025.07.30	00:59:00.825	0.93028				2
2025.07.30	00:59:03.042	0.93026				2
2025.07.30	00:59:03.807	0.93023				2
2025.07.30	00:59:04.150	0.93026				2
2025.07.30	00:59:04.607	0.93025				2
2025.07.30	00:59:04.953	0.93029				2
2025.07.30	00:59:06.613	0.93022				2
2025.07.30	00:59:13.009	0.93026				2
2025.07.30	00:59:19.001	0.93027				2
2025.07.30	00:59:21.460	0.93026				2
2025.07.30	00:59:23.271	0.93028				2
2025.07.30	00:59:23.694	0.93026				2
2025.07.30	00:59:35.044		0.93119			4
2025.07.30	00:59:35.566	0.93024				2
2025.07.30	00:59:35.933	0.93026				2
2025.07.30	00:59:36.812		0.93110			4
2025.07.30	00:59:42.371	0.93025	0.93118			6
2025.07.30	00:59:42.678	0.93026				2
2025.07.30	00:59:44.324		0.93115			4
2025.07.30	00:59:48.044	0.93024				2
2025.07.30	00:59:48.454	0.93026				2
2025.07.30	01:00:00.012	0.93026				2
2025.07.30	01:00:00.320	0.93023				2
2025.07.30	01:00:00.633	0.93024				2
2025.07.30	01:00:00.938	0.93025				2
2025.07.30	01:00:01.247	0.93028	0.93071			6
2025.07.30	01:00:01.931	0.93023	0.93074			6
2025.07.30	01:00:02.237	0.93024	0.93078			6
2025.07.30	01:00:02.683	0.93025				2
2025.07.30	01:00:03.384	0.93002	0.93168			6
2025.07.30	01:00:03.702		0.93169			4
2025.07.30	01:00:04.306		0.93163			4
2025.07.30	01:00:04.913	0.92997	0.93147			6
2025.07.30	01:00:06.124	0.92998	0.93146			6
2025.07.30	01:00:07.033	0.93028	0.93068			6
2025.07.30	01:00:07.410	0.93026				2
2025.07.30	01:00:08.797	0.93028				2
2025.07.30	01:00:11.164		0.93067			4
2025.07.30	01:00:12.672	0.93031	0.93070			6
2025.07.30	01:00:13.247	0.93033	0.93069			6
2025.07.30	01:00:13.561	0.93031	0.93070			6
2025.07.30	01:00:16.438	0.93033	0.93069			6
2025.07.30	01:00:16.767		0.93067			4
2025.07.30	01:00:18.542	0.93029	0.93071			6
2025.07.30	01:00:19.677	0.93027	0.93074			6
2025.07.30	01:00:20.023	0.93028	0.93071			6
2025.07.30	01:00:20.437	0.93026				2
2025.07.30	01:00:20.738	0.93028	0.93073			6
2025.07.30	01:00:21.100	0.93029	0.93072			6
2025.07.30	01:00:21.796	0.93028	0.93073			6
2025.07.30	01:00:22.133	0.93030				2
2025.07.30	01:00:23.748	0.93029				2
2025.07.30	01:00:24.212	0.93030				2
2025.07.30	01:00:26.116	0.93031				2
2025.07.30	01:00:26.720	0.93029	0.93070			6
2025.07.30	01:00:27.025	0.93032				2
2025.07.30	01:00:28.120		0.93068			4
2025.07.30	01:00:29.983		0.93070			4
2025.07.30	01:00:30.323		0.93068			4
2025.07.30	01:00:31.527		0.93070			4
2025.07.30	01:00:34.759		0.93068			4
2025.07.30	01:00:37.163		0.93069			4
2025.07.30	01:00:37.484	0.93034	0.93068			6
2025.07.30	01:00:38.619	0.93033				2
2025.07.30	01:00:41.139		0.93072			4
2025.07.30	01:00:44.800	0.93032	0.93068			6
2025.07.30	01:00:47.230	0.93033	0.93074			6
2025.07.30	01:00:48.617		0.93068			4
2025.07.30	01:00:49.107	0.93032				2
2025.07.30	01:00:49.759	0.93035				2
2025.07.30	01:00:53.279	0.93034	0.93067			6
2025.07.30	01:00:56.146	0.93036	0.93069			6
2025.07.30	01:00:59.548		0.93068			4
2025.07.30	01:01:00.305	0.93037	0.93069			6
2025.07.30	01:01:00.651	0.93036	0.93070			6
2025.07.30	01:01:02.717	0.93035				2
2025.07.30	01:01:04.433		0.93072			4
2025.07.30	01:01:06.050		0.93074			4
2025.07.30	01:01:10.158	0.93037	0.93067			6
2025.07.30	01:01:10.463	0.93035	0.93070			6
2025.07.30	01:01:16.219	0.93037				2
2025.07.30	01:01:17.322	0.93035				2
2025.07.30	01:01:19.522	0.93038				2
2025.07.30	01:01:20.121	0.93036				2
2025.07.30	01:01:20.492	0.93037				2
2025.07.30	01:01:21.648	0.93038				2
2025.07.30	01:01:22.083	0.93036				2
2025.07.30	01:01:22.852	0.93038				2
2025.07.30	01:01:23.460	0.93037				2
2025.07.30	01:01:25.247		0.93073			4
2025.07.30	01:01:26.328	0.93038				2
2025.07.30	01:01:27.338	0.93036	0.93068			6
2025.07.30	01:01:27.671		0.93067			4
2025.07.30	01:01:28.519		0.93065			4
2025.07.30	01:01:29.746	0.93035				2
2025.07.30	01:01:30.373	0.93036	0.93066			6
2025.07.30	01:01:30.807	0.93037	0.93065			6
2025.07.30	01:01:32.156	0.93036				2
2025.07.30	01:01:32.652	0.93032	0.93061			6
2025.07.30	01:01:32.998		0.93063			4
2025.07.30	01:01:33.898		0.93062			4
2025.07.30	01:01:37.182	0.93033				2
2025.07.30	01:01:38.124	0.93034				2
2025.07.30	01:01:38.902	0.93033				2
2025.07.30	01:01:39.816	0.93034				2
2025.07.30	01:01:41.449	0.93035				2
2025.07.30	01:01:42.649		0.93063			4
2025.07.30	01:01:42.961	0.93036				2
2025.07.30	01:01:43.640	0.93035	0.93062			6
2025.07.30	01:01:44.546	0.93033				2
2025.07.30	01:01:44.859	0.93035				2
2025.07.30	01:01:45.171	0.93036	0.93063			6
2025.07.30	01:01:46.558		0.93062			4
2025.07.30	01:01:47.412	0.93035				2
2025.07.30	01:01:47.879	0.93036	0.93063			6
2025.07.30	01:01:48.522	0.93037				2
2025.07.30	01:01:49.195	0.93036				2
2025.07.30	01:01:50.147	0.93035				2
2025.07.30	01:01:50.723	0.93036				2
2025.07.30	01:01:52.996	0.93037				2
2025.07.30	01:01:53.747	0.93036				2
2025.07.30	01:01:55.813	0.93034				2
2025.07.30	01:01:56.448	0.93036				2
2025.07.30	01:01:56.756	0.93034				2
2025.07.30	01:01:59.438	0.93035				2
2025.07.30	01:01:59.810	0.93036				2
2025.07.30	01:02:00.732	0.93036				2
2025.07.30	01:02:02.885		0.93062			4
2025.07.30	01:02:06.143	0.93034				2
2025.07.30	01:02:06.460	0.93035				2
2025.07.30	01:02:07.262	0.93036				2
2025.07.30	01:02:07.975	0.93035				2
2025.07.30	01:02:09.046	0.93034	0.93065			6
2025.07.30	01:02:15.348	0.93035				2
2025.07.30	01:02:17.879	0.93036	0.93066			6
2025.07.30	01:02:19.550	0.93035				2
2025.07.30	01:02:21.276		0.93069			4
2025.07.30	01:02:22.518		0.93068			4
2025.07.30	01:02:22.964	0.93034	0.93069			6
2025.07.30	01:02:24.275		0.93067			4
2025.07.30	01:02:24.590		0.93065			4
2025.07.30	01:02:31.140		0.93064			4
2025.07.30	01:02:32.880		0.93062			4
2025.07.30	01:02:33.948	0.93033				2
2025.07.30	01:02:39.258		0.93064			4
2025.07.30	01:02:39.642		0.93063			4
2025.07.30	01:02:39.950		0.93064			4
2025.07.30	01:02:43.775	0.93031	0.93060			6
2025.07.30	01:02:44.117		0.93059			4
2025.07.30	01:02:44.418	0.93032	0.93063			6
2025.07.30	01:02:44.777	0.93030				2
2025.07.30	01:02:45.078	0.93025				2
2025.07.30	01:02:45.548	0.93029				2
2025.07.30	01:02:48.808	0.93032				2
2025.07.30	01:02:49.782	0.93027				2
2025.07.30	01:02:51.648	0.93034				2
2025.07.30	01:02:52.239	0.93027				2
2025.07.30	01:02:52.881	0.93029				2
2025.07.30	01:02:59.273	0.93030				2
2025.07.30	01:02:59.690	0.93035				2
2025.07.30	01:03:00.390	0.93030				2
2025.07.30	01:03:00.785	0.93033				2
2025.07.30	01:03:01.388	0.93030				2
2025.07.30	01:03:01.947	0.93029				2
2025.07.30	01:03:02.756	0.93033				2
2025.07.30	01:03:03.879		0.93062			4
2025.07.30	01:03:04.219	0.93035				2
2025.07.30	01:03:09.332	0.93037				2
2025.07.30	01:03:09.805	0.93038				2
2025.07.30	01:03:14.529		0.93064			4
2025.07.30	01:03:18.878		0.93065			4
2025.07.30	01:03:20.676		0.93064			4
2025.07.30	01:03:21.449	0.93039				2
2025.07.30	01:03:25.482	0.93040	0.93066			6
2025.07.30	01:03:25.847	0.93039				2
2025.07.30	01:03:29.844	0.93041				2
2025.07.30	01:03:36.255	0.93039				2
2025.07.30	01:03:38.091	0.93041				2
2025.07.30	01:03:40.639		0.93065			4
2025.07.30	01:03:45.000	0.93040				2
2025.07.30	01:03:50.750	0.93041				2
2025.07.30	01:03:54.002	0.93040				2
2025.07.30	01:03:57.216	0.93041				2
2025.07.30	01:03:59.733	0.93042				2
2025.07.30	01:04:00.673	0.93042	0.93068			6
2025.07.30	01:04:01.379	0.93040				2
2025.07.30	01:04:02.749	0.93041				2
2025.07.30	01:04:06.270		0.93069			4
2025.07.30	01:04:06.579		0.93068			4
2025.07.30	01:04:10.639		0.93063			4
2025.07.30	01:04:15.459		0.93065			4
2025.07.30	01:04:18.879		0.93064			4
2025.07.30	01:04:23.148	0.93042				2
2025.07.30	01:04:30.647	0.93041	0.93070			6
2025.07.30	01:04:30.951	0.93042				2
2025.07.30	01:04:42.048	0.93039				2
2025.07.30	01:04:43.946		0.93068			4
2025.07.30	01:04:44.448	0.93040				2
2025.07.30	01:04:44.900	0.93043				2
2025.07.30	01:04:45.428	0.93039				2
2025.07.30	01:04:46.119		0.93067			4
2025.07.30	01:04:53.110	0.93038				2
2025.07.30	01:04:55.637	0.93039	0.93064			6
2025.07.30	01:04:57.267	0.93044				2
2025.07.30	01:04:58.549	0.93043				2
2025.07.30	01:05:00.053	0.93043				2
2025.07.30	01:05:00.382	0.93044				2
2025.07.30	01:05:03.782	0.93043				2
2025.07.30	01:05:06.737		0.93067			4
2025.07.30	01:05:07.357		0.93064			4
2025.07.30	01:05:07.914	0.93040				2
2025.07.30	01:05:08.258	0.93043				2
2025.07.30	01:05:09.296	0.93042				2
2025.07.30	01:05:10.637		0.93065			4
2025.07.30	01:05:13.518		0.93067			4
2025.07.30	01:05:16.720	0.93041				2
2025.07.30	01:05:18.039	0.93040				2
2025.07.30	01:05:19.184	0.93038				2
2025.07.30	01:05:21.004	0.93044				2
2025.07.30	01:05:21.319	0.93037				2
2025.07.30	01:05:21.641		0.93065			4
2025.07.30	01:05:22.385	0.93035				2
2025.07.30	01:05:27.011		0.93067			4
2025.07.30	01:05:30.456	0.93038				2
2025.07.30	01:05:31.005	0.93044				2
2025.07.30	01:05:31.353	0.93039				2
2025.07.30	01:05:31.785	0.93040				2
2025.07.30	01:05:38.356		0.93069			4
2025.07.30	01:05:45.048	0.93041				2
2025.07.30	01:05:45.960		0.93067			4
2025.07.30	01:05:51.060	0.93044				2
2025.07.30	01:05:57.997	0.93039				2
2025.07.30	01:06:00.658	0.93039	0.93069			6
2025.07.30	01:06:07.535	0.93044				2
2025.07.30	01:06:08.124	0.93041				2
2025.07.30	01:06:08.690	0.93044				2
2025.07.30	01:06:09.045	0.93039				2
2025.07.30	01:06:28.132	0.93038				2
2025.07.30	01:06:32.512		0.93068			4
2025.07.30	01:06:39.192	0.93039				2
2025.07.30	01:06:50.424	0.93038				2
2025.07.30	01:06:52.697	0.93037				2
2025.07.30	01:06:53.009	0.93038				2
2025.07.30	01:06:55.848	0.93040				2
2025.07.30	01:06:58.849	0.93041				2
2025.07.30	01:07:00.347	0.93041				2
2025.07.30	01:07:06.012	0.93043				2
2025.07.30	01:07:06.455	0.93040				2
2025.07.30	01:07:06.813	0.93041				2
2025.07.30	01:07:08.060	0.93043				2
2025.07.30	01:07:15.566	0.93042				2
2025.07.30	01:07:15.947	0.93041				2
2025.07.30	01:07:20.744	0.93043				2
2025.07.30	01:07:21.948	0.93040				2
2025.07.30	01:07:24.033	0.93041				2
2025.07.30	01:07:25.300	0.93043				2
2025.07.30	01:07:26.302	0.93044				2
2025.07.30	01:07:26.631	0.93041				2
2025.07.30	01:07:27.300		0.93069			4
2025.07.30	01:07:27.921	0.93039				2
2025.07.30	01:07:28.276	0.93040				2
2025.07.30	01:07:36.234	0.93041				2
2025.07.30	01:07:39.047	0.93040				2
2025.07.30	01:07:39.352	0.93041				2
2025.07.30	01:07:39.863	0.93042				2
2025.07.30	01:07:40.637	0.93044				2
2025.07.30	01:07:43.664	0.93046				2
2025.07.30	01:07:55.249	0.93045				2
2025.07.30	01:07:58.516	0.93046				2
2025.07.30	01:08:00.046	0.93046				2
2025.07.30	01:08:00.374	0.93041	0.93068			6
2025.07.30	01:08:00.737	0.93040	0.93069			6
2025.07.30	01:08:04.848	0.93041				2
2025.07.30	01:08:05.494	0.93038	0.93066			6
2025.07.30	01:08:05.800	0.93039				2
2025.07.30	01:08:06.451	0.93038				2
2025.07.30	01:08:06.803	0.93039	0.93064			6
2025.07.30	01:08:07.116		0.93066			4
2025.07.30	01:08:07.937	0.93038				2
2025.07.30	01:08:10.041	0.93039	0.93063			6
2025.07.30	01:08:10.393	0.93042				2
2025.07.30	01:08:12.348	0.93043	0.93064			6
2025.07.30	01:08:27.347	0.93042				2
2025.07.30	01:08:29.462	0.93041				2
2025.07.30	01:08:30.489	0.93039				2
2025.07.30	01:08:38.671	0.93042	0.93063			6
2025.07.30	01:08:39.040	0.93044				2
2025.07.30	01:08:41.220	0.93042				2
2025.07.30	01:08:42.400		0.93064			4
2025.07.30	01:08:43.339		0.93063			4
2025.07.30	01:08:45.463	0.93043				2
2025.07.30	01:08:46.532	0.93044	0.93064			6
2025.07.30	01:08:48.349	0.93043				2
2025.07.30	01:08:52.473	0.93042				2
2025.07.30	01:08:52.779	0.93040				2
2025.07.30	01:08:53.447	0.93039				2
2025.07.30	01:08:54.334	0.93040				2
2025.07.30	01:08:54.846	0.93042				2
2025.07.30	01:08:56.157		0.93065			4
2025.07.30	01:08:59.895	0.93041				2
2025.07.30	01:09:00.430	0.93039	0.93066			6
2025.07.30	01:09:00.817	0.93040				2
2025.07.30	01:09:01.264	0.93039				2
2025.07.30	01:09:02.001	0.93040				2
2025.07.30	01:09:02.672	0.93039				2
2025.07.30	01:09:03.656		0.93065			4
2025.07.30	01:09:04.502	0.93040				2
2025.07.30	01:09:04.886		0.93066			4
2025.07.30	01:09:05.223		0.93067			4
2025.07.30	01:09:05.938		0.93066			4
2025.07.30	01:09:06.641		0.93067			4
2025.07.30	01:09:08.479		0.93066			4
2025.07.30	01:09:08.798	0.93039				2
2025.07.30	01:09:09.926		0.93065			4
2025.07.30	01:09:10.326	0.93040	0.93064			6
2025.07.30	01:09:10.632		0.93063			4
2025.07.30	01:09:10.996		0.93064			4
2025.07.30	01:09:11.392	0.93041	0.93066			6
2025.07.30	01:09:11.747	0.93040	0.93064			6
2025.07.30	01:09:12.157	0.93041	0.93063			6
2025.07.30	01:09:12.458	0.93040				2
2025.07.30	01:09:13.230		0.93064			4
2025.07.30	01:09:13.593		0.93063			4
2025.07.30	01:09:13.925		0.93064			4
2025.07.30	01:09:14.690		0.93063			4
2025.07.30	01:09:15.699	0.93041				2
2025.07.30	01:09:16.015		0.93064			4
2025.07.30	01:09:16.330		0.93065			4
2025.07.30	01:09:16.669		0.93063			4
2025.07.30	01:09:18.573		0.93064			4
2025.07.30	01:09:18.878		0.93063			4
2025.07.30	01:09:21.909	0.93042				2
2025.07.30	01:09:22.659	0.93041				2
2025.07.30	01:09:23.882	0.93040				2
2025.07.30	01:09:24.272	0.93041				2
2025.07.30	01:09:24.649	0.93042				2
2025.07.30	01:09:24.955	0.93041				2
2025.07.30	01:09:26.148		0.93064			4
2025.07.30	01:09:26.541	0.93042	0.93063			6
2025.07.30	01:09:26.969	0.93041	0.93064			6
2025.07.30	01:09:27.336	0.93042	0.93063			6
2025.07.30	01:09:27.646	0.93041				2
2025.07.30	01:09:28.312	0.93042				2
2025.07.30	01:09:28.715	0.93041	0.93064			6
2025.07.30	01:09:29.081		0.93063			4
2025.07.30	01:09:29.502	0.93042				2
2025.07.30	01:09:29.920	0.93041				2
2025.07.30	01:09:30.329		0.93064			4
2025.07.30	01:09:30.682	0.93042	0.93063			6
2025.07.30	01:09:31.129	0.93041	0.93064			6
2025.07.30	01:09:31.852		0.93063			4
2025.07.30	01:09:32.552	0.93042	0.93064			6
2025.07.30	01:09:32.862	0.93045				2
2025.07.30	01:09:33.194		0.93063			4
2025.07.30	01:09:34.142	0.93046				2
2025.07.30	01:09:34.617	0.93042	0.93064			6
2025.07.30	01:09:34.963		0.93063			4
2025.07.30	01:09:35.278	0.93044				2
2025.07.30	01:09:35.687	0.93043				2
2025.07.30	01:09:36.346	0.93044				2
2025.07.30	01:09:36.988		0.93064			4
2025.07.30	01:09:37.361		0.93063			4
2025.07.30	01:09:38.600	0.93043				2
2025.07.30	01:09:39.551	0.93044	0.93064			6
2025.07.30	01:09:39.924	0.93043	0.93063			6
2025.07.30	01:09:40.549	0.93044				2
2025.07.30	01:09:40.894		0.93064			4
2025.07.30	01:09:41.684	0.93043				2
2025.07.30	01:09:42.039	0.93042	0.93063			6
2025.07.30	01:09:44.328		0.93064			4
2025.07.30	01:09:45.144		0.93065			4
2025.07.30	01:09:45.910	0.93041	0.93066			6
2025.07.30	01:09:46.210	0.93042	0.93065			6
2025.07.30	01:09:46.518	0.93041				2
2025.07.30	01:09:46.849	0.93042	0.93066			6
2025.07.30	01:09:47.286	0.93041	0.93064			6
2025.07.30	01:09:47.591	0.93042	0.93065			6
2025.07.30	01:09:47.907	0.93044	0.93067			6
2025.07.30	01:09:48.259		0.93065			4
2025.07.30	01:09:48.996	0.93043	0.93067			6
2025.07.30	01:09:49.395	0.93044	0.93066			6
2025.07.30	01:09:49.971	0.93043				2
2025.07.30	01:09:50.281	0.93044	0.93064			6
2025.07.30	01:09:50.596		0.93066			4
2025.07.30	01:09:50.990	0.93043				2
2025.07.30	01:09:52.291	0.93045	0.93065			6
2025.07.30	01:09:52.598	0.93044				2
2025.07.30	01:09:52.911	0.93045	0.93066			6
2025.07.30	01:09:53.277		0.93067			4
2025.07.30	01:09:53.598		0.93066			4
2025.07.30	01:09:54.349		0.93067			4
2025.07.30	01:09:54.655		0.93066			4
2025.07.30	01:09:55.707		0.93067			4
2025.07.30	01:09:56.077		0.93064			4
2025.07.30	01:09:58.370		0.93063			4
2025.07.30	01:10:00.384	0.93045	0.93062			6
2025.07.30	01:10:04.831	0.93044				2
2025.07.30	01:10:06.125	0.93045				2
2025.07.30	01:10:06.667		0.93063			4
2025.07.30	01:10:07.223	0.93046				2
2025.07.30	01:10:09.047	0.93045				2
2025.07.30	01:10:12.362	0.93044				2
2025.07.30	01:10:12.677	0.93045				2
2025.07.30	01:10:51.312		0.93064			4
2025.07.30	01:10:55.601		0.93063			4
2025.07.30	01:11:00.048	0.93045				2
2025.07.30	01:11:04.315		0.93062			4
2025.07.30	01:11:16.828	0.93044	0.93063			6
2025.07.30	01:11:19.450	0.93040				2
2025.07.30	01:11:19.754	0.93045				2
2025.07.30	01:11:20.149	0.93044				2
2025.07.30	01:11:23.371		0.93060			4
2025.07.30	01:11:27.875		0.93063			4
2025.07.30	01:11:40.324		0.93060			4
2025.07.30	01:11:42.648		0.93062			4
2025.07.30	01:11:43.575		0.93063			4
2025.07.30	01:11:44.153	0.93043	0.93059			6
2025.07.30	01:11:45.162	0.93044				2
2025.07.30	01:11:45.949	0.93043				2
2025.07.30	01:11:48.286	0.93044				2
2025.07.30	01:11:48.879	0.93045				2
2025.07.30	01:11:54.048	0.93046				2
2025.07.30	01:11:55.603		0.93060			4
2025.07.30	01:11:59.640		0.93059			4
2025.07.30	01:12:00.347	0.93047				2
2025.07.30	01:12:04.530	0.93049	0.93060			6
2025.07.30	01:12:05.233	0.93048				2
2025.07.30	01:12:05.752		0.93059			4
2025.07.30	01:12:06.314	0.93047	0.93060			6
2025.07.30	01:12:09.030	0.93048	0.93059			6
2025.07.30	01:12:18.827	0.93052	0.93066			6
2025.07.30	01:12:19.176	0.93051	0.93064			6
2025.07.30	01:12:27.679	0.93050	0.93060			6
2025.07.30	01:12:27.987		0.93064			4
2025.07.30	01:12:28.435		0.93065			4
2025.07.30	01:12:28.738	0.93051				2
2025.07.30	01:12:29.397	0.93049	0.93061			6
2025.07.30	01:12:35.747	0.93050				2
2025.07.30	01:12:36.069	0.93046				2
2025.07.30	01:12:36.375	0.93045				2
2025.07.30	01:12:37.247	0.93047				2
2025.07.30	01:12:45.366	0.93046	0.93062			6
2025.07.30	01:12:53.368	0.93039	0.93067			6
2025.07.30	01:12:53.720	0.93041	0.93064			6
2025.07.30	01:12:54.117	0.93042	0.93066			6
2025.07.30	01:12:54.451		0.93065			4
2025.07.30	01:12:54.785		0.93066			4
2025.07.30	01:12:55.309		0.93064			4
2025.07.30	01:12:56.448		0.93060			4
2025.07.30	01:12:56.758		0.93063			4
2025.07.30	01:12:57.061		0.93064			4
2025.07.30	01:12:58.188	0.93040	0.93065			6
2025.07.30	01:12:58.562		0.93063			4
2025.07.30	01:12:58.881	0.93042	0.93064			6
2025.07.30	01:13:00.197	0.93042				2
2025.07.30	01:13:00.526		0.93061			4
2025.07.30	01:13:00.842		0.93063			4
2025.07.30	01:13:01.744	0.93040				2
2025.07.30	01:13:02.050		0.93064			4
2025.07.30	01:13:02.440		0.93063			4
2025.07.30	01:13:02.796	0.93042	0.93064			6
2025.07.30	01:13:03.099	0.93041	0.93060			6
2025.07.30	01:13:03.717	0.93040	0.93064			6
2025.07.30	01:13:04.474	0.93042				2
2025.07.30	01:13:04.824	0.93041				2
2025.07.30	01:13:05.290	0.93040				2
2025.07.30	01:13:05.635	0.93041				2
2025.07.30	01:13:06.413	0.93042				2
2025.07.30	01:13:06.815	0.93041	0.93063			6
2025.07.30	01:13:08.677	0.93042	0.93064			6
2025.07.30	01:13:25.424		0.93065			4
2025.07.30	01:13:26.878		0.93066			4
2025.07.30	01:13:30.157	0.93041				2
2025.07.30	01:13:31.015	0.93042				2
2025.07.30	01:13:38.769		0.93065			4
2025.07.30	01:13:40.430		0.93066			4
2025.07.30	01:13:49.972	0.93041				2
2025.07.30	01:13:53.447	0.93042	0.93065			6
2025.07.30	01:13:56.581		0.93066			4
2025.07.30	01:14:00.662	0.93042	0.93065			6
2025.07.30	01:14:03.538	0.93044				2
2025.07.30	01:14:03.977	0.93045				2
2025.07.30	01:14:04.776	0.93041				2
2025.07.30	01:14:08.769	0.93043				2
2025.07.30	01:14:09.564		0.93066			4
2025.07.30	01:14:18.489	0.93042	0.93065			6
2025.07.30	01:14:23.979		0.93066			4
2025.07.30	01:14:24.350	0.93044				2
2025.07.30	01:14:24.654	0.93042				2
2025.07.30	01:14:32.140	0.93041				2
2025.07.30	01:14:33.846	0.93042	0.93064			6
2025.07.30	01:14:34.160	0.93040	0.93065			6
2025.07.30	01:14:34.849		0.93067			4
2025.07.30	01:14:36.179		0.93066			4
2025.07.30	01:14:38.769	0.93041	0.93065			6
2025.07.30	01:14:41.140		0.93066			4
2025.07.30	01:14:43.513	0.93043	0.93065			6
2025.07.30	01:14:44.010	0.93045	0.93066			6
2025.07.30	01:14:45.369	0.93046				2
2025.07.30	01:14:45.680		0.93065			4
2025.07.30	01:14:46.220	0.93042	0.93062			6
2025.07.30	01:14:46.527		0.93064			4
2025.07.30	01:14:46.847	0.93040	0.93063			6
2025.07.30	01:14:47.190	0.93042	0.93064			6
2025.07.30	01:14:47.673		0.93065			4
2025.07.30	01:14:51.301	0.93044	0.93062			6
2025.07.30	01:14:51.629	0.93046	0.93065			6
2025.07.30	01:14:53.407		0.93066			4
2025.07.30	01:14:54.822		0.93065			4
2025.07.30	01:15:00.381	0.93045	0.93064			6
2025.07.30	01:15:02.208	0.93044				2
2025.07.30	01:15:04.019		0.93065			4
2025.07.30	01:15:04.848	0.93043				2
2025.07.30	01:15:06.046	0.93044				2
2025.07.30	01:15:06.347	0.93046				2
2025.07.30	01:15:07.160	0.93048				2
2025.07.30	01:15:08.481		0.93066			4
2025.07.30	01:15:09.520	0.93047				2
2025.07.30	01:15:10.688	0.93048				2
2025.07.30	01:15:12.675		0.93067			4
2025.07.30	01:15:14.374	0.93046	0.93064			6
2025.07.30	01:15:16.247		0.93066			4
2025.07.30	01:15:16.770	0.93047				2
2025.07.30	01:15:23.447	0.93048				2
2025.07.30	01:15:24.016	0.93047				2
2025.07.30	01:15:26.093	0.93048				2
2025.07.30	01:15:28.169	0.93047				2
2025.07.30	01:15:29.751	0.93048				2
2025.07.30	01:15:30.980	0.93047				2
2025.07.30	01:15:31.287	0.93048				2
2025.07.30	01:15:32.303	0.93047				2
2025.07.30	01:15:32.747	0.93048				2
2025.07.30	01:15:36.448	0.93047				2
2025.07.30	01:15:36.839	0.93048				2
2025.07.30	01:15:37.748	0.93047				2
2025.07.30	01:15:38.531	0.93046	0.93065			6
2025.07.30	01:15:38.910	0.93047				2
2025.07.30	01:15:39.358	0.93046				2
2025.07.30	01:15:40.574	0.93048				2
2025.07.30	01:15:41.499	0.93047				2
2025.07.30	01:15:42.535	0.93048				2
2025.07.30	01:15:43.512	0.93046				2
2025.07.30	01:15:44.749	0.93048				2
2025.07.30	01:15:48.915		0.93066			4
2025.07.30	01:15:49.847	0.93047				2
2025.07.30	01:15:50.172	0.93048				2
2025.07.30	01:15:53.084	0.93047				2
2025.07.30	01:15:54.120	0.93048				2
2025.07.30	01:15:54.491		0.93065			4
2025.07.30	01:15:54.948	0.93047				2
2025.07.30	01:15:55.352	0.93048				2
2025.07.30	01:15:56.259	0.93049	0.93066			6
2025.07.30	01:16:00.167	0.93050	0.93065			6
2025.07.30	01:16:00.479	0.93051				2
2025.07.30	01:16:01.440	0.93050				2
2025.07.30	01:16:03.458	0.93051				2
2025.07.30	01:16:04.547	0.93050	0.93066			6
2025.07.30	01:16:07.691	0.93051				2
2025.07.30	01:16:08.758		0.93069			4
2025.07.30	01:16:11.555		0.93066			4
2025.07.30	01:16:12.047	0.93052				2
2025.07.30	01:16:12.637	0.93051				2
2025.07.30	01:16:12.960	0.93052				2
2025.07.30	01:16:21.380		0.93065			4
2025.07.30	01:16:21.688	0.93051	0.93066			6
2025.07.30	01:16:22.801	0.93050				2
2025.07.30	01:16:23.771		0.93067			4
2025.07.30	01:16:27.976	0.93051	0.93066			6
2025.07.30	01:16:29.016	0.93050				2
2025.07.30	01:16:31.213		0.93067			4
2025.07.30	01:16:33.140	0.93051				2
2025.07.30	01:16:34.164	0.93050				2
2025.07.30	01:16:35.227	0.93051	0.93068			6
2025.07.30	01:16:35.540	0.93050				2
2025.07.30	01:16:36.196	0.93051	0.93067			6
2025.07.30	01:16:39.373		0.93068			4
2025.07.30	01:16:41.022		0.93065			4
2025.07.30	01:16:41.372	0.93050				2
2025.07.30	01:16:42.411	0.93051				2
2025.07.30	01:16:43.444		0.93066			4
2025.07.30	01:16:44.157		0.93065			4
2025.07.30	01:16:44.488		0.93066			4
2025.07.30	01:16:46.133	0.93053	0.93065			6
2025.07.30	01:16:49.208		0.93066			4
2025.07.30	01:16:50.243		0.93067			4
2025.07.30	01:16:51.047	0.93051				2
2025.07.30	01:16:51.361	0.93052	0.93069			6
2025.07.30	01:16:52.377		0.93065			4
2025.07.30	01:16:53.353		0.93068			4
2025.07.30	01:16:54.046		0.93066			4
2025.07.30	01:16:54.448		0.93065			4
2025.07.30	01:16:57.047	0.93048				2
2025.07.30	01:16:57.949	0.93049				2
2025.07.30	01:17:00.326	0.93049	0.93066			6
2025.07.30	01:17:00.647	0.93048	0.93065			6
2025.07.30	01:17:01.593		0.93064			4
2025.07.30	01:17:02.451	0.93049				2
2025.07.30	01:17:03.537	0.93050				2
2025.07.30	01:17:04.673		0.93065			4
2025.07.30	01:17:05.087	0.93055				2
2025.07.30	01:17:11.448	0.93054				2
2025.07.30	01:17:11.863	0.93051	0.93064			6
2025.07.30	01:17:12.168	0.93052	0.93065			6
2025.07.30	01:17:12.897	0.93051				2
2025.07.30	01:17:17.277	0.93052				2
2025.07.30	01:17:21.350	0.93051				2
2025.07.30	01:17:26.621	0.93050				2
2025.07.30	01:17:27.601	0.93051				2
2025.07.30	01:17:30.766	0.93050				2
2025.07.30	01:17:37.996	0.93051				2
2025.07.30	01:17:39.829	0.93050				2
2025.07.30	01:17:40.155	0.93051				2
2025.07.30	01:17:41.103	0.93052				2
2025.07.30	01:17:42.111	0.93053				2
2025.07.30	01:17:42.739	0.93051				2
2025.07.30	01:17:43.044	0.93053				2
2025.07.30	01:17:44.032	0.93052				2
2025.07.30	01:17:45.531	0.93053				2
2025.07.30	01:17:46.385		0.93066			4
2025.07.30	01:17:48.475	0.93052	0.93065			6
2025.07.30	01:17:48.777	0.93051	0.93064			6
2025.07.30	01:17:49.150	0.93052				2
2025.07.30	01:17:49.797		0.93065			4
2025.07.30	01:17:50.131	0.93054				2
2025.07.30	01:17:51.347	0.93052				2
2025.07.30	01:17:51.664	0.93053	0.93064			6
2025.07.30	01:17:52.610	0.93052	0.93065			6
2025.07.30	01:17:54.003	0.93053				2
2025.07.30	01:17:54.908	0.93052	0.93064			6
2025.07.30	01:17:55.222	0.93054	0.93065			6
2025.07.30	01:17:57.048	0.93053				2
2025.07.30	01:17:58.250	0.93054				2
2025.07.30	01:18:00.141	0.93054				2
2025.07.30	01:18:00.545	0.93051	0.93063			6
2025.07.30	01:18:00.925	0.93052	0.93064			6
2025.07.30	01:18:01.226		0.93063			4
2025.07.30	01:18:01.570	0.93051				2
2025.07.30	01:18:02.717	0.93050				2
2025.07.30	01:18:03.073	0.93051				2
2025.07.30	01:18:03.456		0.93062			4
2025.07.30	01:18:03.778		0.93063			4
2025.07.30	01:18:04.131	0.93050	0.93064			6
2025.07.30	01:18:04.437	0.93051	0.93063			6
2025.07.30	01:18:06.062		0.93064			4
2025.07.30	01:18:06.701	0.93052	0.93063			6
2025.07.30	01:18:07.106	0.93053	0.93060			6
2025.07.30	01:18:07.453	0.93052	0.93063			6
2025.07.30	01:18:08.748	0.93051				2
2025.07.30	01:18:21.568		0.93061			4
2025.07.30	01:18:21.887	0.93048	0.93063			6
2025.07.30	01:18:22.550		0.93064			4
2025.07.30	01:18:22.909	0.93049	0.93063			6
2025.07.30	01:18:24.860	0.93048				2
2025.07.30	01:18:26.952	0.93049				2
2025.07.30	01:18:29.024	0.93051				2
2025.07.30	01:18:31.226	0.93050				2
2025.07.30	01:18:32.203		0.93064			4
2025.07.30	01:18:37.426	0.93047	0.93063			6
2025.07.30	01:18:39.647		0.93062			4
2025.07.30	01:18:40.021	0.93046	0.93063			6
2025.07.30	01:18:40.353		0.93065			4
2025.07.30	01:18:40.653		0.93064			4
2025.07.30	01:18:41.078	0.93045				2
2025.07.30	01:18:45.375	0.93048	0.93065			6
2025.07.30	01:18:45.687	0.93049				2
2025.07.30	01:18:46.387		0.93064			4
2025.07.30	01:18:46.698		0.93065			4
2025.07.30	01:18:49.471		0.93064			4
2025.07.30	01:18:49.858		0.93065			4
2025.07.30	01:18:50.827	0.93048				2
2025.07.30	01:18:51.160	0.93049				2
2025.07.30	01:18:51.470		0.93064			4
2025.07.30	01:18:52.049	0.93050				2
2025.07.30	01:18:52.457	0.93049	0.93065			6
2025.07.30	01:18:53.021		0.93064			4
2025.07.30	01:18:53.374		0.93065			4
2025.07.30	01:18:54.142	0.93050	0.93064			6
2025.07.30	01:18:54.527	0.93049	0.93065			6
2025.07.30	01:18:55.153	0.93050				2
2025.07.30	01:18:55.531	0.93049	0.93064			6
2025.07.30	01:18:56.162	0.93050				2
2025.07.30	01:18:57.047	0.93049				2
2025.07.30	01:18:57.440		0.93065			4
2025.07.30	01:18:59.300		0.93064			4
2025.07.30	01:18:59.608	0.93048				2
2025.07.30	01:18:59.933	0.93049				2
2025.07.30	01:19:00.335	0.93049	0.93065			6
2025.07.30	01:19:00.653	0.93047	0.93064			6
2025.07.30	01:19:10.170		0.93063			4
2025.07.30	01:19:24.171	0.93046	0.93062			6
2025.07.30	01:19:24.767		0.93063			4
2025.07.30	01:19:25.548	0.93047				2
2025.07.30	01:19:31.252	0.93046	0.93060			6
2025.07.30	01:19:31.593		0.93063			4
2025.07.30	01:19:34.174		0.93062			4
2025.07.30	01:19:37.510		0.93063			4
2025.07.30	01:19:39.349		0.93062			4
2025.07.30	01:19:40.372		0.93063			4
2025.07.30	01:19:42.562		0.93062			4
2025.07.30	01:19:44.887		0.93063			4
2025.07.30	01:19:45.351	0.93047				2
2025.07.30	01:19:46.271		0.93062			4
2025.07.30	01:19:47.414		0.93063			4
2025.07.30	01:19:50.498		0.93062			4
2025.07.30	01:19:53.274		0.93061			4
2025.07.30	01:19:57.348	0.93046				2
2025.07.30	01:19:59.913	0.93047				2
2025.07.30	01:20:00.371	0.93047	0.93060			6
2025.07.30	01:20:00.678	0.93046	0.93061			6
2025.07.30	01:20:01.008		0.93060			4
2025.07.30	01:20:01.722		0.93061			4
2025.07.30	01:20:03.386	0.93047				2
2025.07.30	01:20:06.248		0.93060			4
2025.07.30	01:20:06.965	0.93046				2
2025.07.30	01:20:08.330	0.93047				2
2025.07.30	01:20:09.097	0.93046				2
2025.07.30	01:20:10.263		0.93061			4
2025.07.30	01:20:11.050		0.93060			4
2025.07.30	01:20:11.433	0.93047				2
2025.07.30	01:20:14.356	0.93046				2
2025.07.30	01:20:15.254	0.93047				2
2025.07.30	01:20:16.411	0.93046				2
2025.07.30	01:20:17.364	0.93047				2
2025.07.30	01:20:18.348	0.93046	0.93061			6
2025.07.30	01:20:20.148	0.93047				2
2025.07.30	01:20:20.554	0.93046				2
2025.07.30	01:20:21.461	0.93047				2
2025.07.30	01:20:22.547	0.93046				2
2025.07.30	01:20:23.536	0.93047				2
2025.07.30	01:20:23.859		0.93060			4
2025.07.30	01:20:24.697	0.93046				2
2025.07.30	01:20:25.549	0.93047				2
2025.07.30	01:20:26.766	0.93046				2
2025.07.30	01:20:27.676	0.93047	0.93061			6
2025.07.30	01:20:28.922	0.93046				2
2025.07.30	01:20:29.750	0.93047				2
2025.07.30	01:20:33.066	0.93046				2
2025.07.30	01:20:36.410		0.93060			4
2025.07.30	01:20:38.161		0.93061			4
2025.07.30	01:20:40.219	0.93047				2
2025.07.30	01:20:41.453	0.93046				2
2025.07.30	01:20:42.248	0.93047				2
2025.07.30	01:20:44.282	0.93046				2
2025.07.30	01:20:45.296	0.93047				2
2025.07.30	01:20:45.672		0.93060			4
2025.07.30	01:20:46.294	0.93048	0.93061			6
2025.07.30	01:20:47.614		0.93060			4
2025.07.30	01:20:48.775		0.93061			4
2025.07.30	01:20:49.776	0.93047	0.93060			6
2025.07.30	01:20:51.302	0.93048				2
2025.07.30	01:20:52.243	0.93047	0.93061			6
2025.07.30	01:20:52.846		0.93059			4
2025.07.30	01:20:53.151	0.93046				2
2025.07.30	01:20:53.503	0.93047	0.93060			6
2025.07.30	01:20:54.378	0.93046				2
2025.07.30	01:20:55.246	0.93047				2
2025.07.30	01:20:58.682	0.93046				2
2025.07.30	01:21:00.565	0.93051	0.93062			6
2025.07.30	01:21:00.913		0.93063			4
2025.07.30	01:21:01.468	0.93049				2
2025.07.30	01:21:02.149	0.93050				2
2025.07.30	01:21:04.734	0.93049				2
2025.07.30	01:21:05.448	0.93050				2
2025.07.30	01:21:06.811	0.93049	0.93065			6
2025.07.30	01:21:07.546		0.93063			4
2025.07.30	01:21:08.748		0.93064			4
2025.07.30	01:21:10.477	0.93048	0.93063			6
2025.07.30	01:21:20.448		0.93064			4
2025.07.30	01:21:21.352		0.93063			4
2025.07.30	01:21:21.991		0.93064			4
2025.07.30	01:21:24.974		0.93063			4
2025.07.30	01:21:25.979	0.93047				2
2025.07.30	01:21:26.751	0.93048				2
2025.07.30	01:21:32.001		0.93062			4
2025.07.30	01:21:41.197	0.93049				2
2025.07.30	01:21:45.348	0.93052	0.93063			6
2025.07.30	01:21:46.844	0.93051				2
2025.07.30	01:21:47.448	0.93052				2
2025.07.30	01:21:51.348	0.93051	0.93064			6
2025.07.30	01:21:51.688	0.93052				2
2025.07.30	01:21:53.639		0.93065			4
2025.07.30	01:21:55.716	0.93053				2
2025.07.30	01:21:56.553	0.93052	0.93066			6
2025.07.30	01:21:56.988	0.93053				2
2025.07.30	01:21:58.849		0.93065			4
2025.07.30	01:21:59.920		0.93064			4
2025.07.30	01:22:00.673	0.93050	0.93062			6
2025.07.30	01:22:01.381	0.93052				2
2025.07.30	01:22:04.547	0.93050				2
2025.07.30	01:22:04.868	0.93051				2
2025.07.30	01:22:05.702	0.93052	0.93064			6
2025.07.30	01:22:06.368		0.93065			4
2025.07.30	01:22:06.910	0.93053				2
2025.07.30	01:22:07.482	0.93052				2
2025.07.30	01:22:10.021	0.93053				2
2025.07.30	01:22:10.381	0.93052				2
2025.07.30	01:22:10.751		0.93064			4
2025.07.30	01:22:11.363	0.93054	0.93065			6
2025.07.30	01:22:11.872	0.93051	0.93063			6
2025.07.30	01:22:15.648		0.93065			4
2025.07.30	01:22:24.976		0.93066			4
2025.07.30	01:22:27.048		0.93065			4
2025.07.30	01:22:30.437	0.93054	0.93066			6
2025.07.30	01:22:42.349	0.93053	0.93065			6
2025.07.30	01:22:43.086		0.93066			4
2025.07.30	01:22:43.680	0.93054	0.93065			6
2025.07.30	01:22:44.077		0.93066			4
2025.07.30	01:22:44.715		0.93065			4
2025.07.30	01:22:45.348	0.93053				2
2025.07.30	01:22:46.179		0.93066			4
2025.07.30	01:22:46.786		0.93065			4
2025.07.30	01:22:47.186		0.93066			4
2025.07.30	01:22:47.822		0.93065			4
2025.07.30	01:22:48.175		0.93066			4
2025.07.30	01:23:00.592	0.93052	0.93065			6
2025.07.30	01:23:01.183	0.93051				2
2025.07.30	01:23:01.849	0.93052				2
2025.07.30	01:23:02.363	0.93051				2
2025.07.30	01:23:03.051	0.93054	0.93066			6
2025.07.30	01:23:09.047	0.93053				2
2025.07.30	01:23:18.948	0.93054				2
2025.07.30	01:23:22.333	0.93057	0.93067			6
2025.07.30	01:23:57.289	0.93056				2
2025.07.30	01:23:57.791	0.93057				2
2025.07.30	01:24:00.718	0.93055				2
2025.07.30	01:24:01.179	0.93056				2
2025.07.30	01:24:23.133	0.93054	0.93069			6
2025.07.30	01:24:27.685	0.93055	0.93070			6
2025.07.30	01:24:28.778		0.93069			4
2025.07.30	01:24:30.587		0.93070			4
2025.07.30	01:24:43.041	0.93056	0.93071			6
2025.07.30	01:24:44.451	0.93055	0.93070			6
2025.07.30	01:24:45.380		0.93071			4
2025.07.30	01:24:51.947		0.93070			4
2025.07.30	01:25:00.663	0.93054	0.93069			6
2025.07.30	01:25:02.275		0.93070			4
2025.07.30	01:25:05.467		0.93069			4
2025.07.30	01:25:07.276		0.93070			4
2025.07.30	01:25:23.706	0.93055				2
2025.07.30	01:25:29.915	0.93054				2
2025.07.30	01:25:35.874	0.93055				2
2025.07.30	01:25:37.212		0.93071			4
2025.07.30	01:25:40.355	0.93054				2
2025.07.30	01:25:42.912	0.93053	0.93069			6
2025.07.30	01:25:44.216	0.93054				2
2025.07.30	01:25:45.376		0.93071			4
2025.07.30	01:25:48.238		0.93070			4
2025.07.30	01:25:59.929	0.93055				2
2025.07.30	01:26:00.999	0.93056				2
2025.07.30	01:26:07.218		0.93071			4
2025.07.30	01:26:08.546		0.93070			4
2025.07.30	01:26:09.047		0.93071			4
2025.07.30	01:26:09.402		0.93070			4
2025.07.30	01:26:10.305		0.93071			4
2025.07.30	01:26:21.696		0.93070			4
2025.07.30	01:26:23.386		0.93071			4
2025.07.30	01:26:23.768		0.93072			4
2025.07.30	01:26:32.148		0.93071			4
2025.07.30	01:26:33.047		0.93072			4
2025.07.30	01:26:35.149		0.93071			4
2025.07.30	01:26:36.194		0.93072			4
2025.07.30	01:26:45.377		0.93071			4
2025.07.30	01:26:51.002		0.93070			4
2025.07.30	01:26:51.647	0.93057				2
2025.07.30	01:26:54.229	0.93056				2
2025.07.30	01:26:54.947	0.93057				2
2025.07.30	01:26:56.298	0.93056				2
2025.07.30	01:26:56.748	0.93057				2
2025.07.30	01:26:58.332	0.93056				2
2025.07.30	01:26:58.958	0.93057				2
2025.07.30	01:26:59.414	0.93056				2
2025.07.30	01:27:00.048	0.93054				2
2025.07.30	01:27:00.424		0.93069			4
2025.07.30	01:27:04.588		0.93070			4
2025.07.30	01:27:10.849		0.93069			4
2025.07.30	01:27:11.447	0.93055				2
2025.07.30	01:27:12.648	0.93054				2
2025.07.30	01:27:14.121		0.93070			4
2025.07.30	01:27:20.453	0.93055				2
2025.07.30	01:27:25.441		0.93069			4
2025.07.30	01:27:31.039		0.93070			4
2025.07.30	01:27:32.626	0.93054				2
2025.07.30	01:27:33.432	0.93055				2
2025.07.30	01:27:38.265		0.93071			4
2025.07.30	01:27:44.059		0.93070			4
2025.07.30	01:27:45.349	0.93056				2
2025.07.30	01:27:46.455		0.93071			4
2025.07.30	01:27:47.355	0.93055				2
2025.07.30	01:27:50.454		0.93070			4
2025.07.30	01:27:50.779	0.93056				2
2025.07.30	01:27:53.384		0.93071			4
2025.07.30	01:27:53.691	0.93055				2
2025.07.30	01:27:54.981		0.93070			4
2025.07.30	01:27:56.276		0.93071			4
2025.07.30	01:27:56.678		0.93070			4
2025.07.30	01:27:57.007		0.93071			4
2025.07.30	01:27:57.704	0.93056				2
2025.07.30	01:27:59.068	0.93055				2
2025.07.30	01:28:00.047	0.93056				2
2025.07.30	01:28:04.373		0.93070			4
2025.07.30	01:28:06.126		0.93071			4
2025.07.30	01:28:09.426	0.93057				2
2025.07.30	01:28:10.459	0.93056				2
2025.07.30	01:28:32.148	0.93058				2
2025.07.30	01:28:32.460	0.93056				2
2025.07.30	01:28:33.503	0.93057	0.93072			6
2025.07.30	01:28:36.613		0.93071			4
2025.07.30	01:28:44.901		0.93072			4
2025.07.30	01:28:47.093	0.93058				2
2025.07.30	01:28:49.503		0.93073			4
2025.07.30	01:28:50.330	0.93057				2
2025.07.30	01:28:51.559		0.93072			4
2025.07.30	01:28:52.792	0.93058				2
2025.07.30	01:28:53.317	0.93060	0.93073			6
2025.07.30	01:28:53.808		0.93072			4
2025.07.30	01:28:54.142	0.93061	0.93073			6
2025.07.30	01:28:59.147	0.93060	0.93074			6
2025.07.30	01:29:00.677	0.93061	0.93075			6
2025.07.30	01:29:03.239		0.93074			4
2025.07.30	01:29:19.339		0.93075			4
2025.07.30	01:29:22.821	0.93065	0.93074			6
2025.07.30	01:29:23.584		0.93076			4
2025.07.30	01:29:24.660	0.93064	0.93077			6
2025.07.30	01:29:25.016		0.93076			4
2025.07.30	01:29:25.320	0.93063	0.93075			6
2025.07.30	01:29:25.960		0.93076			4
2025.07.30	01:29:30.400		0.93075			4
2025.07.30	01:29:36.884	0.93062				2
2025.07.30	01:29:46.271		0.93076			4
2025.07.30	01:29:52.453	0.93063	0.93075			6
2025.07.30	01:29:52.847	0.93061	0.93074			6
2025.07.30	01:29:54.000	0.93060				2
2025.07.30	01:29:56.408	0.93059	0.93075			6
2025.07.30	01:29:57.401	0.93058				2
2025.07.30	01:29:58.547	0.93059				2
2025.07.30	01:29:59.571	0.93058	0.93073			6
2025.07.30	01:30:00.329	0.93060	0.93075			6
2025.07.30	01:30:03.161	0.93061	0.93073			6
2025.07.30	01:30:06.826	0.93060	0.93075			6
2025.07.30	01:30:23.250		0.93076			4
2025.07.30	01:30:23.747	0.93059				2
2025.07.30	01:30:24.845	0.93060	0.93075			6
2025.07.30	01:30:27.048		0.93076			4
2025.07.30	01:30:31.896	0.93059				2
2025.07.30	01:30:32.749	0.93060				2
2025.07.30	01:30:36.093	0.93061	0.93075			6
2025.07.30	01:30:36.899	0.93060				2
2025.07.30	01:30:37.422	0.93058				2
2025.07.30	01:30:40.958	0.93059				2
2025.07.30	01:30:41.920	0.93058				2
2025.07.30	01:30:42.651	0.93059				2
2025.07.30	01:30:45.046	0.93060				2
2025.07.30	01:30:46.355	0.93064				2
2025.07.30	01:30:48.673		0.93074			4
2025.07.30	01:30:55.810		0.93073			4
2025.07.30	01:30:57.753	0.93063				2
2025.07.30	01:30:58.441	0.93062	0.93075			6
2025.07.30	01:31:00.475	0.93062				2
2025.07.30	01:31:02.640	0.93061				2
2025.07.30	01:31:05.437	0.93062				2
2025.07.30	01:31:08.750	0.93061				2
2025.07.30	01:31:11.004		0.93076			4
2025.07.30	01:31:12.674	0.93062	0.93075			6
2025.07.30	01:31:13.790	0.93063				2
2025.07.30	01:31:15.649	0.93061				2
2025.07.30	01:31:15.982	0.93063				2
2025.07.30	01:31:16.848	0.93062				2
2025.07.30	01:31:17.749	0.93061				2
2025.07.30	01:31:18.055	0.93062				2
2025.07.30	01:31:18.948		0.93076			4
2025.07.30	01:31:21.388	0.93061				2
2025.07.30	01:31:27.252		0.93077			4
2025.07.30	01:31:28.171	0.93064	0.93076			6
2025.07.30	01:31:28.479	0.93062				2
2025.07.30	01:31:29.582	0.93061				2
2025.07.30	01:31:41.554	0.93062				2
2025.07.30	01:31:43.049	0.93061				2
2025.07.30	01:31:43.847	0.93062				2
2025.07.30	01:31:45.116	0.93061	0.93077			6
2025.07.30	01:31:45.504		0.93078			4
2025.07.30	01:31:49.525	0.93062	0.93077			6
2025.07.30	01:31:51.496	0.93061	0.93078			6
2025.07.30	01:31:52.547		0.93076			4
2025.07.30	01:31:53.664	0.93062				2
2025.07.30	01:31:55.734	0.93061	0.93075			6
2025.07.30	01:32:00.880	0.93062				2
2025.07.30	01:32:01.917		0.93077			4
2025.07.30	01:32:06.089	0.93063	0.93075			6
2025.07.30	01:32:06.401	0.93062				2
2025.07.30	01:32:09.349	0.93061				2
2025.07.30	01:32:11.070	0.93063				2
2025.07.30	01:32:11.443	0.93062				2
2025.07.30	01:32:15.430	0.93061				2
2025.07.30	01:32:28.249	0.93062				2
2025.07.30	01:32:29.267	0.93061				2
2025.07.30	01:32:31.248	0.93060				2
2025.07.30	01:32:41.186	0.93059	0.93073			6
2025.07.30	01:33:00.347	0.93058				2
2025.07.30	01:33:00.706	0.93054	0.93071			6
2025.07.30	01:33:01.248		0.93070			4
2025.07.30	01:33:02.831		0.93071			4
2025.07.30	01:33:04.248	0.93055	0.93070			6
2025.07.30	01:33:07.981	0.93054				2
2025.07.30	01:33:09.647	0.93055				2
2025.07.30	01:33:11.120	0.93054				2
2025.07.30	01:33:12.946	0.93059	0.93073			6
2025.07.30	01:33:13.443	0.93060				2
2025.07.30	01:33:15.222	0.93059				2
2025.07.30	01:33:37.548	0.93060				2
2025.07.30	01:33:39.060	0.93059				2
2025.07.30	01:33:40.549	0.93060				2
2025.07.30	01:33:42.848	0.93059				2
2025.07.30	01:33:46.254	0.93060				2
2025.07.30	01:33:48.027	0.93059				2
2025.07.30	01:33:49.274	0.93060				2
2025.07.30	01:34:00.458	0.93060				2
2025.07.30	01:34:01.701	0.93059				2
2025.07.30	01:34:03.537	0.93058				2
2025.07.30	01:34:05.147	0.93059				2
2025.07.30	01:34:06.679	0.93058				2
2025.07.30	01:34:13.585		0.93073			4
2025.07.30	01:34:17.039	0.93057				2
2025.07.30	01:34:17.746	0.93058				2
2025.07.30	01:34:20.147	0.93057				2
2025.07.30	01:34:20.510	0.93058				2
2025.07.30	01:34:21.181	0.93057				2
2025.07.30	01:34:21.950	0.93058				2
2025.07.30	01:34:23.255	0.93057				2
2025.07.30	01:34:23.775	0.93058	0.93072			6
2025.07.30	01:34:26.330		0.93073			4
2025.07.30	01:34:27.347		0.93072			4
2025.07.30	01:34:28.495		0.93073			4
2025.07.30	01:34:30.396		0.93072			4
2025.07.30	01:34:31.544		0.93073			4
2025.07.30	01:34:32.147		0.93072			4
2025.07.30	01:34:33.619		0.93073			4
2025.07.30	01:34:34.247		0.93072			4
2025.07.30	01:34:36.702		0.93073			4
2025.07.30	01:34:37.550		0.93072			4
2025.07.30	01:34:38.769		0.93073			4
2025.07.30	01:34:42.359	0.93057	0.93072			6
2025.07.30	01:34:48.479	0.93056				2
2025.07.30	01:34:51.267	0.93057				2
2025.07.30	01:34:52.624	0.93056				2
2025.07.30	01:34:55.942	0.93057				2
2025.07.30	01:34:59.878	0.93056				2
2025.07.30	01:35:00.629	0.93055				2
2025.07.30	01:35:04.023	0.93056				2
2025.07.30	01:35:07.133	0.93058				2
2025.07.30	01:35:11.183	0.93057				2
2025.07.30	01:35:11.537	0.93058				2
2025.07.30	01:35:23.707	0.93059				2
2025.07.30	01:35:45.378		0.93072			4
2025.07.30	01:35:47.120	0.93057				2
2025.07.30	01:35:48.415	0.93058				2
2025.07.30	01:35:49.466		0.93071			4
2025.07.30	01:35:49.769	0.93057				2
2025.07.30	01:35:55.160		0.93073			4
2025.07.30	01:35:57.048	0.93056				2
2025.07.30	01:36:00.221	0.93057				2
2025.07.30	01:36:01.807		0.93072			4
2025.07.30	01:36:02.983		0.93073			4
2025.07.30	01:36:03.646		0.93072			4
2025.07.30	01:36:05.467		0.93073			4
2025.07.30	01:36:07.257		0.93072			4
2025.07.30	01:36:08.166		0.93073			4
2025.07.30	01:36:09.047		0.93072			4
2025.07.30	01:36:10.641		0.93073			4
2025.07.30	01:36:11.680		0.93072			4
2025.07.30	01:36:13.308		0.93073			4
2025.07.30	01:36:14.747		0.93072			4
2025.07.30	01:36:16.416		0.93073			4
2025.07.30	01:36:18.048		0.93072			4
2025.07.30	01:36:18.648		0.93073			4
2025.07.30	01:36:25.703	0.93056	0.93072			6
2025.07.30	01:36:27.791		0.93071			4
2025.07.30	01:36:28.101	0.93054	0.93070			6
2025.07.30	01:36:29.285		0.93069			4
2025.07.30	01:36:31.162	0.93053	0.93070			6
2025.07.30	01:36:33.244	0.93054	0.93069			6
2025.07.30	01:36:34.561	0.93056	0.93071			6
2025.07.30	01:36:37.438		0.93072			4
2025.07.30	01:36:41.748	0.93057	0.93070			6
2025.07.30	01:36:42.059	0.93053	0.93069			6
2025.07.30	01:36:42.838	0.93054				2
2025.07.30	01:36:47.811		0.93070			4
2025.07.30	01:36:54.090	0.93055				2
2025.07.30	01:36:56.471	0.93054				2
2025.07.30	01:37:00.348	0.93055				2
2025.07.30	01:37:00.653	0.93054				2
2025.07.30	01:37:02.693	0.93053	0.93071			6
2025.07.30	01:37:03.211		0.93070			4
2025.07.30	01:37:08.445	0.93054				2
2025.07.30	01:37:08.811	0.93053				2
2025.07.30	01:37:11.939	0.93054				2
2025.07.30	01:37:28.093		0.93071			4
2025.07.30	01:37:43.878		0.93072			4
2025.07.30	01:37:45.365	0.93056				2
2025.07.30	01:37:47.750	0.93055				2
2025.07.30	01:37:53.484	0.93060	0.93074			6
2025.07.30	01:38:00.623	0.93058				2
2025.07.30	01:38:01.657		0.93073			4
2025.07.30	01:38:01.998	0.93057	0.93074			6
2025.07.30	01:38:13.856	0.93059	0.93075			6
2025.07.30	01:38:20.326	0.93060	0.93076			6
2025.07.30	01:38:22.247		0.93075			4
2025.07.30	01:38:24.506		0.93076			4
2025.07.30	01:38:26.448		0.93075			4
2025.07.30	01:38:28.650		0.93076			4
2025.07.30	01:38:30.647		0.93075			4
2025.07.30	01:38:33.830		0.93076			4
2025.07.30	01:38:44.146		0.93075			4
2025.07.30	01:38:46.386		0.93076			4
2025.07.30	01:38:59.085		0.93077			4
2025.07.30	01:39:00.239	0.93060	0.93076			6
2025.07.30	01:39:02.198		0.93077			4
2025.07.30	01:39:03.241		0.93076			4
2025.07.30	01:39:06.672	0.93061				2
2025.07.30	01:39:19.198		0.93074			4
2025.07.30	01:39:20.747	0.93060	0.93073			6
2025.07.30	01:39:24.171	0.93061				2
2025.07.30	01:39:25.216		0.93074			4
2025.07.30	01:39:25.601	0.93062	0.93076			6
2025.07.30	01:39:25.969	0.93061				2
2025.07.30	01:39:27.712		0.93077			4
2025.07.30	01:39:42.652	0.93058	0.93073			6
2025.07.30	01:39:43.140	0.93057	0.93074			6
2025.07.30	01:39:44.507	0.93058				2
2025.07.30	01:39:46.849		0.93073			4
2025.07.30	01:39:49.499		0.93074			4
2025.07.30	01:39:50.127	0.93059	0.93075			6
2025.07.30	01:39:51.311	0.93063				2
2025.07.30	01:39:51.658	0.93062				2
2025.07.30	01:39:53.513	0.93061				2
2025.07.30	01:40:00.657	0.93061	0.93074			6
2025.07.30	01:40:01.089	0.93060				2
2025.07.30	01:40:05.708	0.93059				2
2025.07.30	01:40:06.401	0.93061				2
2025.07.30	01:40:09.116	0.93060				2
2025.07.30	01:40:11.058	0.93061				2
2025.07.30	01:40:12.222	0.93060	0.93075			6
2025.07.30	01:40:13.129	0.93061	0.93074			6
2025.07.30	01:40:14.298	0.93060	0.93075			6
2025.07.30	01:40:15.203		0.93074			4
2025.07.30	01:40:16.366		0.93075			4
2025.07.30	01:40:17.274		0.93074			4
2025.07.30	01:40:18.082		0.93075			4
2025.07.30	01:40:20.512	0.93059				2
2025.07.30	01:40:21.948	0.93060				2
2025.07.30	01:40:26.726	0.93059				2
2025.07.30	01:40:28.248	0.93060				2
2025.07.30	01:40:31.902	0.93059				2
2025.07.30	01:40:32.384	0.93060				2
2025.07.30	01:40:33.347	0.93061				2
2025.07.30	01:40:36.060		0.93076			4
2025.07.30	01:40:37.673	0.93060				2
2025.07.30	01:40:45.563	0.93061				2
2025.07.30	01:40:50.545	0.93062				2
2025.07.30	01:40:52.681	0.93063				2
2025.07.30	01:40:53.535	0.93062				2
2025.07.30	01:40:53.847	0.93063				2
2025.07.30	01:40:56.502	0.93062				2
2025.07.30	01:40:56.819	0.93063				2
2025.07.30	01:40:59.866		0.93077			4
2025.07.30	01:41:00.680	0.93062	0.93078			6
2025.07.30	01:41:01.936		0.93077			4
2025.07.30	01:41:03.067		0.93076			4
2025.07.30	01:41:04.247	0.93063				2
2025.07.30	01:41:06.951	0.93062				2
2025.07.30	01:41:08.450	0.93063				2
2025.07.30	01:41:11.131	0.93062				2
2025.07.30	01:41:12.649	0.93063				2
2025.07.30	01:41:15.269	0.93062				2
2025.07.30	01:41:51.664	0.93060	0.93075			6
2025.07.30	01:41:51.972		0.93074			4
2025.07.30	01:41:56.747	0.93059				2
2025.07.30	01:42:00.047	0.93059				2
2025.07.30	01:42:00.696		0.93073			4
2025.07.30	01:42:01.083		0.93074			4
2025.07.30	01:42:01.762	0.93060				2
2025.07.30	01:42:02.150	0.93059				2
2025.07.30	01:42:09.013		0.93073			4
2025.07.30	01:42:10.409	0.93058	0.93074			6
2025.07.30	01:42:12.120	0.93059	0.93073			6
2025.07.30	01:42:13.481	0.93058	0.93074			6
2025.07.30	01:42:15.162	0.93059				2
2025.07.30	01:42:16.652	0.93058				2
2025.07.30	01:42:18.304	0.93059				2
2025.07.30	01:42:19.759	0.93058				2
2025.07.30	01:42:20.115	0.93059				2
2025.07.30	01:42:20.417	0.93058				2
2025.07.30	01:42:21.179	0.93059				2
2025.07.30	01:42:23.511		0.93073			4
2025.07.30	01:42:24.542		0.93074			4
2025.07.30	01:42:27.674		0.93073			4
2025.07.30	01:42:29.702	0.93058	0.93074			6
2025.07.30	01:42:30.405	0.93059				2
2025.07.30	01:42:32.452	0.93061	0.93073			6
2025.07.30	01:42:33.484	0.93060	0.93074			6
2025.07.30	01:42:35.617	0.93061	0.93073			6
2025.07.30	01:42:35.920	0.93060	0.93074			6
2025.07.30	01:42:36.647	0.93063				2
2025.07.30	01:42:36.957	0.93061				2
2025.07.30	01:42:37.621	0.93060	0.93073			6
2025.07.30	01:42:37.995	0.93059	0.93074			6
2025.07.30	01:42:38.644	0.93060	0.93073			6
2025.07.30	01:42:38.985		0.93074			4
2025.07.30	01:42:41.686	0.93061	0.93073			6
2025.07.30	01:42:42.477	0.93060	0.93074			6
2025.07.30	01:42:43.706		0.93073			4
2025.07.30	01:42:45.376	0.93059	0.93074			6
2025.07.30	01:42:46.152	0.93060	0.93073			6
2025.07.30	01:42:47.447	0.93059	0.93074			6
2025.07.30	01:42:48.226	0.93060	0.93073			6
2025.07.30	01:42:49.522	0.93059	0.93074			6
2025.07.30	01:42:49.937	0.93061	0.93076			6
2025.07.30	01:42:50.366	0.93060				2
2025.07.30	01:42:52.847	0.93061				2
2025.07.30	01:43:00.148	0.93060				2
2025.07.30	01:43:01.431	0.93061				2
2025.07.30	01:43:02.568	0.93060	0.93074			6
2025.07.30	01:43:03.640	0.93061				2
2025.07.30	01:43:06.354	0.93060	0.93075			6
2025.07.30	01:43:07.901	0.93061	0.93078			6
2025.07.30	01:43:08.632		0.93077			4
2025.07.30	01:43:20.863		0.93078			4
2025.07.30	01:43:22.157		0.93077			4
2025.07.30	01:43:22.935		0.93078			4
2025.07.30	01:43:24.172		0.93076			4
2025.07.30	01:43:25.550	0.93062				2
2025.07.30	01:43:47.598		0.93075			4
2025.07.30	01:43:50.746		0.93077			4
2025.07.30	01:44:00.477	0.93061				2
2025.07.30	01:44:00.801	0.93062				2
2025.07.30	01:44:12.614		0.93076			4
2025.07.30	01:44:26.656	0.93063				2
2025.07.30	01:44:26.980		0.93077			4
2025.07.30	01:44:28.442	0.93062				2
2025.07.30	01:44:29.766	0.93063				2
2025.07.30	01:44:30.918		0.93076			4
2025.07.30	01:44:32.584	0.93062				2
2025.07.30	01:44:33.121	0.93061				2
2025.07.30	01:44:53.564	0.93060				2
2025.07.30	01:45:00.714	0.93061	0.93075			6
2025.07.30	01:45:01.886	0.93060	0.93076			6
2025.07.30	01:45:02.750		0.93075			4
2025.07.30	01:45:03.936		0.93076			4
2025.07.30	01:45:04.820		0.93075			4
2025.07.30	01:45:05.748		0.93076			4
2025.07.30	01:45:08.965		0.93075			4
2025.07.30	01:45:10.173		0.93076			4
2025.07.30	01:45:11.037		0.93075			4
2025.07.30	01:45:12.244		0.93076			4
2025.07.30	01:45:13.108		0.93075			4
2025.07.30	01:45:14.316		0.93076			4
2025.07.30	01:45:16.621	0.93062				2
2025.07.30	01:45:29.816	0.93061				2
2025.07.30	01:45:33.988	0.93058	0.93074			6
2025.07.30	01:45:35.028	0.93059				2
2025.07.30	01:45:36.334	0.93058				2
2025.07.30	01:45:37.213		0.93073			4
2025.07.30	01:45:39.487		0.93074			4
2025.07.30	01:45:40.338	0.93061	0.93076			6
2025.07.30	01:45:49.530	0.93060				2
2025.07.30	01:46:00.346	0.93060				2
2025.07.30	01:46:00.655	0.93061				2
2025.07.30	01:46:01.208	0.93062				2
2025.07.30	01:46:03.457	0.93060				2
2025.07.30	01:46:08.004	0.93061				2
2025.07.30	01:46:09.398	0.93062				2
2025.07.30	01:46:09.745		0.93077			4
2025.07.30	01:46:11.684		0.93076			4
2025.07.30	01:46:52.891	0.93060	0.93075			6
2025.07.30	01:46:54.403		0.93076			4
2025.07.30	01:46:55.426		0.93077			4
2025.07.30	01:46:57.632		0.93076			4
2025.07.30	01:47:00.659	0.93059				2
2025.07.30	01:47:04.016		0.93075			4
2025.07.30	01:47:06.909		0.93076			4
2025.07.30	01:47:10.247		0.93075			4
2025.07.30	01:47:13.213		0.93076			4
2025.07.30	01:47:15.643		0.93075			4
2025.07.30	01:47:18.241		0.93076			4
2025.07.30	01:47:22.250		0.93075			4
2025.07.30	01:47:24.611		0.93076			4
2025.07.30	01:47:25.407	0.93060				2
2025.07.30	01:47:31.691	0.93061				2
2025.07.30	01:47:34.547	0.93060				2
2025.07.30	01:47:42.041	0.93061				2
2025.07.30	01:47:44.140		0.93077			4
2025.07.30	01:47:45.357	0.93063	0.93078			6
2025.07.30	01:47:45.662		0.93077			4
2025.07.30	01:47:46.034		0.93076			4
2025.07.30	01:47:47.234	0.93062				2
2025.07.30	01:47:50.332	0.93061	0.93077			6
2025.07.30	01:47:51.258		0.93076			4
2025.07.30	01:47:52.255	0.93062				2
2025.07.30	01:47:55.437	0.93061				2
2025.07.30	01:48:00.383	0.93062				2
2025.07.30	01:48:11.616	0.93061	0.93077			6
2025.07.30	01:48:11.918	0.93062				2
2025.07.30	01:48:14.499	0.93061				2
2025.07.30	01:48:16.309	0.93062				2
2025.07.30	01:48:17.084	0.93063				2
2025.07.30	01:48:18.844	0.93061				2
2025.07.30	01:48:19.423	0.93063				2
2025.07.30	01:48:20.190	0.93062				2
2025.07.30	01:48:21.223	0.93061				2
2025.07.30	01:48:25.097	0.93062				2
2025.07.30	01:48:27.440	0.93061				2
2025.07.30	01:48:29.510	0.93060				2
2025.07.30	01:48:30.144	0.93061				2
2025.07.30	01:48:36.767	0.93060				2
2025.07.30	01:48:38.751		0.93078			4
2025.07.30	01:48:39.077	0.93061	0.93077			6
2025.07.30	01:48:42.335	0.93064				2
2025.07.30	01:48:43.094	0.93062				2
2025.07.30	01:48:45.377	0.93063				2
2025.07.30	01:48:46.080		0.93076			4
2025.07.30	01:48:48.369	0.93061	0.93077			6
2025.07.30	01:48:49.710	0.93062				2
2025.07.30	01:48:51.658	0.93061	0.93078			6
2025.07.30	01:48:52.268	0.93062	0.93077			6
2025.07.30	01:48:52.690	0.93061	0.93078			6
2025.07.30	01:49:00.691	0.93061				2
2025.07.30	01:49:01.042	0.93062	0.93077			6
2025.07.30	01:49:01.923	0.93061				2
2025.07.30	01:49:02.978	0.93062	0.93076			6
2025.07.30	01:49:10.295	0.93061				2
2025.07.30	01:49:12.350	0.93062				2
2025.07.30	01:49:17.543	0.93061				2
2025.07.30	01:49:19.246	0.93062				2
2025.07.30	01:49:22.400	0.93059	0.93075			6
2025.07.30	01:50:00.723	0.93059				2
2025.07.30	01:50:01.261	0.93058	0.93073			6
2025.07.30	01:50:03.398	0.93057				2
2025.07.30	01:50:16.593		0.93074			4
2025.07.30	01:50:18.802	0.93058				2
2025.07.30	01:50:31.912		0.93073			4
2025.07.30	01:50:32.376	0.93057	0.93074			6
2025.07.30	01:50:34.254		0.93073			4
2025.07.30	01:50:37.556		0.93074			4
2025.07.30	01:50:39.559		0.93073			4
2025.07.30	01:50:40.367		0.93074			4
2025.07.30	01:50:42.347	0.93058	0.93073			6
2025.07.30	01:50:45.392	0.93057	0.93074			6
2025.07.30	01:50:46.616	0.93058	0.93073			6
2025.07.30	01:50:48.557	0.93057	0.93074			6
2025.07.30	01:50:49.723	0.93058	0.93073			6
2025.07.30	01:50:51.667	0.93057	0.93074			6
2025.07.30	01:50:53.147		0.93073			4
2025.07.30	01:50:54.773		0.93074			4
2025.07.30	01:50:55.936		0.93073			4
2025.07.30	01:50:57.878		0.93074			4
2025.07.30	01:50:59.446		0.93073			4
2025.07.30	01:51:00.078	0.93057				2
2025.07.30	01:51:01.731		0.93074			4
2025.07.30	01:51:02.103	0.93056	0.93073			6
2025.07.30	01:51:03.647	0.93057				2
2025.07.30	01:51:10.170	0.93059	0.93062			6
2025.07.30	01:51:10.479	0.93058	0.93073			6
2025.07.30	01:51:10.780	0.93057				2
2025.07.30	01:51:45.376		0.93074			4
2025.07.30	01:51:54.629	0.93059	0.93076			6
2025.07.30	01:52:00.948	0.93059	0.93077			6
2025.07.30	01:52:03.651		0.93076			4
2025.07.30	01:52:07.143		0.93077			4
2025.07.30	01:52:09.349		0.93076			4
2025.07.30	01:52:10.764	0.93058	0.93074			6
2025.07.30	01:52:28.369	0.93059				2
2025.07.30	01:52:45.064	0.93058				2
2025.07.30	01:52:45.370	0.93059				2
2025.07.30	01:52:46.549	0.93060				2
2025.07.30	01:52:50.185	0.93057	0.93073			6
2025.07.30	01:52:50.535	0.93059				2
2025.07.30	01:52:56.450	0.93058				2
2025.07.30	01:52:57.179	0.93060	0.93074			6
2025.07.30	01:52:57.538	0.93059				2
2025.07.30	01:52:59.317	0.93060				2
2025.07.30	01:53:00.403	0.93060				2
2025.07.30	01:53:00.708	0.93058				2
2025.07.30	01:53:01.324	0.93057				2
2025.07.30	01:53:01.681	0.93058				2
2025.07.30	01:53:02.360	0.93059				2
2025.07.30	01:53:09.673	0.93058				2
2025.07.30	01:53:17.915	0.93059				2
2025.07.30	01:53:22.059	0.93058				2
2025.07.30	01:53:25.207	0.93059				2
2025.07.30	01:53:26.576	0.93061				2
2025.07.30	01:53:27.087	0.93060				2
2025.07.30	01:53:27.520	0.93059				2
2025.07.30	01:53:29.382	0.93058				2
2025.07.30	01:53:29.738	0.93059				2
2025.07.30	01:53:33.376	0.93058				2
2025.07.30	01:53:33.752	0.93060	0.93072			6
2025.07.30	01:53:34.092	0.93059				2
2025.07.30	01:53:34.525	0.93060				2
2025.07.30	01:53:37.083	0.93059				2
2025.07.30	01:53:39.346	0.93060				2
2025.07.30	01:53:40.015	0.93061				2
2025.07.30	01:53:41.490	0.93064	0.93073			6
2025.07.30	01:53:41.806	0.93061	0.93075			6
2025.07.30	01:53:42.124	0.93064				2
2025.07.30	01:53:45.377		0.93076			4
2025.07.30	01:53:47.390	0.93063				2
2025.07.30	01:53:48.679	0.93064				2
2025.07.30	01:53:54.209	0.93065				2
2025.07.30	01:53:56.536	0.93066	0.93075			6
2025.07.30	01:53:58.019	0.93065	0.93074			6
2025.07.30	01:54:00.389	0.93064				2
2025.07.30	01:54:00.697		0.93073			4
2025.07.30	01:54:04.548	0.93063				2
2025.07.30	01:54:05.781	0.93064				2
2025.07.30	01:54:12.604	0.93063				2
2025.07.30	01:54:18.427	0.93064	0.93074			6
2025.07.30	01:54:30.325	0.93065				2
2025.07.30	01:54:30.828	0.93064				2
2025.07.30	01:54:32.875	0.93065	0.93075			6
2025.07.30	01:54:38.149	0.93064				2
2025.07.30	01:54:45.375	0.93065				2
2025.07.30	01:55:06.186	0.93064				2
2025.07.30	01:55:09.590	0.93065				2
2025.07.30	01:55:10.428	0.93067	0.93077			6
2025.07.30	01:55:10.872	0.93070	0.93079			6
2025.07.30	01:55:11.524	0.93069	0.93077			6
2025.07.30	01:55:12.560		0.93078			4
2025.07.30	01:55:13.611		0.93077			4
2025.07.30	01:55:27.462	0.93068				2
2025.07.30	01:55:32.678	0.93069	0.93078			6
2025.07.30	01:55:33.912	0.93067				2
2025.07.30	01:55:36.485		0.93077			4
2025.07.30	01:55:39.949	0.93066				2
2025.07.30	01:55:42.761		0.93078			4
2025.07.30	01:55:50.324	0.93065	0.93079			6
2025.07.30	01:55:50.739	0.93066	0.93078			6
2025.07.30	01:55:53.701	0.93065				2
2025.07.30	01:56:00.613	0.93065				2
2025.07.30	01:56:01.910	0.93066				2
2025.07.30	01:56:05.877	0.93065				2
2025.07.30	01:56:06.286	0.93066				2
2025.07.30	01:56:17.517	0.93065				2
2025.07.30	01:56:18.038	0.93066				2
2025.07.30	01:56:33.843	0.93065				2
2025.07.30	01:56:34.256	0.93066				2
2025.07.30	01:56:43.915	0.93065				2
2025.07.30	01:56:44.617	0.93066				2
2025.07.30	01:56:45.370	0.93065				2
2025.07.30	01:56:51.610		0.93078			4
2025.07.30	01:57:00.648	0.93065				2
2025.07.30	01:57:11.483	0.93066				2
2025.07.30	01:57:12.589	0.93065				2
2025.07.30	01:57:34.999		0.93079			4
2025.07.30	01:57:45.062	0.93064				2
2025.07.30	01:57:45.377	0.93065				2
2025.07.30	01:57:48.193	0.93067	0.93078			6
2025.07.30	01:57:50.326		0.93079			4
2025.07.30	01:57:53.458	0.93066				2
2025.07.30	01:57:57.984		0.93080			4
2025.07.30	01:58:00.134	0.93065	0.93077			6
2025.07.30	01:58:00.476	0.93066				2
2025.07.30	01:58:00.799	0.93065				2
2025.07.30	01:58:13.482	0.93064				2
2025.07.30	01:58:14.267	0.93063				2
2025.07.30	01:58:14.637	0.93064				2
2025.07.30	01:58:21.605	0.93065	0.93076			6
2025.07.30	01:58:21.935	0.93066				2
2025.07.30	01:58:23.797	0.93065	0.93077			6
2025.07.30	01:58:28.150	0.93066	0.93076			6
2025.07.30	01:58:36.863		0.93074			4
2025.07.30	01:58:37.205	0.93064	0.93073			6
2025.07.30	01:58:38.072	0.93063				2
2025.07.30	01:58:42.393	0.93065				2
2025.07.30	01:58:43.136	0.93064				2
2025.07.30	01:58:44.339	0.93063	0.93074			6
2025.07.30	01:58:45.330	0.93065	0.93073			6
2025.07.30	01:58:45.954	0.93066				2
2025.07.30	01:58:55.958		0.93074			4
2025.07.30	01:58:57.836	0.93063	0.93073			6
2025.07.30	01:58:58.515		0.93072			4
2025.07.30	01:59:00.388	0.93063				2
2025.07.30	01:59:02.915	0.93064	0.93074			6
2025.07.30	01:59:03.237	0.93065	0.93073			6
2025.07.30	01:59:06.217	0.93064				2
2025.07.30	01:59:09.318	0.93065				2
2025.07.30	01:59:10.356	0.93064				2
2025.07.30	01:59:14.437	0.93065				2
2025.07.30	01:59:15.470	0.93064				2
2025.07.30	01:59:16.324		0.93074			4
2025.07.30	01:59:16.640		0.93073			4
2025.07.30	01:59:20.650	0.93063	0.93074			6
2025.07.30	01:59:23.756	0.93064	0.93073			6
2025.07.30	01:59:24.452	0.93068	0.93075			6
2025.07.30	01:59:25.817	0.93067				2
2025.07.30	01:59:32.368	0.93069	0.93076			6
2025.07.30	01:59:37.677	0.93067				2
2025.07.30	01:59:42.049	0.93068				2
2025.07.30	01:59:42.820	0.93069				2
2025.07.30	01:59:43.887	0.93067				2
2025.07.30	01:59:44.842	0.93068				2
2025.07.30	01:59:45.960	0.93067				2
2025.07.30	01:59:48.967	0.93068				2
2025.07.30	01:59:50.105	0.93066				2
2025.07.30	01:59:54.377	0.93067				2
2025.07.30	01:59:56.318	0.93066				2
2025.07.30	01:59:58.424		0.93074			4
2025.07.30	02:00:00.377	0.93065	0.93072			6
2025.07.30	02:00:01.087	0.93064				2
2025.07.30	02:00:01.894		0.93071			4
2025.07.30	02:00:02.304	0.93063				2
2025.07.30	02:00:04.985	0.93064				2
2025.07.30	02:00:05.481	0.93063				2
2025.07.30	02:00:11.043	0.93062				2
2025.07.30	02:00:13.197	0.93064	0.93072			6
2025.07.30	02:00:26.747	0.93063				2
2025.07.30	02:00:30.047	0.93064				2
2025.07.30	02:00:45.366	0.93063	0.93073			6
2025.07.30	02:00:51.947	0.93064				2
2025.07.30	02:01:01.169	0.93064				2
2025.07.30	02:01:02.663	0.93066	0.93074			6
2025.07.30	02:01:03.869	0.93065	0.93075			6
2025.07.30	02:01:15.925	0.93067	0.93077			6
2025.07.30	02:01:18.033		0.93075			4
2025.07.30	02:01:21.280		0.93076			4
2025.07.30	02:01:25.698		0.93078			4
2025.07.30	02:01:26.088	0.93066				2
2025.07.30	02:01:27.845	0.93068	0.93077			6
2025.07.30	02:01:30.408	0.93067	0.93078			6
2025.07.30	02:01:30.817	0.93068	0.93077			6
2025.07.30	02:01:36.321		0.93076			4
2025.07.30	02:01:40.547		0.93077			4
2025.07.30	02:01:40.989	0.93067	0.93078			6
2025.07.30	02:01:42.505	0.93068				2
2025.07.30	02:02:00.388	0.93068				2
2025.07.30	02:02:00.749	0.93067				2
2025.07.30	02:02:12.211		0.93077			4
2025.07.30	02:02:12.824	0.93070	0.93078			6
2025.07.30	02:02:26.495	0.93069	0.93077			6
2025.07.30	02:02:28.143	0.93070				2
2025.07.30	02:02:28.771	0.93071	0.93076			6
2025.07.30	02:02:30.289	0.93070				2
2025.07.30	02:02:31.197		0.93077			4
2025.07.30	02:02:32.139		0.93076			4
2025.07.30	02:02:32.441	0.93068	0.93077			6
2025.07.30	02:02:33.044	0.93069				2
2025.07.30	02:02:33.744	0.93067	0.93076			6
2025.07.30	02:02:36.126	0.93068				2
2025.07.30	02:02:40.548	0.93069	0.93077			6
2025.07.30	02:02:50.148	0.93068	0.93076			6
2025.07.30	02:02:50.746	0.93066	0.93074			6
2025.07.30	02:02:53.222	0.93065				2
2025.07.30	02:03:00.709	0.93065				2
2025.07.30	02:03:02.664	0.93066	0.93073			6
2025.07.30	02:03:28.547	0.93065				2
2025.07.30	02:03:29.194	0.93066				2
2025.07.30	02:03:34.390		0.93074			4
2025.07.30	02:03:35.934	0.93063	0.93071			6
2025.07.30	02:03:36.436	0.93065	0.93073			6
2025.07.30	02:03:36.996	0.93063				2
2025.07.30	02:03:38.594	0.93064				2
2025.07.30	02:03:42.035		0.93071			4
2025.07.30	02:03:44.413		0.93072			4
2025.07.30	02:03:44.788	0.93066	0.93073			6
2025.07.30	02:03:45.097	0.93064	0.93072			6
2025.07.30	02:03:47.528	0.93063	0.93071			6
2025.07.30	02:03:53.514	0.93064				2
2025.07.30	02:03:58.550	0.93062				2
2025.07.30	02:04:00.629	0.93061				2
2025.07.30	02:04:03.636	0.93060				2
2025.07.30	02:04:22.912	0.93063	0.93073			6
2025.07.30	02:04:28.484	0.93062	0.93074			6
2025.07.30	02:04:31.552	0.93063	0.93075			6
2025.07.30	02:04:31.857	0.93062	0.93073			6
2025.07.30	02:04:33.571	0.93064				2
2025.07.30	02:04:34.546	0.93065	0.93072			6
2025.07.30	02:04:38.543		0.93073			4
2025.07.30	02:04:38.897	0.93066	0.93074			6
2025.07.30	02:04:45.122	0.93065				2
2025.07.30	02:04:45.512	0.93064				2
2025.07.30	02:04:47.316	0.93065				2
2025.07.30	02:04:53.658	0.93066	0.93075			6
2025.07.30	02:04:57.700	0.93067	0.93074			6
2025.07.30	02:05:00.667	0.93064	0.93073			6
2025.07.30	02:05:06.913	0.93063	0.93074			6
2025.07.30	02:05:12.486		0.93073			4
2025.07.30	02:05:47.708		0.93074			4
2025.07.30	02:06:06.426	0.93063				2
2025.07.30	02:06:07.895	0.93062				2
2025.07.30	02:06:20.147	0.93063				2
2025.07.30	02:06:51.197	0.93062	0.93074			6
2025.07.30	02:07:00.699	0.93062				2
2025.07.30	02:07:02.148	0.93063				2
2025.07.30	02:07:07.067	0.93062				2
2025.07.30	02:07:08.209	0.93063				2
2025.07.30	02:07:12.724	0.93066	0.93076			6
2025.07.30	02:07:16.937		0.93075			4
2025.07.30	02:07:18.076	0.93067				2
2025.07.30	02:07:32.633	0.93066	0.93076			6
2025.07.30	02:07:39.050	0.93067				2
2025.07.30	02:07:48.473	0.93066				2
2025.07.30	02:07:56.148	0.93067				2
2025.07.30	02:08:00.327	0.93067				2
2025.07.30	02:08:03.058	0.93066	0.93074			6
2025.07.30	02:08:03.422	0.93065				2
2025.07.30	02:08:11.199	0.93069	0.93077			6
2025.07.30	02:08:11.510	0.93067				2
2025.07.30	02:08:12.671	0.93068	0.93076			6
2025.07.30	02:08:13.371	0.93067				2
2025.07.30	02:08:17.700	0.93068	0.93075			6
2025.07.30	02:08:26.459	0.93069	0.93077			6
2025.07.30	02:08:26.772		0.93076			4
2025.07.30	02:08:28.373	0.93068	0.93077			6
2025.07.30	02:08:59.147		0.93076			4
2025.07.30	02:09:00.324	0.93068				2
2025.07.30	02:09:00.708	0.93067	0.93077			6
2025.07.30	02:09:01.708	0.93068	0.93076			6
2025.07.30	02:09:07.997	0.93067	0.93077			6
2025.07.30	02:09:16.547		0.93076			4
2025.07.30	02:09:20.466	0.93068				2
2025.07.30	02:09:20.946	0.93067	0.93077			6
2025.07.30	02:09:21.479	0.93068	0.93076			6
2025.07.30	02:09:26.003		0.93077			4
2025.07.30	02:09:40.771	0.93067				2
2025.07.30	02:09:45.375		0.93079			4
2025.07.30	02:09:58.861		0.93080			4
2025.07.30	02:10:07.366	0.93067	0.93077			6
2025.07.30	02:10:11.543	0.93066				2
2025.07.30	02:10:17.977	0.93067	0.93076			6
2025.07.30	02:10:21.089	0.93068	0.93077			6
2025.07.30	02:10:21.451		0.93075			4
2025.07.30	02:10:26.383		0.93077			4
2025.07.30	02:10:27.747		0.93076			4
2025.07.30	02:10:37.568		0.93075			4
2025.07.30	02:10:48.059	0.93066				2
2025.07.30	02:10:54.249	0.93068	0.93077			6
2025.07.30	02:10:58.436		0.93076			4
2025.07.30	02:10:59.448	0.93067	0.93077			6
2025.07.30	02:10:59.873	0.93069	0.93078			6
2025.07.30	02:11:00.697	0.93069				2
2025.07.30	02:11:01.475	0.93068				2
2025.07.30	02:11:11.143	0.93067	0.93079			6
2025.07.30	02:11:12.365		0.93078			4
2025.07.30	02:11:13.434	0.93066	0.93079			6
2025.07.30	02:11:15.490	0.93067	0.93078			6
2025.07.30	02:11:16.721	0.93066				2
2025.07.30	02:11:17.467	0.93073	0.93081			6
2025.07.30	02:11:19.623	0.93074				2
2025.07.30	02:11:25.959		0.93082			4
2025.07.30	02:11:35.181	0.93073				2
2025.07.30	02:11:44.267	0.93072				2
2025.07.30	02:11:49.409	0.93073	0.93083			6
2025.07.30	02:11:51.556	0.93074				2
2025.07.30	02:11:55.323	0.93073				2
2025.07.30	02:11:59.323		0.93082			4
2025.07.30	02:12:00.672	0.93072				2
2025.07.30	02:12:08.278	0.93071	0.93083			6
2025.07.30	02:12:09.010	0.93074				2
2025.07.30	02:12:15.646	0.93073				2
2025.07.30	02:12:17.707	0.93074				2
2025.07.30	02:12:25.292	0.93077	0.93085			6
2025.07.30	02:12:28.989	0.93076	0.93084			6
2025.07.30	02:12:29.336	0.93075				2
2025.07.30	02:12:39.363	0.93073	0.93085			6
2025.07.30	02:12:40.118	0.93075	0.93084			6
2025.07.30	02:12:40.420	0.93074				2
2025.07.30	02:12:42.523	0.93075				2
2025.07.30	02:12:54.047		0.93083			4
2025.07.30	02:12:55.748	0.93072				2
2025.07.30	02:12:57.001	0.93075	0.93084			6
2025.07.30	02:12:59.373	0.93072	0.93085			6
2025.07.30	02:13:00.111	0.93074	0.93082			6
2025.07.30	02:13:00.419	0.93072	0.93083			6
2025.07.30	02:13:03.029	0.93073				2
2025.07.30	02:13:06.963	0.93072	0.93081			6
2025.07.30	02:13:07.659	0.93071				2
2025.07.30	02:13:11.749	0.93072				2
2025.07.30	02:13:13.078		0.93082			4
2025.07.30	02:13:19.674	0.93073				2
2025.07.30	02:13:26.322	0.93072				2
2025.07.30	02:13:51.306	0.93075				2
2025.07.30	02:13:54.334	0.93072	0.93080			6
2025.07.30	02:13:54.683	0.93073				2
2025.07.30	02:14:00.726	0.93068	0.93079			6
2025.07.30	02:14:09.156	0.93073	0.93080			6
2025.07.30	02:14:09.492	0.93071	0.93079			6
2025.07.30	02:14:09.800	0.93070				2
2025.07.30	02:14:10.550	0.93072	0.93080			6
2025.07.30	02:14:12.673	0.93071				2
2025.07.30	02:14:14.416	0.93070				2
2025.07.30	02:14:27.970	0.93071				2
2025.07.30	02:14:30.409		0.93079			4
2025.07.30	02:14:30.975		0.93080			4
2025.07.30	02:14:34.648	0.93072				2
2025.07.30	02:14:35.215	0.93071				2
2025.07.30	02:14:58.676	0.93070				2
2025.07.30	02:15:00.303	0.93071				2
2025.07.30	02:15:00.679	0.93069	0.93079			6
2025.07.30	02:15:22.914	0.93068				2
2025.07.30	02:15:34.548	0.93069				2
2025.07.30	02:15:39.158	0.93070				2
2025.07.30	02:15:45.379	0.93071	0.93080			6
2025.07.30	02:15:58.095	0.93074	0.93082			6
2025.07.30	02:15:58.863	0.93075				2
2025.07.30	02:16:00.715	0.93074				2
2025.07.30	02:16:07.440	0.93070	0.93080			6
2025.07.30	02:16:30.325	0.93071	0.93079			6
2025.07.30	02:16:30.916	0.93069				2
2025.07.30	02:16:34.546	0.93070				2
2025.07.30	02:16:42.830		0.93077			4
2025.07.30	02:16:43.156	0.93069	0.93076			6
2025.07.30	02:16:45.383	0.93070	0.93078			6
2025.07.30	02:16:51.094	0.93069	0.93079			6
2025.07.30	02:17:00.384	0.93070				2
2025.07.30	02:17:32.697	0.93071	0.93078			6
2025.07.30	02:17:33.014	0.93069	0.93079			6
