<DATE>	<TIME>	<BID>	<ASK>	<LAST>	<VOLUME>	<FLAGS>
2025.02.03	00:00:46.026	0.93669	0.93891			6
2025.02.03	00:01:19.863	0.93669				2
2025.02.03	00:01:32.773	0.93711	0.93921			6
2025.02.03	00:01:36.840	0.93683	0.93907			6
2025.02.03	00:01:37.146	0.93709	0.93921			6
2025.02.03	00:01:39.513	0.93729				2
2025.02.03	00:01:40.885		0.93927			4
2025.02.03	00:01:42.308	0.93709				2
2025.02.03	00:01:58.484	0.93692				2
2025.02.03	00:02:01.276	0.93692	0.93921			6
2025.02.03	00:02:03.004		0.93911			4
2025.02.03	00:02:08.769	0.93671	0.93904			6
2025.02.03	00:02:11.771		0.93903			4
2025.02.03	00:02:12.873		0.93905			4
2025.02.03	00:02:14.300	0.93683	0.93904			6
2025.02.03	00:02:14.753		0.93903			4
2025.02.03	00:02:18.786		0.93904			4
2025.02.03	00:02:43.821	0.93679	0.93913			6
2025.02.03	00:02:44.710	0.93683	0.93904			6
2025.02.03	00:02:52.657	0.93669	0.93901			6
2025.02.03	00:02:54.598		0.93898			4
2025.02.03	00:03:00.245	0.93669	0.93899			6
2025.02.03	00:03:05.584		0.93898			4
2025.02.03	00:03:13.105		0.93897			4
2025.02.03	00:03:15.021		0.93871			4
2025.02.03	00:03:18.473		0.93872			4
2025.02.03	00:03:32.047		0.93897			4
2025.02.03	00:03:39.478		0.93900			4
2025.02.03	00:03:52.409		0.93899			4
2025.02.03	00:03:54.748		0.93898			4
2025.02.03	00:03:56.440		0.93902			4
2025.02.03	00:03:59.722	0.93668	0.93872			6
2025.02.03	00:04:00.420	0.93668				2
2025.02.03	00:04:06.913		0.93871			4
2025.02.03	00:04:13.871		0.93870			4
2025.02.03	00:04:15.488		0.93871			4
2025.02.03	00:04:31.781	0.93669	0.93851			6
2025.02.03	00:04:32.744		0.93865			4
2025.02.03	00:04:34.411		0.93856			4
2025.02.03	00:04:34.769		0.93865			4
2025.02.03	00:04:35.210		0.93861			4
2025.02.03	00:04:35.766		0.93875			4
2025.02.03	00:04:37.408		0.93866			4
2025.02.03	00:04:37.767		0.93875			4
2025.02.03	00:04:38.205		0.93862			4
2025.02.03	00:04:38.621		0.93857			4
2025.02.03	00:04:38.946		0.93853			4
2025.02.03	00:04:39.418		0.93857			4
2025.02.03	00:04:40.206		0.93853			4
2025.02.03	00:04:46.926		0.93866			4
2025.02.03	00:04:47.847		0.93867			4
2025.02.03	00:04:48.414		0.93862			4
2025.02.03	00:04:48.743		0.93853			4
2025.02.03	00:04:49.774		0.93858			4
2025.02.03	00:04:50.187		0.93840			4
2025.02.03	00:04:50.775		0.93835			4
2025.02.03	00:04:51.406		0.93840			4
2025.02.03	00:04:51.772		0.93843			4
2025.02.03	00:04:52.206		0.93834			4
2025.02.03	00:04:53.214		0.93838			4
2025.02.03	00:04:53.686		0.93830			4
2025.02.03	00:04:54.744		0.93835			4
2025.02.03	00:04:55.209		0.93830			4
2025.02.03	00:04:55.855		0.93835			4
2025.02.03	00:04:56.195		0.93830			4
2025.02.03	00:04:56.537		0.93838			4
2025.02.03	00:04:57.144		0.93855			4
2025.02.03	00:05:00.106	0.93647	0.93818			6
2025.02.03	00:05:04.920	0.93664	0.93852			6
2025.02.03	00:05:07.799		0.93847			4
2025.02.03	00:05:12.020		0.93869			4
2025.02.03	00:05:12.331		0.93856			4
2025.02.03	00:05:14.010		0.93853			4
2025.02.03	00:05:15.714		0.93854			4
2025.02.03	00:05:24.280	0.93669	0.93896			6
2025.02.03	00:05:24.624	0.93678	0.93894			6
2025.02.03	00:05:25.698	0.93682				2
2025.02.03	00:05:26.699	0.93681				2
2025.02.03	00:05:28.615		0.93891			4
2025.02.03	00:05:30.810	0.93682	0.93894			6
2025.02.03	00:05:33.116	0.93687	0.93897			6
2025.02.03	00:05:37.446	0.93669	0.93905			6
2025.02.03	00:05:46.269		0.93906			4
2025.02.03	00:05:48.061		0.93900			4
2025.02.03	00:05:48.838	0.93653	0.93883			6
2025.02.03	00:05:51.188		0.93881			4
2025.02.03	00:05:51.622		0.93879			4
2025.02.03	00:05:53.335		0.93881			4
2025.02.03	00:05:54.263		0.93878			4
2025.02.03	00:05:58.207		0.93882			4
2025.02.03	00:06:00.082	0.93653				2
2025.02.03	00:06:03.063		0.93878			4
2025.02.03	00:06:04.744		0.93880			4
2025.02.03	00:06:08.357		0.93879			4
2025.02.03	00:06:08.976		0.93880			4
2025.02.03	00:06:10.199		0.93881			4
2025.02.03	00:06:24.762	0.93658	0.93880			6
2025.02.03	00:06:26.020		0.93882			4
2025.02.03	00:06:30.304		0.93883			4
2025.02.03	00:06:44.103		0.93884			4
2025.02.03	00:06:52.699	0.93673				2
2025.02.03	00:06:59.914		0.93886			4
2025.02.03	00:07:00.361	0.93673				2
2025.02.03	00:07:09.070		0.93888			4
2025.02.03	00:07:12.889		0.93887			4
2025.02.03	00:07:26.566	0.93684	0.93901			6
2025.02.03	00:07:36.197		0.93888			4
2025.02.03	00:07:59.338		0.93903			4
2025.02.03	00:08:00.368	0.93684				2
2025.02.03	00:08:24.206		0.93914			4
2025.02.03	00:08:25.536		0.93908			4
2025.02.03	00:08:26.003		0.93919			4
2025.02.03	00:08:26.321		0.93905			4
2025.02.03	00:08:27.140		0.93910			4
2025.02.03	00:08:30.964		0.93920			4
2025.02.03	00:08:33.481		0.93905			4
2025.02.03	00:09:04.346	0.93684				2
2025.02.03	00:09:16.565	0.93685				2
2025.02.03	00:09:21.680		0.93917			4
2025.02.03	00:09:55.402		0.93912			4
2025.02.03	00:09:59.750		0.93909			4
2025.02.03	00:10:00.371	0.93688	0.93906			6
2025.02.03	00:10:01.506	0.93690	0.93907			6
2025.02.03	00:10:02.235	0.93683	0.93906			6
2025.02.03	00:10:03.243	0.93684	0.93904			6
2025.02.03	00:10:05.266	0.93689	0.93905			6
2025.02.03	00:10:06.967	0.93690				2
2025.02.03	00:10:09.964		0.93906			4
2025.02.03	00:10:11.906	0.93691	0.93905			6
2025.02.03	00:10:13.917	0.93694	0.93913			6
2025.02.03	00:10:14.300	0.93698	0.93912			6
2025.02.03	00:10:14.612		0.93913			4
2025.02.03	00:10:16.173	0.93697				2
2025.02.03	00:10:17.018	0.93696				2
2025.02.03	00:10:19.301	0.93695				2
2025.02.03	00:10:20.758	0.93693				2
2025.02.03	00:10:22.428	0.93692				2
2025.02.03	00:10:22.897	0.93695				2
2025.02.03	00:10:26.690	0.93693				2
2025.02.03	00:10:29.703	0.93695				2
2025.02.03	00:10:30.590	0.93693	0.93919			6
2025.02.03	00:10:34.015	0.93698				2
2025.02.03	00:10:35.298	0.93696	0.93914			6
2025.02.03	00:10:35.622		0.93921			4
2025.02.03	00:10:36.077	0.93711				2
2025.02.03	00:10:36.421	0.93717				2
2025.02.03	00:10:37.718	0.93716				2
2025.02.03	00:10:38.413	0.93744				2
2025.02.03	00:10:39.821	0.93739				2
2025.02.03	00:10:40.632	0.93752				2
2025.02.03	00:10:41.083	0.93713				2
2025.02.03	00:10:43.164		0.93917			4
2025.02.03	00:10:44.186		0.93921			4
2025.02.03	00:10:46.416	0.93695	0.93902			6
2025.02.03	00:10:48.861		0.93901			4
2025.02.03	00:10:49.408		0.93921			4
2025.02.03	00:10:50.321	0.93711				2
2025.02.03	00:11:00.386	0.93711				2
2025.02.03	00:11:03.612	0.93699				2
2025.02.03	00:11:04.116	0.93697				2
2025.02.03	00:11:04.717	0.93701				2
2025.02.03	00:11:05.163	0.93700				2
2025.02.03	00:11:05.963	0.93704	0.93919			6
2025.02.03	00:11:06.513	0.93701				2
2025.02.03	00:11:06.878	0.93702	0.93902			6
2025.02.03	00:11:07.308	0.93695				2
2025.02.03	00:11:08.215	0.93706	0.93920			6
2025.02.03	00:11:09.347	0.93705	0.93921			6
2025.02.03	00:11:09.813	0.93706				2
2025.02.03	00:11:15.264	0.93699				2
2025.02.03	00:11:15.812	0.93695				2
2025.02.03	00:11:17.313	0.93696				2
2025.02.03	00:11:17.618		0.93916			4
2025.02.03	00:11:20.309	0.93710	0.93921			6
2025.02.03	00:11:22.716	0.93707				2
2025.02.03	00:11:23.045	0.93708				2
2025.02.03	00:11:23.619	0.93709				2
2025.02.03	00:11:24.616	0.93707				2
2025.02.03	00:11:26.562		0.93925			4
2025.02.03	00:11:29.368	0.93696	0.93919			6
2025.02.03	00:11:29.863	0.93692				2
2025.02.03	00:11:30.506	0.93696	0.93914			6
2025.02.03	00:11:30.813	0.93695				2
2025.02.03	00:11:32.013		0.93913			4
2025.02.03	00:11:34.198	0.93698	0.93910			6
2025.02.03	00:11:35.919	0.93699				2
2025.02.03	00:11:38.130	0.93698				2
2025.02.03	00:11:38.679		0.93911			4
2025.02.03	00:11:39.502	0.93694	0.93915			6
2025.02.03	00:11:48.366	0.93692	0.93925			6
2025.02.03	00:11:48.818	0.93696				2
2025.02.03	00:11:49.264	0.93695				2
2025.02.03	00:11:55.399	0.93694				2
2025.02.03	00:11:58.008	0.93695				2
2025.02.03	00:11:59.618	0.93696				2
2025.02.03	00:12:00.458	0.93704				2
2025.02.03	00:12:02.918	0.93705				2
2025.02.03	00:12:04.190	0.93699				2
2025.02.03	00:12:05.380	0.93700				2
2025.02.03	00:12:09.276	0.93699				2
2025.02.03	00:12:09.813	0.93689				2
2025.02.03	00:12:10.282	0.93692				2
2025.02.03	00:12:11.303	0.93694				2
2025.02.03	00:12:14.654	0.93692				2
2025.02.03	00:12:16.617	0.93700				2
2025.02.03	00:12:17.307	0.93701				2
2025.02.03	00:12:19.638	0.93710				2
2025.02.03	00:12:22.119	0.93709				2
2025.02.03	00:12:22.962	0.93708				2
2025.02.03	00:12:23.317	0.93711				2
2025.02.03	00:12:24.620	0.93715	0.93924			6
2025.02.03	00:12:32.285		0.93923			4
2025.02.03	00:12:40.701		0.93924			4
2025.02.03	00:12:51.053	0.93716				2
2025.02.03	00:12:51.383	0.93717				2
2025.02.03	00:12:51.727	0.93715				2
2025.02.03	00:13:00.591	0.93715				2
2025.02.03	00:13:05.015	0.93726	0.93925			6
2025.02.03	00:13:18.821	0.93716				2
2025.02.03	00:13:59.413	0.93704	0.93923			6
2025.02.03	00:13:59.912	0.93703				2
2025.02.03	00:14:00.565	0.93703	0.93924			6
2025.02.03	00:14:05.990	0.93697	0.93922			6
2025.02.03	00:14:10.634	0.93696				2
2025.02.03	00:14:15.513	0.93693				2
2025.02.03	00:14:30.120	0.93697	0.93918			6
2025.02.03	00:14:31.417		0.93917			4
2025.02.03	00:14:32.998	0.93705	0.93925			6
2025.02.03	00:14:33.513	0.93709				2
2025.02.03	00:14:37.397	0.93704				2
2025.02.03	00:14:39.216	0.93705				2
2025.02.03	00:14:40.116	0.93706				2
2025.02.03	00:14:48.317	0.93705				2
2025.02.03	00:14:50.058	0.93709				2
2025.02.03	00:14:51.318	0.93710				2
2025.02.03	00:14:52.561	0.93708				2
2025.02.03	00:14:54.219	0.93707				2
2025.02.03	00:14:56.613	0.93708				2
2025.02.03	00:14:57.816	0.93707				2
2025.02.03	00:14:59.315	0.93708				2
2025.02.03	00:15:00.400	0.93701				2
2025.02.03	00:15:09.859	0.93720				2
2025.02.03	00:15:14.112	0.93688	0.93915			6
2025.02.03	00:15:16.363		0.93925			4
2025.02.03	00:15:19.030	0.93692				2
2025.02.03	00:15:20.578	0.93693				2
2025.02.03	00:15:21.512	0.93696				2
2025.02.03	00:15:23.175	0.93697				2
2025.02.03	00:15:23.839	0.93692	0.93911			6
2025.02.03	00:15:24.216	0.93688				2
2025.02.03	00:15:29.424		0.93915			4
2025.02.03	00:15:29.750		0.93921			4
2025.02.03	00:15:34.325		0.93920			4
2025.02.03	00:15:38.320		0.93919			4
2025.02.03	00:15:40.668		0.93921			4
2025.02.03	00:15:41.016	0.93691				2
2025.02.03	00:15:44.615	0.93690				2
2025.02.03	00:15:45.814	0.93691				2
2025.02.03	00:15:51.213	0.93697				2
2025.02.03	00:15:56.015	0.93688				2
2025.02.03	00:16:00.215	0.93688				2
2025.02.03	00:16:00.556	0.93700				2
2025.02.03	00:16:08.315	0.93701				2
2025.02.03	00:16:09.520	0.93700				2
2025.02.03	00:16:11.914	0.93695	0.93916			6
2025.02.03	00:16:12.516	0.93693	0.93915			6
2025.02.03	00:16:16.413		0.93914			4
2025.02.03	00:16:19.034		0.93915			4
2025.02.03	00:16:19.414		0.93914			4
2025.02.03	00:16:21.321		0.93913			4
2025.02.03	00:16:25.120		0.93912			4
2025.02.03	00:16:31.394		0.93919			4
2025.02.03	00:16:34.712		0.93918			4
2025.02.03	00:16:35.038		0.93916			4
2025.02.03	00:16:53.201		0.93919			4
2025.02.03	00:16:53.740		0.93914			4
2025.02.03	00:16:54.213		0.93915			4
2025.02.03	00:17:00.779	0.93693	0.93917			6
2025.02.03	00:17:02.914		0.93918			4
2025.02.03	00:17:04.114	0.93686				2
2025.02.03	00:17:04.710	0.93685	0.93914			6
2025.02.03	00:17:07.101	0.93679	0.93915			6
2025.02.03	00:17:09.324		0.93916			4
2025.02.03	00:17:10.325	0.93676	0.93858			6
2025.02.03	00:17:10.653	0.93779	0.93922			6
2025.02.03	00:17:19.903	0.93789	0.93923			6
2025.02.03	00:17:26.400	0.93784	0.93919			6
2025.02.03	00:17:29.918	0.93785				2
2025.02.03	00:17:30.756		0.93916			4
2025.02.03	00:17:38.210	0.93777	0.93913			6
2025.02.03	00:17:39.251	0.93774	0.93911			6
2025.02.03	00:17:41.011	0.93782	0.93914			6
2025.02.03	00:17:47.156	0.93774	0.93911			6
2025.02.03	00:17:56.915		0.93880			4
2025.02.03	00:17:57.310	0.93784				2
2025.02.03	00:18:01.414	0.93782				2
2025.02.03	00:18:12.815	0.93784				2
2025.02.03	00:18:22.065		0.93906			4
2025.02.03	00:18:25.464	0.93785				2
2025.02.03	00:18:31.690	0.93784				2
2025.02.03	00:18:36.359	0.93787				2
2025.02.03	00:18:41.722		0.93898			4
2025.02.03	00:18:48.515	0.93786				2
2025.02.03	00:18:49.721	0.93819	0.93943			6
2025.02.03	00:18:50.100	0.93788	0.93902			6
2025.02.03	00:18:50.897		0.93904			4
2025.02.03	00:18:51.521		0.93901			4
2025.02.03	00:18:58.030	0.93789	0.93900			6
2025.02.03	00:19:00.214	0.93787	0.93894			6
2025.02.03	00:19:30.738	0.93776				2
2025.02.03	00:19:41.314	0.93773				2
2025.02.03	00:19:58.915	0.93775				2
2025.02.03	00:20:00.294	0.93775	0.93895			6
2025.02.03	00:20:08.436		0.93900			4
2025.02.03	00:20:13.914	0.93783				2
2025.02.03	00:20:16.718	0.93782				2
2025.02.03	00:20:39.525	0.93769				2
2025.02.03	00:20:40.837		0.93903			4
2025.02.03	00:20:44.528	0.93767				2
2025.02.03	00:20:46.890		0.93900			4
2025.02.03	00:20:47.625	0.93760				2
2025.02.03	00:20:50.204	0.93758				2
2025.02.03	00:20:55.415	0.93742				2
2025.02.03	00:21:00.349	0.93742				2
2025.02.03	00:21:08.912	0.93745	0.93898			6
2025.02.03	00:21:34.937	0.93734	0.93882			6
2025.02.03	00:21:35.290	0.93735	0.93881			6
2025.02.03	00:21:37.463	0.93714	0.93836			6
2025.02.03	00:21:38.067	0.93703				2
2025.02.03	00:21:39.375	0.93704				2
2025.02.03	00:21:40.049	0.93705				2
2025.02.03	00:21:40.717	0.93706				2
2025.02.03	00:21:41.349	0.93703				2
2025.02.03	00:21:48.067	0.93704	0.93853			6
2025.02.03	00:21:50.302	0.93694	0.93831			6
2025.02.03	00:21:56.646	0.93691	0.93841			6
2025.02.03	00:22:00.218	0.93707				2
2025.02.03	00:22:01.348	0.93701	0.93855			6
2025.02.03	00:22:02.357	0.93691				2
2025.02.03	00:22:03.772	0.93708				2
2025.02.03	00:22:04.080	0.93706				2
2025.02.03	00:22:26.445	0.93691				2
2025.02.03	00:22:41.314	0.93706				2
2025.02.03	00:22:41.671	0.93703				2
2025.02.03	00:22:41.997	0.93701				2
2025.02.03	00:22:46.412	0.93707				2
2025.02.03	00:22:46.913	0.93680	0.93845			6
2025.02.03	00:22:47.250	0.93697				2
2025.02.03	00:22:47.997	0.93680				2
2025.02.03	00:22:48.306	0.93693				2
2025.02.03	00:23:00.387	0.93693				2
2025.02.03	00:23:01.388	0.93694				2
2025.02.03	00:23:06.812	0.93696				2
2025.02.03	00:23:07.239	0.93680				2
2025.02.03	00:23:41.906		0.93843			4
2025.02.03	00:24:00.515	0.93680				2
2025.02.03	00:24:09.085	0.93739	0.93882			6
2025.02.03	00:24:10.388	0.93762				2
2025.02.03	00:24:13.259	0.93773	0.93881			6
2025.02.03	00:24:17.046	0.93756	0.93880			6
2025.02.03	00:24:18.524	0.93781				2
2025.02.03	00:24:27.266	0.93782				2
2025.02.03	00:24:31.525	0.93783				2
2025.02.03	00:24:43.514		0.93862			4
2025.02.03	00:24:49.464	0.93784	0.93870			6
2025.02.03	00:24:49.781		0.93858			4
2025.02.03	00:24:50.089	0.93787	0.93868			6
2025.02.03	00:25:00.215	0.93787	0.93872			6
2025.02.03	00:25:04.404	0.93793	0.93897			6
2025.02.03	00:25:05.763	0.93789				2
2025.02.03	00:25:06.412	0.93790				2
2025.02.03	00:25:08.979	0.93781	0.93890			6
2025.02.03	00:25:20.291	0.93779	0.93883			6
2025.02.03	00:25:28.714	0.93777				2
2025.02.03	00:25:29.337	0.93779				2
2025.02.03	00:25:31.335	0.93777				2
2025.02.03	00:25:31.889	0.93779				2
2025.02.03	00:25:32.529	0.93777				2
2025.02.03	00:25:32.919	0.93768				2
2025.02.03	00:25:54.729	0.93766	0.93873			6
2025.02.03	00:25:59.304		0.93862			4
2025.02.03	00:26:01.413	0.93766				2
2025.02.03	00:26:04.737	0.93767				2
2025.02.03	00:26:09.338	0.93771				2
2025.02.03	00:26:14.066	0.93774				2
2025.02.03	00:26:17.069	0.93772				2
2025.02.03	00:26:19.066	0.93774				2
2025.02.03	00:26:20.943	0.93778				2
2025.02.03	00:26:49.415	0.93772				2
2025.02.03	00:26:57.840	0.93762	0.93873			6
2025.02.03	00:26:58.533	0.93776				2
2025.02.03	00:27:01.116	0.93776				2
2025.02.03	00:27:14.801	0.93782				2
2025.02.03	00:27:15.527	0.93783				2
2025.02.03	00:27:24.877	0.93781				2
2025.02.03	00:27:25.855	0.93783				2
2025.02.03	00:27:27.878	0.93781				2
2025.02.03	00:27:28.856	0.93783				2
2025.02.03	00:27:33.278	0.93785				2
2025.02.03	00:27:51.796	0.93784				2
2025.02.03	00:27:59.018		0.93873			4
2025.02.03	00:28:01.412	0.93784				2
2025.02.03	00:28:05.079	0.93776				2
2025.02.03	00:28:38.457		0.93867			4
2025.02.03	00:28:40.115	0.93774				2
2025.02.03	00:29:00.681	0.93774				2
2025.02.03	00:29:03.199	0.93772				2
2025.02.03	00:29:04.038	0.93774				2
2025.02.03	00:29:33.460		0.93868			4
2025.02.03	00:29:48.191	0.93714	0.93825			6
2025.02.03	00:29:48.539	0.93727	0.93838			6
2025.02.03	00:30:00.814	0.93727				2
2025.02.03	00:30:22.226	0.93714	0.93828			6
2025.02.03	00:30:22.553	0.93712	0.93823			6
2025.02.03	00:30:42.832	0.93705	0.93815			6
2025.02.03	00:30:46.750	0.93711	0.93821			6
2025.02.03	00:30:47.380	0.93721	0.93844			6
2025.02.03	00:30:51.552	0.93714	0.93826			6
2025.02.03	00:30:54.521	0.93705	0.93816			6
2025.02.03	00:31:00.716	0.93705				2
2025.02.03	00:31:08.102	0.93712	0.93822			6
2025.02.03	00:31:18.552	0.93726	0.93816			6
2025.02.03	00:31:19.442	0.93718	0.93822			6
2025.02.03	00:31:20.017	0.93717				2
2025.02.03	00:31:20.618	0.93718				2
2025.02.03	00:31:21.020	0.93719				2
2025.02.03	00:31:21.451	0.93720				2
2025.02.03	00:31:21.944	0.93726	0.93816			6
2025.02.03	00:31:23.314	0.93712	0.93822			6
2025.02.03	00:31:38.169	0.93706	0.93816			6
2025.02.03	00:31:44.200	0.93699	0.93809			6
2025.02.03	00:32:00.223	0.93699				2
2025.02.03	00:32:17.268		0.93803			4
2025.02.03	00:32:17.658		0.93809			4
2025.02.03	00:32:19.281	0.93676	0.93800			6
2025.02.03	00:32:36.248	0.93680	0.93794			6
2025.02.03	00:33:00.215	0.93680				2
2025.02.03	00:33:30.721	0.93687	0.93798			6
2025.02.03	00:33:50.680	0.93674	0.93795			6
2025.02.03	00:34:00.728	0.93674				2
2025.02.03	00:34:23.099	0.93670	0.93789			6
2025.02.03	00:34:27.521	0.93669				2
2025.02.03	00:34:28.783	0.93671				2
2025.02.03	00:34:45.812	0.93675	0.93790			6
2025.02.03	00:35:00.406	0.93675				2
2025.02.03	00:35:29.556	0.93702	0.93808			6
2025.02.03	00:35:31.119	0.93706				2
2025.02.03	00:35:39.910		0.93814			4
2025.02.03	00:36:00.216	0.93706				2
2025.02.03	00:36:03.924	0.93705				2
2025.02.03	00:36:18.905	0.93703				2
2025.02.03	00:36:21.632		0.93813			4
2025.02.03	00:36:30.920		0.93810			4
2025.02.03	00:36:32.019		0.93809			4
2025.02.03	00:36:34.993	0.93704				2
2025.02.03	00:36:39.978	0.93705	0.93808			6
2025.02.03	00:36:43.419		0.93807			4
2025.02.03	00:36:44.002	0.93704	0.93809			6
2025.02.03	00:36:54.614		0.93810			4
2025.02.03	00:36:56.820		0.93812			4
2025.02.03	00:36:57.146	0.93698	0.93808			6
2025.02.03	00:37:01.116	0.93698				2
2025.02.03	00:37:21.014	0.93701				2
2025.02.03	00:37:23.921	0.93702				2
2025.02.03	00:37:25.715	0.93701				2
2025.02.03	00:37:27.213	0.93702				2
2025.02.03	00:37:28.091	0.93701				2
2025.02.03	00:37:31.419	0.93702				2
2025.02.03	00:37:35.513	0.93701				2
2025.02.03	00:37:35.841	0.93700				2
2025.02.03	00:37:43.904	0.93701				2
2025.02.03	00:37:44.433	0.93700				2
2025.02.03	00:37:49.579	0.93699				2
2025.02.03	00:37:51.813	0.93700				2
2025.02.03	00:37:52.145	0.93703	0.93810			6
2025.02.03	00:37:57.053		0.93809			4
2025.02.03	00:38:00.804	0.93703				2
2025.02.03	00:38:05.582		0.93807			4
2025.02.03	00:38:16.421		0.93808			4
2025.02.03	00:38:22.358		0.93807			4
2025.02.03	00:38:34.413		0.93806			4
2025.02.03	00:38:47.013	0.93704				2
2025.02.03	00:38:55.910	0.93703				2
2025.02.03	00:39:00.404	0.93703	0.93807			6
2025.02.03	00:39:04.418		0.93806			4
2025.02.03	00:39:05.332	0.93702	0.93807			6
2025.02.03	00:39:14.318	0.93703				2
2025.02.03	00:39:14.970	0.93700	0.93809			6
2025.02.03	00:39:18.000	0.93698	0.93795			6
2025.02.03	00:39:18.303	0.93667	0.93775			6
2025.02.03	00:39:18.604	0.93665	0.93772			6
2025.02.03	00:39:22.301		0.93764			4
2025.02.03	00:39:40.293	0.93668				2
2025.02.03	00:39:45.817	0.93651	0.93737			6
2025.02.03	00:39:52.714		0.93745			4
2025.02.03	00:40:00.366	0.93651				2
2025.02.03	00:40:01.485	0.93634	0.93738			6
2025.02.03	00:40:01.808		0.93732			4
2025.02.03	00:40:03.059	0.93635				2
2025.02.03	00:40:09.092	0.93636				2
2025.02.03	00:40:09.534	0.93627	0.93717			6
2025.02.03	00:40:10.101	0.93609				2
2025.02.03	00:40:10.536	0.93608				2
2025.02.03	00:40:12.580	0.93609				2
2025.02.03	00:40:13.426	0.93621	0.93716			6
2025.02.03	00:40:14.430	0.93620				2
2025.02.03	00:40:14.934	0.93621				2
2025.02.03	00:40:16.016	0.93620				2
2025.02.03	00:40:16.500	0.93619				2
2025.02.03	00:40:16.992	0.93620				2
2025.02.03	00:40:17.319	0.93621				2
2025.02.03	00:40:19.085	0.93619				2
2025.02.03	00:40:20.349	0.93613				2
2025.02.03	00:40:21.079	0.93612				2
2025.02.03	00:40:22.988	0.93620				2
2025.02.03	00:40:23.681	0.93621				2
2025.02.03	00:40:25.679	0.93624				2
2025.02.03	00:40:28.114	0.93625				2
2025.02.03	00:40:31.347	0.93624				2
2025.02.03	00:40:35.393	0.93623				2
2025.02.03	00:40:35.783	0.93624				2
2025.02.03	00:40:36.336	0.93623				2
2025.02.03	00:40:36.645	0.93625				2
2025.02.03	00:40:37.419	0.93618				2
2025.02.03	00:40:38.740	0.93620				2
2025.02.03	00:40:39.218	0.93619				2
2025.02.03	00:40:39.768	0.93617				2
2025.02.03	00:40:40.124	0.93620				2
2025.02.03	00:40:42.314	0.93618				2
2025.02.03	00:40:43.721	0.93628	0.93724			6
2025.02.03	00:40:45.983	0.93602	0.93721			6
2025.02.03	00:40:46.327		0.93714			4
2025.02.03	00:40:47.489	0.93604				2
2025.02.03	00:40:49.114	0.93631	0.93747			6
2025.02.03	00:40:49.439	0.93657	0.93766			6
2025.02.03	00:40:49.868	0.93655	0.93767			6
2025.02.03	00:40:50.289	0.93660	0.93766			6
2025.02.03	00:40:50.663	0.93664	0.93770			6
2025.02.03	00:40:50.986	0.93654	0.93775			6
2025.02.03	00:40:51.425	0.93599	0.93815			6
2025.02.03	00:40:51.844	0.93600				2
2025.02.03	00:40:52.915	0.93612	0.93814			6
2025.02.03	00:40:53.302	0.93623	0.93803			6
2025.02.03	00:40:53.905	0.93634	0.93792			6
2025.02.03	00:40:54.252	0.93635	0.93791			6
2025.02.03	00:40:54.580	0.93637	0.93789			6
2025.02.03	00:40:55.017	0.93638	0.93788			6
2025.02.03	00:40:55.322	0.93637	0.93789			6
2025.02.03	00:40:55.718	0.93640	0.93786			6
2025.02.03	00:40:56.320	0.93643	0.93782			6
2025.02.03	00:40:56.915	0.93644				2
2025.02.03	00:40:57.590	0.93645	0.93781			6
2025.02.03	00:40:58.418	0.93646	0.93780			6
2025.02.03	00:40:59.013	0.93647	0.93779			6
2025.02.03	00:40:59.917	0.93648	0.93778			6
2025.02.03	00:41:00.316	0.93637	0.93765			6
2025.02.03	00:41:00.815	0.93638				2
2025.02.03	00:41:01.419		0.93764			4
2025.02.03	00:41:01.914	0.93639				2
2025.02.03	00:41:02.315		0.93763			4
2025.02.03	00:41:02.918	0.93640				2
2025.02.03	00:41:03.753	0.93642	0.93760			6
2025.02.03	00:41:04.375	0.93643	0.93759			6
2025.02.03	00:41:05.376	0.93642	0.93760			6
2025.02.03	00:41:06.487	0.93643	0.93759			6
2025.02.03	00:41:06.814	0.93644	0.93758			6
2025.02.03	00:41:08.014	0.93645	0.93757			6
2025.02.03	00:41:08.781		0.93758			4
2025.02.03	00:41:09.815		0.93757			4
2025.02.03	00:41:10.781	0.93647	0.93755			6
2025.02.03	00:41:11.082		0.93754			4
2025.02.03	00:41:12.221	0.93648				2
2025.02.03	00:41:13.417	0.93647	0.93753			6
2025.02.03	00:41:18.959	0.93646				2
2025.02.03	00:41:24.216	0.93647				2
2025.02.03	00:41:33.995	0.93646	0.93754			6
2025.02.03	00:41:35.322	0.93647	0.93753			6
2025.02.03	00:41:36.815	0.93629	0.93770			6
2025.02.03	00:41:38.378	0.93630				2
2025.02.03	00:41:40.855	0.93628	0.93782			6
2025.02.03	00:41:43.622	0.93643				2
2025.02.03	00:41:44.730	0.93641				2
2025.02.03	00:41:48.821	0.93639				2
2025.02.03	00:41:49.391	0.93638	0.93758			6
2025.02.03	00:41:50.912	0.93639				2
2025.02.03	00:41:52.277	0.93641				2
2025.02.03	00:41:53.013	0.93642				2
2025.02.03	00:41:53.622	0.93643				2
2025.02.03	00:41:59.334	0.93644				2
2025.02.03	00:42:00.389	0.93643				2
2025.02.03	00:42:02.017	0.93636				2
2025.02.03	00:42:02.326	0.93655				2
2025.02.03	00:42:04.114	0.93656				2
2025.02.03	00:42:08.552	0.93653				2
2025.02.03	00:42:09.065	0.93654				2
2025.02.03	00:42:11.397	0.93653				2
2025.02.03	00:42:12.065	0.93652				2
2025.02.03	00:42:12.670	0.93654				2
2025.02.03	00:42:13.114	0.93653				2
2025.02.03	00:42:13.489	0.93655				2
2025.02.03	00:42:14.590	0.93653				2
2025.02.03	00:42:16.493	0.93657				2
2025.02.03	00:42:17.014	0.93658				2
2025.02.03	00:42:18.216	0.93659				2
2025.02.03	00:42:18.627	0.93665				2
2025.02.03	00:42:19.439	0.93666				2
2025.02.03	00:42:20.192	0.93663				2
2025.02.03	00:42:20.615	0.93664				2
2025.02.03	00:42:23.348	0.93685	0.93767			6
2025.02.03	00:42:23.931	0.93686				2
2025.02.03	00:42:27.214	0.93668	0.93760			6
2025.02.03	00:42:27.521	0.93665				2
2025.02.03	00:42:28.363	0.93666				2
2025.02.03	00:42:29.912	0.93667				2
2025.02.03	00:42:32.313	0.93671				2
2025.02.03	00:42:32.722	0.93673				2
2025.02.03	00:42:34.553		0.93761			4
2025.02.03	00:42:35.626	0.93669				2
2025.02.03	00:42:35.947	0.93668				2
2025.02.03	00:42:40.114	0.93669				2
2025.02.03	00:42:40.678	0.93649	0.93755			6
2025.02.03	00:42:40.997	0.93650				2
2025.02.03	00:42:41.465	0.93670				2
2025.02.03	00:42:43.069	0.93673				2
2025.02.03	00:42:43.375	0.93683	0.93807			6
2025.02.03	00:42:43.965	0.93684				2
2025.02.03	00:42:44.347	0.93685				2
2025.02.03	00:42:45.524	0.93686	0.93806			6
2025.02.03	00:42:46.723		0.93805			4
2025.02.03	00:42:47.097		0.93803			4
2025.02.03	00:42:48.515	0.93685	0.93802			6
2025.02.03	00:42:48.880	0.93679	0.93807			6
2025.02.03	00:42:49.426	0.93678				2
2025.02.03	00:42:50.236	0.93676				2
2025.02.03	00:42:50.576	0.93671	0.93772			6
2025.02.03	00:42:50.918	0.93666				2
2025.02.03	00:42:51.676	0.93668				2
2025.02.03	00:42:53.017	0.93669				2
2025.02.03	00:42:53.498	0.93674				2
2025.02.03	00:42:54.097	0.93675				2
2025.02.03	00:42:56.061	0.93680	0.93770			6
2025.02.03	00:43:00.537	0.93679	0.93772			6
2025.02.03	00:43:00.849	0.93677				2
2025.02.03	00:43:02.916	0.93676				2
2025.02.03	00:43:03.514	0.93674				2
2025.02.03	00:43:04.413	0.93676				2
2025.02.03	00:43:04.970	0.93677				2
2025.02.03	00:43:05.319	0.93671				2
2025.02.03	00:43:07.847	0.93672				2
2025.02.03	00:43:13.718	0.93671	0.93766			6
2025.02.03	00:43:14.023	0.93665				2
2025.02.03	00:43:14.378	0.93657	0.93760			6
2025.02.03	00:43:14.907	0.93660				2
2025.02.03	00:43:15.215	0.93659				2
2025.02.03	00:43:15.763	0.93665	0.93751			6
2025.02.03	00:43:17.418	0.93666	0.93750			6
2025.02.03	00:43:18.000	0.93670	0.93756			6
2025.02.03	00:43:19.011		0.93755			4
2025.02.03	00:43:20.215	0.93667	0.93751			6
2025.02.03	00:43:21.814	0.93661	0.93756			6
2025.02.03	00:43:23.119	0.93660	0.93757			6
2025.02.03	00:43:24.385	0.93659				2
2025.02.03	00:43:27.814		0.93756			4
2025.02.03	00:43:30.216		0.93755			4
2025.02.03	00:43:30.815	0.93655	0.93760			6
2025.02.03	00:43:31.396	0.93652				2
2025.02.03	00:43:32.013	0.93651				2
2025.02.03	00:43:33.215	0.93652				2
2025.02.03	00:43:34.477	0.93653				2
2025.02.03	00:43:35.017	0.93652				2
2025.02.03	00:43:38.902	0.93653				2
2025.02.03	00:43:46.023	0.93659				2
2025.02.03	00:43:46.424	0.93658				2
2025.02.03	00:43:47.185	0.93659	0.93759			6
2025.02.03	00:43:48.221		0.93758			4
2025.02.03	00:43:49.328	0.93660				2
2025.02.03	00:43:50.212	0.93661	0.93757			6
2025.02.03	00:43:52.557	0.93675				2
2025.02.03	00:43:53.649	0.93677				2
2025.02.03	00:43:56.023	0.93676				2
2025.02.03	00:43:57.514	0.93677				2
2025.02.03	00:44:00.092	0.93678				2
2025.02.03	00:44:03.815	0.93677				2
2025.02.03	00:44:07.714	0.93678				2
2025.02.03	00:44:09.813	0.93677				2
2025.02.03	00:44:10.431	0.93681	0.93758			6
2025.02.03	00:44:11.928	0.93677	0.93757			6
2025.02.03	00:44:12.962	0.93681	0.93758			6
2025.02.03	00:44:13.614	0.93679	0.93757			6
2025.02.03	00:44:14.916		0.93756			4
2025.02.03	00:44:16.104	0.93678	0.93757			6
2025.02.03	00:44:17.313	0.93679				2
2025.02.03	00:44:18.403	0.93659	0.93756			6
2025.02.03	00:44:20.313	0.93662	0.93753			6
2025.02.03	00:44:21.514	0.93663	0.93752			6
2025.02.03	00:44:23.321	0.93679	0.93756			6
2025.02.03	00:44:24.514	0.93682	0.93809			6
2025.02.03	00:44:25.068	0.93694	0.93812			6
2025.02.03	00:44:26.318	0.93692	0.93813			6
2025.02.03	00:44:27.253		0.93824			4
2025.02.03	00:44:27.708	0.93694	0.93826			6
2025.02.03	00:44:28.141	0.93697	0.93823			6
2025.02.03	00:44:28.503	0.93695	0.93825			6
2025.02.03	00:44:29.014	0.93687	0.93826			6
2025.02.03	00:44:29.879	0.93695	0.93817			6
2025.02.03	00:44:30.183	0.93691	0.93822			6
2025.02.03	00:44:30.660	0.93695	0.93820			6
2025.02.03	00:44:30.966	0.93700	0.93815			6
2025.02.03	00:44:31.421		0.93814			4
2025.02.03	00:44:32.196	0.93701				2
2025.02.03	00:44:32.615		0.93813			4
2025.02.03	00:44:32.921	0.93700	0.93814			6
2025.02.03	00:44:33.516	0.93705	0.93813			6
2025.02.03	00:44:33.873		0.93812			4
2025.02.03	00:44:35.315	0.93703	0.93811			6
2025.02.03	00:44:35.629		0.93808			4
2025.02.03	00:44:37.425	0.93704	0.93807			6
2025.02.03	00:44:38.615	0.93705	0.93806			6
2025.02.03	00:44:40.113	0.93706	0.93805			6
2025.02.03	00:44:41.915	0.93707	0.93804			6
2025.02.03	00:44:43.118	0.93706	0.93803			6
2025.02.03	00:44:43.422	0.93708	0.93804			6
2025.02.03	00:44:44.229		0.93803			4
2025.02.03	00:44:45.338	0.93709				2
2025.02.03	00:44:47.615	0.93712	0.93801			6
2025.02.03	00:44:50.325		0.93800			4
2025.02.03	00:44:51.815	0.93713				2
2025.02.03	00:44:52.186	0.93710	0.93797			6
2025.02.03	00:44:52.678	0.93707	0.93800			6
2025.02.03	00:44:53.013	0.93709				2
2025.02.03	00:44:53.688	0.93712				2
2025.02.03	00:44:56.245	0.93711				2
2025.02.03	00:44:56.564		0.93798			4
2025.02.03	00:44:57.179	0.93716	0.93803			6
2025.02.03	00:44:57.512	0.93718	0.93805			6
2025.02.03	00:44:58.318		0.93806			4
2025.02.03	00:45:00.303	0.93718				2
2025.02.03	00:45:00.813	0.93715	0.93811			6
2025.02.03	00:45:01.162	0.93714	0.93812			6
2025.02.03	00:45:01.499	0.93716	0.93810			6
2025.02.03	00:45:02.014	0.93688	0.93828			6
2025.02.03	00:45:03.532	0.93687	0.93827			6
2025.02.03	00:45:03.836	0.93715	0.93811			6
2025.02.03	00:45:04.185	0.93714	0.93813			6
2025.02.03	00:45:05.256	0.93715	0.93812			6
2025.02.03	00:45:07.812	0.93735	0.93795			6
2025.02.03	00:45:08.314	0.93734	0.93796			6
2025.02.03	00:45:08.663	0.93729	0.93800			6
2025.02.03	00:45:10.398		0.93801			4
2025.02.03	00:45:10.730		0.93798			4
2025.02.03	00:45:11.078		0.93797			4
2025.02.03	00:45:11.426	0.93730	0.93796			6
2025.02.03	00:45:20.095	0.93759	0.93808			6
2025.02.03	00:45:21.815	0.93758				2
2025.02.03	00:45:23.612	0.93760	0.93815			6
2025.02.03	00:45:24.112	0.93762				2
2025.02.03	00:45:24.515	0.93759	0.93810			6
2025.02.03	00:45:28.185	0.93760				2
2025.02.03	00:45:30.814	0.93758				2
2025.02.03	00:45:41.195	0.93757				2
2025.02.03	00:45:43.713	0.93758				2
2025.02.03	00:45:44.445	0.93756				2
2025.02.03	00:45:47.141	0.93755				2
2025.02.03	00:45:51.717	0.93761				2
2025.02.03	00:45:52.315	0.93762				2
2025.02.03	00:45:58.413	0.93763	0.93809			6
2025.02.03	00:46:01.031	0.93763				2
2025.02.03	00:46:09.824		0.93808			4
2025.02.03	00:46:12.000	0.93762	0.93810			6
2025.02.03	00:46:13.419		0.93809			4
2025.02.03	00:46:15.473		0.93810			4
2025.02.03	00:46:18.216	0.93763				2
2025.02.03	00:46:19.413	0.93762				2
2025.02.03	00:46:26.339	0.93766	0.93815			6
2025.02.03	00:46:30.407	0.93765				2
2025.02.03	00:46:32.928	0.93764	0.93816			6
2025.02.03	00:46:34.713	0.93763	0.93817			6
2025.02.03	00:46:37.326	0.93761				2
2025.02.03	00:46:38.438	0.93760				2
2025.02.03	00:46:39.050	0.93761				2
2025.02.03	00:46:39.492	0.93760				2
2025.02.03	00:46:43.713	0.93761				2
2025.02.03	00:46:44.917	0.93760				2
2025.02.03	00:46:45.370	0.93761				2
2025.02.03	00:46:50.241	0.93760				2
2025.02.03	00:46:50.555	0.93764				2
2025.02.03	00:46:50.863	0.93763	0.93816			6
2025.02.03	00:46:51.167	0.93765				2
2025.02.03	00:46:52.414	0.93764				2
2025.02.03	00:46:53.617	0.93765				2
2025.02.03	00:46:57.214		0.93815			4
2025.02.03	00:46:58.714		0.93816			4
2025.02.03	00:47:00.398	0.93763	0.93817			6
2025.02.03	00:47:02.102	0.93734	0.93838			6
2025.02.03	00:47:02.422	0.93737	0.93841			6
2025.02.03	00:47:03.935	0.93765	0.93815			6
2025.02.03	00:47:05.762		0.93814			4
2025.02.03	00:47:06.813		0.93815			4
2025.02.03	00:47:09.386	0.93766	0.93814			6
2025.02.03	00:47:21.264	0.93765	0.93812			6
2025.02.03	00:47:23.136	0.93766				2
2025.02.03	00:47:23.862	0.93764				2
2025.02.03	00:47:25.413	0.93763				2
2025.02.03	00:47:27.813	0.93764				2
2025.02.03	00:47:30.243	0.93763				2
2025.02.03	00:47:40.715	0.93762				2
2025.02.03	00:47:41.843	0.93763				2
2025.02.03	00:47:43.447	0.93764				2
2025.02.03	00:47:45.081	0.93763				2
2025.02.03	00:47:45.513	0.93765				2
2025.02.03	00:47:50.319	0.93764				2
2025.02.03	00:47:57.214	0.93763				2
2025.02.03	00:48:00.215	0.93763				2
2025.02.03	00:48:02.641	0.93764				2
2025.02.03	00:48:06.089	0.93763				2
2025.02.03	00:48:08.680	0.93764				2
2025.02.03	00:48:11.915	0.93763				2
2025.02.03	00:48:13.413	0.93764				2
2025.02.03	00:48:19.489	0.93765				2
2025.02.03	00:48:21.667		0.93812			4
2025.02.03	00:48:29.010	0.93766				2
2025.02.03	00:48:33.517	0.93765				2
2025.02.03	00:48:35.316	0.93766				2
2025.02.03	00:48:41.522	0.93765				2
2025.02.03	00:48:44.916	0.93766				2
2025.02.03	00:48:50.679	0.93759	0.93810			6
2025.02.03	00:48:50.982	0.93758	0.93806			6
2025.02.03	00:48:51.288	0.93757				2
2025.02.03	00:48:51.813		0.93803			4
2025.02.03	00:48:53.015	0.93756				2
2025.02.03	00:48:55.293	0.93754	0.93805			6
2025.02.03	00:48:58.564	0.93757	0.93801			6
2025.02.03	00:48:58.915	0.93758				2
2025.02.03	00:49:00.215	0.93756	0.93802			6
2025.02.03	00:49:00.825	0.93755	0.93804			6
2025.02.03	00:49:02.463		0.93803			4
2025.02.03	00:49:07.411	0.93756	0.93805			6
2025.02.03	00:49:08.527		0.93804			4
2025.02.03	00:49:09.570		0.93806			4
2025.02.03	00:49:10.637	0.93757	0.93805			6
2025.02.03	00:49:13.681		0.93806			4
2025.02.03	00:49:16.651	0.93756				2
2025.02.03	00:49:17.013		0.93807			4
2025.02.03	00:49:17.671	0.93754				2
2025.02.03	00:49:18.417	0.93756	0.93809			6
2025.02.03	00:49:19.259	0.93754				2
2025.02.03	00:49:21.213	0.93755				2
2025.02.03	00:49:22.336	0.93756	0.93807			6
2025.02.03	00:49:22.713	0.93757				2
2025.02.03	00:49:23.301	0.93754	0.93809			6
2025.02.03	00:49:23.613	0.93759	0.93810			6
2025.02.03	00:49:24.376	0.93757	0.93808			6
2025.02.03	00:49:27.344	0.93756	0.93806			6
2025.02.03	00:49:27.680	0.93755	0.93805			6
2025.02.03	00:49:28.335	0.93757	0.93808			6
2025.02.03	00:49:28.890		0.93809			4
2025.02.03	00:49:30.223	0.93761	0.93806			6
2025.02.03	00:49:30.601	0.93760	0.93805			6
2025.02.03	00:49:33.815	0.93761				2
2025.02.03	00:49:36.321	0.93758	0.93803			6
2025.02.03	00:49:38.832	0.93759	0.93804			6
2025.02.03	00:49:40.365	0.93758	0.93803			6
2025.02.03	00:49:45.216	0.93757	0.93804			6
2025.02.03	00:49:46.080	0.93756	0.93801			6
2025.02.03	00:49:48.281		0.93802			4
2025.02.03	00:49:49.655	0.93757				2
2025.02.03	00:49:50.288	0.93756				2
2025.02.03	00:49:56.016	0.93750	0.93798			6
2025.02.03	00:49:56.490	0.93758	0.93804			6
2025.02.03	00:49:56.808	0.93761	0.93807			6
2025.02.03	00:49:59.013	0.93760	0.93806			6
2025.02.03	00:49:59.446	0.93759				2
2025.02.03	00:49:59.951		0.93805			4
2025.02.03	00:50:00.431	0.93757	0.93806			6
2025.02.03	00:50:00.976	0.93756	0.93807			6
2025.02.03	00:50:01.519	0.93755				2
2025.02.03	00:50:02.013	0.93756	0.93806			6
2025.02.03	00:50:03.217	0.93757	0.93805			6
2025.02.03	00:50:07.413		0.93806			4
2025.02.03	00:50:08.085	0.93756	0.93807			6
2025.02.03	00:50:08.515	0.93757	0.93806			6
2025.02.03	00:50:13.550	0.93756	0.93807			6
2025.02.03	00:50:14.054		0.93806			4
2025.02.03	00:50:17.028	0.93757	0.93805			6
2025.02.03	00:50:19.472	0.93756				2
2025.02.03	00:50:20.620	0.93755	0.93806			6
2025.02.03	00:50:21.830	0.93754	0.93808			6
2025.02.03	00:50:22.135		0.93807			4
2025.02.03	00:50:24.458	0.93755	0.93808			6
2025.02.03	00:50:25.713	0.93754	0.93807			6
2025.02.03	00:50:27.402		0.93805			4
2025.02.03	00:50:27.788	0.93756	0.93806			6
2025.02.03	00:50:30.369	0.93755	0.93807			6
2025.02.03	00:50:32.122	0.93756				2
2025.02.03	00:50:32.614		0.93806			4
2025.02.03	00:50:37.683		0.93807			4
2025.02.03	00:50:38.321		0.93806			4
2025.02.03	00:50:38.696		0.93805			4
2025.02.03	00:50:41.452		0.93806			4
2025.02.03	00:50:42.417	0.93757	0.93805			6
2025.02.03	00:50:44.327	0.93761	0.93835			6
2025.02.03	00:50:44.641	0.93757	0.93836			6
2025.02.03	00:50:45.022	0.93758				2
2025.02.03	00:50:45.702	0.93762	0.93834			6
2025.02.03	00:50:46.414		0.93835			4
2025.02.03	00:50:47.335	0.93763				2
2025.02.03	00:50:47.697	0.93762				2
2025.02.03	00:50:48.322	0.93763				2
2025.02.03	00:50:54.472	0.93761	0.93837			6
2025.02.03	00:50:54.818	0.93756	0.93840			6
2025.02.03	00:50:56.512	0.93758				2
2025.02.03	00:50:57.678	0.93761	0.93838			6
2025.02.03	00:50:58.462	0.93756	0.93842			6
2025.02.03	00:50:59.167		0.93841			4
2025.02.03	00:50:59.474	0.93752	0.93839			6
2025.02.03	00:51:00.440	0.93752				2
2025.02.03	00:51:01.416	0.93758	0.93833			6
2025.02.03	00:51:02.611	0.93757	0.93834			6
2025.02.03	00:51:03.438	0.93759	0.93832			6
2025.02.03	00:51:05.019	0.93758	0.93833			6
2025.02.03	00:51:05.908	0.93784	0.93875			6
2025.02.03	00:51:06.417		0.93876			4
2025.02.03	00:51:08.212	0.93774				2
2025.02.03	00:51:10.941	0.93790				2
2025.02.03	00:51:13.906	0.93765	0.93840			6
2025.02.03	00:51:14.624	0.93763				2
2025.02.03	00:51:15.321	0.93757	0.93835			6
2025.02.03	00:51:21.231	0.93759				2
2025.02.03	00:51:30.402	0.93765	0.93850			6
2025.02.03	00:51:30.768	0.93780	0.93857			6
2025.02.03	00:51:31.866	0.93816	0.93909			6
2025.02.03	00:51:32.167	0.93809	0.93904			6
2025.02.03	00:51:32.483	0.93796				2
2025.02.03	00:51:35.967	0.93805				2
2025.02.03	00:51:37.124	0.93767	0.93841			6
2025.02.03	00:51:43.418	0.93717	0.93809			6
2025.02.03	00:51:43.724	0.93724	0.93770			6
2025.02.03	00:51:44.041	0.93742				2
2025.02.03	00:51:44.454	0.93739				2
2025.02.03	00:51:46.164	0.93742				2
2025.02.03	00:51:46.963	0.93740				2
2025.02.03	00:51:48.816	0.93748				2
2025.02.03	00:51:49.481	0.93746				2
2025.02.03	00:51:49.981	0.93733				2
2025.02.03	00:51:50.662	0.93738				2
2025.02.03	00:51:51.058	0.93737				2
2025.02.03	00:51:52.086	0.93699	0.93767			6
2025.02.03	00:51:52.390	0.93735				2
2025.02.03	00:51:52.982	0.93738				2
2025.02.03	00:51:54.389	0.93736				2
2025.02.03	00:51:55.004	0.93734				2
2025.02.03	00:51:55.322	0.93730				2
2025.02.03	00:51:55.895	0.93728				2
2025.02.03	00:51:56.622	0.93727				2
2025.02.03	00:51:58.150	0.93728				2
2025.02.03	00:51:58.727	0.93730				2
2025.02.03	00:51:59.916	0.93732				2
2025.02.03	00:52:00.684	0.93732				2
2025.02.03	00:52:04.536	0.93728				2
2025.02.03	00:52:05.216	0.93726				2
2025.02.03	00:52:06.729	0.93727				2
2025.02.03	00:52:07.236	0.93729				2
2025.02.03	00:52:09.256	0.93730				2
2025.02.03	00:52:10.212	0.93731				2
2025.02.03	00:52:11.106	0.93730				2
2025.02.03	00:52:13.735	0.93731				2
2025.02.03	00:52:16.042	0.93733				2
2025.02.03	00:52:17.110	0.93693	0.93739			6
2025.02.03	00:52:17.464	0.93692				2
2025.02.03	00:52:18.480	0.93688	0.93740			6
2025.02.03	00:52:19.020	0.93689				2
2025.02.03	00:52:19.469	0.93690				2
2025.02.03	00:52:20.334	0.93691				2
2025.02.03	00:52:20.649	0.93692	0.93741			6
2025.02.03	00:52:21.150	0.93694				2
2025.02.03	00:52:21.653	0.93693				2
2025.02.03	00:52:22.095		0.93748			4
2025.02.03	00:52:22.419	0.93717	0.93749			6
2025.02.03	00:52:29.540	0.93716				2
2025.02.03	00:52:30.679		0.93750			4
2025.02.03	00:52:32.097	0.93691				2
2025.02.03	00:52:33.540	0.93693				2
2025.02.03	00:52:34.747	0.93691				2
2025.02.03	00:52:36.050	0.93690				2
2025.02.03	00:52:41.336	0.93668	0.93742			6
2025.02.03	00:52:45.711		0.93745			4
2025.02.03	00:52:51.342		0.93746			4
2025.02.03	00:52:53.087	0.93667	0.93739			6
2025.02.03	00:52:53.506		0.93743			4
2025.02.03	00:52:54.724		0.93746			4
2025.02.03	00:52:56.362	0.93659	0.93732			6
2025.02.03	00:52:56.664	0.93646				2
2025.02.03	00:52:56.981	0.93647	0.93756			6
2025.02.03	00:52:57.360	0.93649	0.93755			6
2025.02.03	00:52:58.104	0.93644	0.93757			6
2025.02.03	00:52:58.411	0.93652				2
2025.02.03	00:52:58.723		0.93756			4
2025.02.03	00:52:59.303	0.93663				2
2025.02.03	00:53:00.278	0.93663				2
2025.02.03	00:53:00.825	0.93678	0.93760			6
2025.02.03	00:53:01.184	0.93658	0.93761			6
2025.02.03	00:53:01.941	0.93653				2
2025.02.03	00:53:02.370	0.93656				2
2025.02.03	00:53:04.452	0.93655				2
2025.02.03	00:53:04.813	0.93656				2
2025.02.03	00:53:05.469	0.93655				2
2025.02.03	00:53:06.719	0.93634	0.93714			6
2025.02.03	00:53:08.593	0.93645				2
2025.02.03	00:53:10.701	0.93658	0.93736			6
2025.02.03	00:53:11.198	0.93664	0.93738			6
2025.02.03	00:53:12.000	0.93670	0.93744			6
2025.02.03	00:53:21.959	0.93704	0.93745			6
2025.02.03	00:53:22.416	0.93675				2
2025.02.03	00:53:24.527		0.93746			4
2025.02.03	00:53:29.001		0.93748			4
2025.02.03	00:53:38.613		0.93749			4
2025.02.03	00:53:47.534	0.93669	0.93743			6
2025.02.03	00:53:50.928	0.93663	0.93737			6
2025.02.03	00:53:52.099	0.93669	0.93743			6
2025.02.03	00:53:54.675	0.93675	0.93749			6
2025.02.03	00:54:00.732	0.93675				2
2025.02.03	00:54:08.523		0.93743			4
2025.02.03	00:54:12.070		0.93748			4
2025.02.03	00:54:32.527		0.93749			4
2025.02.03	00:54:43.772	0.93676	0.93751			6
2025.02.03	00:55:00.396	0.93676				2
2025.02.03	00:55:28.315		0.93736			4
2025.02.03	00:55:29.075		0.93739			4
2025.02.03	00:55:30.214		0.93738			4
2025.02.03	00:55:31.082		0.93736			4
2025.02.03	00:55:32.111		0.93744			4
2025.02.03	00:55:38.762	0.93675				2
2025.02.03	00:55:39.953		0.93743			4
2025.02.03	00:55:42.069		0.93742			4
2025.02.03	00:55:48.214		0.93741			4
2025.02.03	00:55:59.084		0.93744			4
2025.02.03	00:56:00.391	0.93683	0.93747			6
2025.02.03	00:56:00.813	0.93682				2
2025.02.03	00:56:01.189		0.93748			4
2025.02.03	00:56:02.380		0.93747			4
2025.02.03	00:56:03.563	0.93686	0.93744			6
2025.02.03	00:56:04.067	0.93685				2
2025.02.03	00:56:04.666	0.93675	0.93742			6
2025.02.03	00:56:15.554		0.93741			4
2025.02.03	00:56:16.713		0.93742			4
2025.02.03	00:56:19.717		0.93741			4
2025.02.03	00:56:24.012	0.93719	0.93759			6
2025.02.03	00:56:24.326	0.93730	0.93771			6
2025.02.03	00:56:25.710		0.93772			4
2025.02.03	00:56:32.018	0.93731				2
2025.02.03	00:56:32.707		0.93771			4
2025.02.03	00:56:33.883	0.93710	0.93755			6
2025.02.03	00:56:35.695	0.93711				2
2025.02.03	00:56:37.345	0.93710				2
2025.02.03	00:56:40.197		0.93754			4
2025.02.03	00:56:41.180	0.93688	0.93745			6
2025.02.03	00:56:41.604	0.93692	0.93736			6
2025.02.03	00:56:42.009	0.93711	0.93756			6
2025.02.03	00:56:43.343	0.93712				2
2025.02.03	00:56:59.003	0.93710	0.93758			6
2025.02.03	00:57:00.812	0.93710	0.93757			6
2025.02.03	00:57:03.225	0.93709	0.93758			6
2025.02.03	00:57:05.319	0.93710				2
2025.02.03	00:57:07.715		0.93757			4
2025.02.03	00:57:08.220	0.93711	0.93756			6
2025.02.03	00:57:20.395	0.93712	0.93755			6
2025.02.03	00:57:23.317		0.93754			4
2025.02.03	00:57:26.314	0.93711				2
2025.02.03	00:57:27.814	0.93712				2
2025.02.03	00:57:42.136	0.93708	0.93758			6
2025.02.03	00:57:45.999	0.93710	0.93756			6
2025.02.03	00:57:47.013		0.93759			4
2025.02.03	00:57:47.616		0.93755			4
2025.02.03	00:57:49.119	0.93711				2
2025.02.03	00:57:53.618	0.93710				2
2025.02.03	00:57:54.815	0.93711				2
2025.02.03	00:57:55.728	0.93709	0.93757			6
2025.02.03	00:58:00.813	0.93709				2
2025.02.03	00:58:03.517	0.93708				2
2025.02.03	00:58:06.209		0.93756			4
2025.02.03	00:58:08.614	0.93707	0.93764			6
2025.02.03	00:58:08.947	0.93714	0.93770			6
2025.02.03	00:58:09.710	0.93716				2
2025.02.03	00:58:10.381	0.93717				2
2025.02.03	00:58:13.713	0.93718				2
2025.02.03	00:58:14.158	0.93711				2
2025.02.03	00:58:17.313		0.93769			4
2025.02.03	00:58:17.916	0.93712				2
2025.02.03	00:58:19.116	0.93732	0.93758			6
2025.02.03	00:59:00.776	0.93732				2
2025.02.03	00:59:19.355		0.93758			4
2025.02.03	00:59:40.456	0.93693	0.93756			6
2025.02.03	00:59:40.771	0.93697	0.93752			6
2025.02.03	00:59:41.099	0.93720	0.93762			6
2025.02.03	00:59:42.808		0.93763			4
2025.02.03	00:59:44.133		0.93762			4
2025.02.03	00:59:44.548	0.93717	0.93763			6
2025.02.03	00:59:45.941	0.93715				2
2025.02.03	00:59:46.294	0.93716				2
2025.02.03	00:59:46.774	0.93690	0.93761			6
2025.02.03	00:59:47.144	0.93705	0.93764			6
2025.02.03	00:59:47.453	0.93702				2
2025.02.03	00:59:48.513	0.93710	0.93762			6
2025.02.03	00:59:52.395	0.93713	0.93760			6
2025.02.03	00:59:54.339		0.93759			4
2025.02.03	00:59:55.309	0.93712	0.93760			6
2025.02.03	00:59:57.514	0.93713				2
2025.02.03	01:00:00.053	0.93713				2
2025.02.03	01:00:00.373	0.93667	0.93789			6
2025.02.03	01:00:00.683	0.93696				2
2025.02.03	01:00:01.003	0.93682				2
2025.02.03	01:00:01.305	0.93688	0.93780			6
2025.02.03	01:00:01.763	0.93700	0.93772			6
2025.02.03	01:00:02.067	0.93691	0.93864			6
2025.02.03	01:00:02.389	0.93690	0.93865			6
2025.02.03	01:00:02.704	0.93715	0.93848			6
2025.02.03	01:00:03.024		0.93827			4
2025.02.03	01:00:03.328	0.93729	0.93808			6
2025.02.03	01:00:03.644	0.93736	0.93814			6
2025.02.03	01:00:03.945	0.93732	0.93811			6
2025.02.03	01:00:04.301	0.93738	0.93814			6
2025.02.03	01:00:04.630	0.93735	0.93803			6
2025.02.03	01:00:04.934	0.93718				2
2025.02.03	01:00:05.237	0.93716	0.93799			6
2025.02.03	01:00:05.537	0.93731	0.93833			6
2025.02.03	01:00:05.846	0.93741	0.93821			6
2025.02.03	01:00:06.157	0.93738	0.93804			6
2025.02.03	01:00:06.538	0.93725	0.93791			6
2025.02.03	01:00:06.839	0.93733	0.93834			6
2025.02.03	01:00:07.211	0.93730	0.93835			6
2025.02.03	01:00:07.558	0.93733	0.93833			6
2025.02.03	01:00:07.978	0.93734	0.93832			6
2025.02.03	01:00:08.282	0.93740	0.93827			6
2025.02.03	01:00:08.601	0.93739	0.93829			6
2025.02.03	01:00:08.913	0.93743	0.93817			6
2025.02.03	01:00:09.225	0.93746	0.93816			6
2025.02.03	01:00:09.663	0.93732	0.93825			6
2025.02.03	01:00:10.015	0.93731	0.93797			6
2025.02.03	01:00:10.325	0.93730	0.93796			6
2025.02.03	01:00:10.648	0.93733	0.93799			6
2025.02.03	01:00:11.031	0.93732	0.93800			6
2025.02.03	01:00:11.440	0.93733	0.93799			6
2025.02.03	01:00:12.051	0.93730	0.93797			6
2025.02.03	01:00:12.356	0.93728	0.93801			6
2025.02.03	01:00:12.663	0.93723				2
2025.02.03	01:00:12.982	0.93732	0.93797			6
2025.02.03	01:00:13.367	0.93735	0.93800			6
2025.02.03	01:00:13.718	0.93738	0.93801			6
2025.02.03	01:00:14.022		0.93802			4
2025.02.03	01:00:15.567	0.93735	0.93806			6
2025.02.03	01:00:15.883	0.93743				2
2025.02.03	01:00:16.186	0.93737				2
2025.02.03	01:00:17.016	0.93744				2
2025.02.03	01:00:17.349	0.93742				2
2025.02.03	01:00:17.692	0.93737	0.93812			6
2025.02.03	01:00:18.052	0.93740	0.93814			6
2025.02.03	01:00:18.378	0.93737	0.93819			6
2025.02.03	01:00:18.789	0.93739	0.93817			6
2025.02.03	01:00:19.099	0.93738				2
2025.02.03	01:00:19.405	0.93741				2
2025.02.03	01:00:19.723	0.93740	0.93818			6
2025.02.03	01:00:20.031	0.93749	0.93815			6
2025.02.03	01:00:20.358	0.93745				2
2025.02.03	01:00:20.672	0.93747	0.93817			6
2025.02.03	01:00:20.984	0.93745	0.93819			6
2025.02.03	01:00:21.304	0.93744	0.93812			6
2025.02.03	01:00:21.660	0.93748	0.93808			6
2025.02.03	01:00:22.281		0.93813			4
2025.02.03	01:00:22.591	0.93751	0.93811			6
2025.02.03	01:00:22.904		0.93810			4
2025.02.03	01:00:24.270	0.93747				2
2025.02.03	01:00:24.579	0.93744	0.93808			6
2025.02.03	01:00:24.883	0.93747	0.93806			6
2025.02.03	01:00:25.566	0.93748	0.93807			6
2025.02.03	01:00:25.876	0.93740	0.93811			6
2025.02.03	01:00:26.184	0.93726	0.93799			6
2025.02.03	01:00:26.491	0.93728	0.93798			6
2025.02.03	01:00:26.794	0.93734	0.93792			6
2025.02.03	01:00:27.124	0.93727	0.93801			6
2025.02.03	01:00:27.431	0.93737	0.93796			6
2025.02.03	01:00:27.918	0.93727	0.93797			6
2025.02.03	01:00:28.269	0.93695	0.93805			6
2025.02.03	01:00:28.583	0.93703	0.93786			6
2025.02.03	01:00:28.906	0.93685	0.93750			6
2025.02.03	01:00:29.208	0.93689	0.93741			6
2025.02.03	01:00:29.531	0.93694	0.93745			6
2025.02.03	01:00:29.879	0.93680	0.93752			6
2025.02.03	01:00:30.184	0.93664	0.93765			6
2025.02.03	01:00:30.485	0.93665	0.93755			6
2025.02.03	01:00:30.787	0.93666	0.93758			6
2025.02.03	01:00:31.104	0.93664	0.93762			6
2025.02.03	01:00:31.432	0.93660				2
2025.02.03	01:00:31.780	0.93663	0.93759			6
2025.02.03	01:00:32.093	0.93662				2
2025.02.03	01:00:32.402		0.93757			4
2025.02.03	01:00:32.703	0.93674	0.93748			6
2025.02.03	01:00:33.023	0.93675	0.93751			6
2025.02.03	01:00:33.404	0.93674	0.93747			6
2025.02.03	01:00:33.715	0.93673	0.93738			6
2025.02.03	01:00:34.371	0.93674	0.93737			6
2025.02.03	01:00:34.719	0.93694	0.93755			6
2025.02.03	01:00:35.024	0.93643	0.93768			6
2025.02.03	01:00:35.332	0.93646	0.93742			6
2025.02.03	01:00:35.711	0.93651	0.93732			6
2025.02.03	01:00:36.202	0.93660	0.93733			6
2025.02.03	01:00:36.504	0.93646	0.93735			6
2025.02.03	01:00:36.805	0.93641	0.93742			6
2025.02.03	01:00:37.124	0.93642	0.93732			6
2025.02.03	01:00:37.428		0.93725			4
2025.02.03	01:00:37.755		0.93726			4
2025.02.03	01:00:38.098		0.93730			4
2025.02.03	01:00:38.473		0.93736			4
2025.02.03	01:00:38.785	0.93644	0.93733			6
2025.02.03	01:00:39.147	0.93642	0.93729			6
2025.02.03	01:00:39.522	0.93646	0.93727			6
2025.02.03	01:00:39.824	0.93648	0.93722			6
2025.02.03	01:00:40.144	0.93645	0.93721			6
2025.02.03	01:00:40.445	0.93649	0.93715			6
2025.02.03	01:00:40.748	0.93607	0.93738			6
2025.02.03	01:00:41.070	0.93608				2
2025.02.03	01:00:41.379	0.93607				2
2025.02.03	01:00:41.683	0.93602	0.93726			6
2025.02.03	01:00:42.096	0.93603				2
2025.02.03	01:00:42.414	0.93596				2
2025.02.03	01:00:42.723	0.93597				2
2025.02.03	01:00:43.043	0.93612				2
2025.02.03	01:00:43.704	0.93599	0.93775			6
2025.02.03	01:00:44.018	0.93613	0.93725			6
2025.02.03	01:00:44.323	0.93612	0.93720			6
2025.02.03	01:00:44.628	0.93608	0.93722			6
2025.02.03	01:00:45.584	0.93611				2
2025.02.03	01:00:45.886	0.93604				2
2025.02.03	01:00:46.203	0.93609				2
2025.02.03	01:00:46.512	0.93671	0.93713			6
2025.02.03	01:00:47.161	0.93673	0.93715			6
2025.02.03	01:00:47.464	0.93634	0.93723			6
2025.02.03	01:00:47.790	0.93633	0.93719			6
2025.02.03	01:00:48.442	0.93636	0.93697			6
2025.02.03	01:00:48.744	0.93627	0.93702			6
2025.02.03	01:00:49.095	0.93629	0.93701			6
2025.02.03	01:00:49.406	0.93626				2
2025.02.03	01:00:49.731	0.93616	0.93704			6
2025.02.03	01:00:50.392	0.93615	0.93699			6
2025.02.03	01:00:50.754	0.93617				2
2025.02.03	01:00:51.076	0.93616	0.93701			6
2025.02.03	01:00:51.481	0.93618	0.93690			6
2025.02.03	01:00:51.788	0.93617	0.93688			6
2025.02.03	01:00:52.178	0.93618	0.93696			6
2025.02.03	01:00:52.500	0.93617	0.93698			6
2025.02.03	01:00:52.820	0.93613	0.93699			6
2025.02.03	01:00:53.251		0.93688			4
2025.02.03	01:00:53.909	0.93617	0.93685			6
2025.02.03	01:00:54.225	0.93613	0.93686			6
2025.02.03	01:00:54.632	0.93611	0.93690			6
2025.02.03	01:00:54.958		0.93689			4
2025.02.03	01:00:55.838	0.93610	0.93691			6
2025.02.03	01:00:56.205	0.93611	0.93689			6
2025.02.03	01:00:56.515	0.93614	0.93696			6
2025.02.03	01:00:56.888	0.93615	0.93693			6
2025.02.03	01:00:57.624	0.93619	0.93691			6
2025.02.03	01:00:57.938	0.93616	0.93694			6
2025.02.03	01:00:58.283	0.93614	0.93687			6
2025.02.03	01:00:58.596	0.93615	0.93691			6
2025.02.03	01:00:59.138	0.93626	0.93688			6
2025.02.03	01:00:59.461	0.93625	0.93685			6
2025.02.03	01:00:59.795	0.93628	0.93682			6
2025.02.03	01:01:00.118	0.93632	0.93681			6
2025.02.03	01:01:00.441	0.93633				2
2025.02.03	01:01:00.836	0.93632	0.93682			6
2025.02.03	01:01:01.151		0.93681			4
2025.02.03	01:01:01.462	0.93631	0.93682			6
2025.02.03	01:01:01.961	0.93633	0.93681			6
2025.02.03	01:01:02.271	0.93631	0.93682			6
2025.02.03	01:01:02.701	0.93636	0.93678			6
2025.02.03	01:01:03.007	0.93630	0.93687			6
2025.02.03	01:01:03.308		0.93658			4
2025.02.03	01:01:03.623	0.93626	0.93693			6
2025.02.03	01:01:03.978	0.93625	0.93692			6
2025.02.03	01:01:04.324	0.93624	0.93690			6
2025.02.03	01:01:04.692	0.93630	0.93684			6
2025.02.03	01:01:04.993	0.93622	0.93690			6
2025.02.03	01:01:05.375	0.93633	0.93682			6
2025.02.03	01:01:05.681	0.93629	0.93692			6
2025.02.03	01:01:06.001	0.93623	0.93699			6
2025.02.03	01:01:06.323	0.93626	0.93692			6
2025.02.03	01:01:06.626	0.93631	0.93690			6
2025.02.03	01:01:06.926	0.93635	0.93696			6
2025.02.03	01:01:07.569	0.93642	0.93689			6
2025.02.03	01:01:07.926	0.93635	0.93694			6
2025.02.03	01:01:08.275	0.93637	0.93695			6
2025.02.03	01:01:08.584	0.93635	0.93699			6
2025.02.03	01:01:08.887	0.93645	0.93688			6
2025.02.03	01:01:09.518	0.93640	0.93693			6
2025.02.03	01:01:09.844	0.93645	0.93699			6
2025.02.03	01:01:10.152	0.93647				2
2025.02.03	01:01:10.461	0.93653	0.93698			6
2025.02.03	01:01:10.764	0.93648	0.93706			6
2025.02.03	01:01:11.080	0.93653	0.93705			6
2025.02.03	01:01:11.383	0.93627	0.93730			6
2025.02.03	01:01:11.685	0.93646	0.93711			6
2025.02.03	01:01:12.014	0.93635	0.93724			6
2025.02.03	01:01:12.319	0.93629	0.93725			6
2025.02.03	01:01:12.641	0.93664				2
2025.02.03	01:01:12.942	0.93668	0.93721			6
2025.02.03	01:01:13.261	0.93675	0.93714			6
2025.02.03	01:01:13.578	0.93660	0.93726			6
2025.02.03	01:01:13.883	0.93654	0.93729			6
2025.02.03	01:01:14.205	0.93667	0.93716			6
2025.02.03	01:01:14.531	0.93666	0.93715			6
2025.02.03	01:01:14.869	0.93668	0.93713			6
2025.02.03	01:01:15.257		0.93716			4
2025.02.03	01:01:15.571	0.93669	0.93713			6
2025.02.03	01:01:15.932	0.93666	0.93710			6
2025.02.03	01:01:16.352	0.93665				2
2025.02.03	01:01:16.665	0.93661	0.93716			6
2025.02.03	01:01:16.982	0.93668	0.93706			6
2025.02.03	01:01:17.288	0.93669	0.93711			6
2025.02.03	01:01:17.606	0.93671	0.93709			6
2025.02.03	01:01:17.923	0.93670				2
2025.02.03	01:01:18.246	0.93655	0.93724			6
2025.02.03	01:01:18.561	0.93669	0.93713			6
2025.02.03	01:01:18.863	0.93671	0.93709			6
2025.02.03	01:01:19.280	0.93669	0.93708			6
2025.02.03	01:01:19.580	0.93658	0.93721			6
2025.02.03	01:01:19.884	0.93655	0.93710			6
2025.02.03	01:01:20.200	0.93657	0.93711			6
2025.02.03	01:01:20.537	0.93654	0.93715			6
2025.02.03	01:01:21.211		0.93719			4
2025.02.03	01:01:21.655	0.93657	0.93715			6
2025.02.03	01:01:21.985	0.93656	0.93716			6
2025.02.03	01:01:22.289		0.93718			4
2025.02.03	01:01:22.666	0.93658	0.93716			6
2025.02.03	01:01:23.062	0.93657				2
2025.02.03	01:01:23.475		0.93717			4
2025.02.03	01:01:23.782	0.93658	0.93715			6
2025.02.03	01:01:24.142	0.93656	0.93717			6
2025.02.03	01:01:24.471	0.93655	0.93716			6
2025.02.03	01:01:24.997		0.93717			4
2025.02.03	01:01:25.767	0.93656				2
2025.02.03	01:01:26.389	0.93655	0.93713			6
2025.02.03	01:01:27.399	0.93656	0.93711			6
2025.02.03	01:01:28.349	0.93660	0.93709			6
2025.02.03	01:01:28.655	0.93659	0.93738			6
2025.02.03	01:01:28.963	0.93663	0.93729			6
2025.02.03	01:01:29.270	0.93660	0.93719			6
2025.02.03	01:01:29.613		0.93717			4
2025.02.03	01:01:30.044	0.93658	0.93718			6
2025.02.03	01:01:30.362		0.93720			4
2025.02.03	01:01:30.802	0.93659	0.93716			6
2025.02.03	01:01:31.112		0.93718			4
2025.02.03	01:01:31.623		0.93716			4
2025.02.03	01:01:32.301	0.93658	0.93713			6
2025.02.03	01:01:32.623		0.93714			4
2025.02.03	01:01:33.373	0.93657	0.93715			6
2025.02.03	01:01:33.758	0.93658	0.93713			6
2025.02.03	01:01:34.562	0.93667	0.93705			6
2025.02.03	01:01:34.875	0.93656	0.93716			6
2025.02.03	01:01:35.218	0.93658	0.93717			6
2025.02.03	01:01:35.741	0.93655	0.93722			6
2025.02.03	01:01:36.061	0.93657				2
2025.02.03	01:01:36.386		0.93725			4
2025.02.03	01:01:36.702	0.93662	0.93720			6
2025.02.03	01:01:37.103	0.93660				2
2025.02.03	01:01:37.876	0.93656	0.93722			6
2025.02.03	01:01:38.310	0.93659	0.93719			6
2025.02.03	01:01:39.378	0.93662	0.93716			6
2025.02.03	01:01:39.911	0.93663				2
2025.02.03	01:01:40.217	0.93660	0.93720			6
2025.02.03	01:01:40.525	0.93655				2
2025.02.03	01:01:41.028	0.93660				2
2025.02.03	01:01:41.386	0.93662	0.93718			6
2025.02.03	01:01:42.379	0.93658	0.93735			6
2025.02.03	01:01:42.682	0.93666	0.93733			6
2025.02.03	01:01:43.714	0.93674				2
2025.02.03	01:01:44.031	0.93676	0.93736			6
2025.02.03	01:01:44.332		0.93735			4
2025.02.03	01:01:44.638	0.93674	0.93733			6
2025.02.03	01:01:45.020	0.93679				2
2025.02.03	01:01:45.779	0.93682				2
2025.02.03	01:01:46.455	0.93678	0.93738			6
2025.02.03	01:01:46.797	0.93685	0.93733			6
2025.02.03	01:01:47.580	0.93683	0.93730			6
2025.02.03	01:01:48.114	0.93682	0.93729			6
2025.02.03	01:01:48.455	0.93683	0.93732			6
2025.02.03	01:01:49.378	0.93684	0.93733			6
2025.02.03	01:01:49.707	0.93687	0.93732			6
2025.02.03	01:01:50.098	0.93689				2
2025.02.03	01:01:50.471	0.93691	0.93731			6
2025.02.03	01:01:50.860	0.93690				2
2025.02.03	01:01:51.650	0.93688	0.93730			6
2025.02.03	01:01:52.305		0.93729			4
2025.02.03	01:01:52.653	0.93697	0.93757			6
2025.02.03	01:01:52.962	0.93688	0.93735			6
2025.02.03	01:01:53.287	0.93687	0.93727			6
2025.02.03	01:01:53.613	0.93676	0.93738			6
2025.02.03	01:01:53.925	0.93678	0.93735			6
2025.02.03	01:01:54.306	0.93668	0.93742			6
2025.02.03	01:01:54.612	0.93669				2
2025.02.03	01:01:54.935	0.93664	0.93745			6
2025.02.03	01:01:55.242		0.93743			4
2025.02.03	01:01:55.584		0.93739			4
2025.02.03	01:01:55.895	0.93658	0.93745			6
2025.02.03	01:01:56.255	0.93661	0.93742			6
2025.02.03	01:01:56.662	0.93664	0.93739			6
2025.02.03	01:01:57.466	0.93663	0.93740			6
2025.02.03	01:01:57.834	0.93664				2
2025.02.03	01:01:58.178	0.93669	0.93735			6
2025.02.03	01:01:58.625	0.93667	0.93737			6
2025.02.03	01:01:58.936	0.93671	0.93734			6
2025.02.03	01:01:59.387		0.93735			4
2025.02.03	01:02:00.012	0.93673	0.93734			6
2025.02.03	01:02:00.330	0.93675	0.93733			6
2025.02.03	01:02:00.709	0.93673	0.93731			6
2025.02.03	01:02:01.075	0.93670	0.93734			6
2025.02.03	01:02:01.418	0.93672	0.93737			6
2025.02.03	01:02:01.724		0.93738			4
2025.02.03	01:02:02.028	0.93674	0.93736			6
2025.02.03	01:02:02.344	0.93672				2
2025.02.03	01:02:02.646	0.93668	0.93741			6
2025.02.03	01:02:02.951	0.93672	0.93740			6
2025.02.03	01:02:03.271	0.93674	0.93736			6
2025.02.03	01:02:04.009	0.93681	0.93730			6
2025.02.03	01:02:04.353	0.93684	0.93726			6
2025.02.03	01:02:04.664	0.93686	0.93728			6
2025.02.03	01:02:05.306	0.93684	0.93729			6
2025.02.03	01:02:06.141	0.93685	0.93728			6
2025.02.03	01:02:06.770	0.93675	0.93737			6
2025.02.03	01:02:07.073	0.93680	0.93736			6
2025.02.03	01:02:07.382	0.93679	0.93739			6
2025.02.03	01:02:08.029	0.93678	0.93740			6
2025.02.03	01:02:08.357	0.93679	0.93738			6
2025.02.03	01:02:08.660		0.93739			4
2025.02.03	01:02:09.459	0.93672	0.93740			6
2025.02.03	01:02:09.765	0.93673	0.93734			6
2025.02.03	01:02:10.404	0.93674	0.93733			6
2025.02.03	01:02:10.756	0.93680	0.93732			6
2025.02.03	01:02:11.062	0.93681	0.93733			6
2025.02.03	01:02:11.388	0.93680				2
2025.02.03	01:02:11.795		0.93737			4
2025.02.03	01:02:12.111	0.93682	0.93734			6
2025.02.03	01:02:12.444	0.93681				2
2025.02.03	01:02:12.766		0.93735			4
2025.02.03	01:02:13.076	0.93680	0.93737			6
2025.02.03	01:02:13.384	0.93681				2
2025.02.03	01:02:13.704		0.93736			4
2025.02.03	01:02:14.019	0.93680	0.93738			6
2025.02.03	01:02:14.328	0.93683	0.93735			6
2025.02.03	01:02:14.722		0.93736			4
2025.02.03	01:02:15.042		0.93735			4
2025.02.03	01:02:15.797	0.93681	0.93737			6
2025.02.03	01:02:16.221	0.93680	0.93738			6
2025.02.03	01:02:16.544	0.93682	0.93736			6
2025.02.03	01:02:16.850		0.93737			4
2025.02.03	01:02:17.181	0.93681				2
2025.02.03	01:02:17.484	0.93685	0.93735			6
2025.02.03	01:02:17.839	0.93686	0.93732			6
2025.02.03	01:02:18.315	0.93685	0.93734			6
2025.02.03	01:02:18.759	0.93683	0.93737			6
2025.02.03	01:02:19.089	0.93682				2
2025.02.03	01:02:19.397	0.93681	0.93738			6
2025.02.03	01:02:19.701	0.93684	0.93735			6
2025.02.03	01:02:20.006	0.93683	0.93737			6
2025.02.03	01:02:20.374	0.93682				2
2025.02.03	01:02:20.693	0.93685	0.93734			6
2025.02.03	01:02:21.118	0.93688				2
2025.02.03	01:02:21.531	0.93687	0.93733			6
2025.02.03	01:02:23.708	0.93690	0.93731			6
2025.02.03	01:02:24.194	0.93689	0.93732			6
2025.02.03	01:02:24.835	0.93688				2
2025.02.03	01:02:25.396	0.93682	0.93737			6
2025.02.03	01:02:25.844	0.93681	0.93738			6
2025.02.03	01:02:26.166	0.93680	0.93740			6
2025.02.03	01:02:26.633	0.93682	0.93736			6
2025.02.03	01:02:27.051	0.93678	0.93737			6
2025.02.03	01:02:27.364	0.93674	0.93749			6
2025.02.03	01:02:27.718		0.93750			4
2025.02.03	01:02:28.342	0.93675				2
2025.02.03	01:02:28.715		0.93749			4
2025.02.03	01:02:29.041		0.93743			4
2025.02.03	01:02:29.919	0.93672	0.93746			6
2025.02.03	01:02:30.287	0.93670	0.93748			6
2025.02.03	01:02:30.671	0.93673	0.93746			6
2025.02.03	01:02:31.252	0.93671	0.93747			6
2025.02.03	01:02:31.594	0.93672	0.93746			6
2025.02.03	01:02:31.929		0.93752			4
2025.02.03	01:02:32.395		0.93750			4
2025.02.03	01:02:33.468	0.93674	0.93749			6
2025.02.03	01:02:34.114		0.93748			4
2025.02.03	01:02:34.599	0.93684	0.93736			6
2025.02.03	01:02:35.037	0.93682	0.93737			6
2025.02.03	01:02:35.500	0.93685	0.93736			6
2025.02.03	01:02:36.136	0.93684				2
2025.02.03	01:02:37.514	0.93683	0.93738			6
2025.02.03	01:02:38.098	0.93682				2
2025.02.03	01:02:38.475		0.93740			4
2025.02.03	01:02:39.038	0.93684	0.93738			6
2025.02.03	01:02:40.399	0.93686	0.93736			6
2025.02.03	01:02:40.740	0.93685	0.93739			6
2025.02.03	01:02:41.092	0.93688	0.93737			6
2025.02.03	01:02:43.019	0.93686	0.93736			6
2025.02.03	01:02:43.324		0.93735			4
2025.02.03	01:02:44.357	0.93684	0.93738			6
2025.02.03	01:02:44.663	0.93683	0.93739			6
2025.02.03	01:02:44.990	0.93685				2
2025.02.03	01:02:45.304	0.93687	0.93734			6
2025.02.03	01:02:45.604	0.93685	0.93737			6
2025.02.03	01:02:45.921		0.93742			4
2025.02.03	01:02:46.234	0.93688	0.93740			6
2025.02.03	01:02:47.288	0.93690	0.93741			6
2025.02.03	01:02:48.475	0.93692	0.93743			6
2025.02.03	01:02:49.931	0.93694	0.93744			6
2025.02.03	01:02:50.526		0.93743			4
2025.02.03	01:02:51.515	0.93691	0.93739			6
2025.02.03	01:02:51.858	0.93694	0.93742			6
2025.02.03	01:02:52.167	0.93693	0.93740			6
2025.02.03	01:02:52.532	0.93692	0.93739			6
2025.02.03	01:02:52.883	0.93696	0.93748			6
2025.02.03	01:02:53.186	0.93693	0.93741			6
2025.02.03	01:02:53.579	0.93686	0.93743			6
2025.02.03	01:02:53.892	0.93692	0.93741			6
2025.02.03	01:02:54.195		0.93740			4
2025.02.03	01:02:54.765	0.93691	0.93741			6
2025.02.03	01:02:55.374		0.93742			4
2025.02.03	01:02:56.250	0.93692				2
2025.02.03	01:02:56.956	0.93691	0.93739			6
2025.02.03	01:02:57.375	0.93693				2
2025.02.03	01:02:58.011	0.93694	0.93738			6
2025.02.03	01:02:58.753	0.93693	0.93736			6
2025.02.03	01:02:59.396	0.93696	0.93755			6
2025.02.03	01:02:59.720	0.93697	0.93753			6
2025.02.03	01:03:00.213	0.93697	0.93754			6
2025.02.03	01:03:00.742		0.93751			4
2025.02.03	01:03:01.421	0.93695	0.93750			6
2025.02.03	01:03:01.810	0.93694	0.93751			6
2025.02.03	01:03:02.161	0.93695				2
2025.02.03	01:03:02.620		0.93752			4
2025.02.03	01:03:03.045	0.93696	0.93754			6
2025.02.03	01:03:03.416	0.93695	0.93755			6
2025.02.03	01:03:04.343		0.93756			4
2025.02.03	01:03:04.669	0.93696	0.93755			6
2025.02.03	01:03:05.014		0.93757			4
2025.02.03	01:03:05.316		0.93756			4
2025.02.03	01:03:05.986	0.93697	0.93755			6
2025.02.03	01:03:06.388	0.93699	0.93754			6
2025.02.03	01:03:06.699		0.93741			4
2025.02.03	01:03:07.007		0.93755			4
2025.02.03	01:03:07.314		0.93756			4
2025.02.03	01:03:07.647	0.93695				2
2025.02.03	01:03:07.965	0.93694	0.93758			6
2025.02.03	01:03:10.390	0.93693	0.93757			6
2025.02.03	01:03:11.240	0.93694				2
2025.02.03	01:03:11.554	0.93693				2
2025.02.03	01:03:11.854	0.93687	0.93733			6
2025.02.03	01:03:12.164	0.93691	0.93734			6
2025.02.03	01:03:12.464	0.93689	0.93733			6
2025.02.03	01:03:12.783		0.93736			4
2025.02.03	01:03:13.086	0.93698	0.93737			6
2025.02.03	01:03:13.388		0.93753			4
2025.02.03	01:03:13.703		0.93758			4
2025.02.03	01:03:14.019	0.93693	0.93763			6
2025.02.03	01:03:14.323	0.93696	0.93762			6
2025.02.03	01:03:15.245		0.93763			4
2025.02.03	01:03:15.565	0.93692	0.93739			6
2025.02.03	01:03:15.883	0.93696	0.93762			6
2025.02.03	01:03:16.202		0.93764			4
2025.02.03	01:03:16.673		0.93765			4
2025.02.03	01:03:18.045	0.93697				2
2025.02.03	01:03:18.388	0.93698	0.93763			6
2025.02.03	01:03:18.813		0.93765			4
2025.02.03	01:03:19.155		0.93764			4
2025.02.03	01:03:20.022	0.93675	0.93766			6
2025.02.03	01:03:20.331	0.93679	0.93765			6
2025.02.03	01:03:20.836	0.93678	0.93769			6
2025.02.03	01:03:21.142		0.93765			4
2025.02.03	01:03:21.564		0.93762			4
2025.02.03	01:03:21.874	0.93683	0.93744			6
2025.02.03	01:03:24.215	0.93688	0.93740			6
2025.02.03	01:03:24.521	0.93686	0.93742			6
2025.02.03	01:03:25.366	0.93684	0.93744			6
2025.02.03	01:03:25.684	0.93681	0.93746			6
2025.02.03	01:03:26.026		0.93747			4
2025.02.03	01:03:26.385	0.93686	0.93754			6
2025.02.03	01:03:26.721	0.93685	0.93756			6
2025.02.03	01:03:27.025		0.93757			4
2025.02.03	01:03:27.387	0.93687				2
2025.02.03	01:03:27.875		0.93756			4
2025.02.03	01:03:28.218	0.93685	0.93758			6
2025.02.03	01:03:29.014	0.93686	0.93757			6
2025.02.03	01:03:30.134	0.93685	0.93758			6
2025.02.03	01:03:30.514		0.93757			4
2025.02.03	01:03:31.414	0.93686	0.93731			6
2025.02.03	01:03:31.722		0.93756			4
2025.02.03	01:03:32.030	0.93685				2
2025.02.03	01:03:33.649	0.93689	0.93753			6
2025.02.03	01:03:34.082	0.93688	0.93756			6
2025.02.03	01:03:34.402		0.93735			4
2025.02.03	01:03:34.704		0.93755			4
2025.02.03	01:03:35.178	0.93682	0.93765			6
2025.02.03	01:03:35.484	0.93684	0.93761			6
2025.02.03	01:03:35.987	0.93685	0.93760			6
2025.02.03	01:03:36.290	0.93686	0.93758			6
2025.02.03	01:03:36.602	0.93687	0.93757			6
2025.02.03	01:03:36.905		0.93735			4
2025.02.03	01:03:37.223	0.93681	0.93736			6
2025.02.03	01:03:37.545		0.93756			4
2025.02.03	01:03:37.847	0.93688	0.93755			6
2025.02.03	01:03:38.160	0.93693	0.93750			6
2025.02.03	01:03:38.465	0.93689	0.93756			6
2025.02.03	01:03:38.970	0.93677	0.93731			6
2025.02.03	01:03:39.294	0.93676	0.93732			6
2025.02.03	01:03:39.601		0.93720			4
2025.02.03	01:03:39.903	0.93668	0.93734			6
2025.02.03	01:03:40.314	0.93670	0.93731			6
2025.02.03	01:03:40.641	0.93681	0.93751			6
2025.02.03	01:03:40.944	0.93679	0.93750			6
2025.02.03	01:03:41.323	0.93683	0.93753			6
2025.02.03	01:03:42.366	0.93681	0.93756			6
2025.02.03	01:03:43.361	0.93687	0.93750			6
2025.02.03	01:03:43.679	0.93683	0.93756			6
2025.02.03	01:03:44.000		0.93754			4
2025.02.03	01:03:44.435	0.93685	0.93752			6
2025.02.03	01:03:45.215	0.93681	0.93756			6
2025.02.03	01:03:45.525	0.93682	0.93755			6
2025.02.03	01:03:45.879	0.93681				2
2025.02.03	01:03:46.184	0.93678	0.93758			6
2025.02.03	01:03:47.776	0.93679	0.93757			6
2025.02.03	01:03:48.514		0.93755			4
2025.02.03	01:03:49.605	0.93680	0.93757			6
2025.02.03	01:03:50.326	0.93681	0.93755			6
2025.02.03	01:03:50.634	0.93680	0.93757			6
2025.02.03	01:03:51.103	0.93678	0.93758			6
2025.02.03	01:03:52.377		0.93755			4
2025.02.03	01:03:53.014		0.93753			4
2025.02.03	01:03:53.433	0.93680	0.93748			6
2025.02.03	01:03:53.742	0.93681	0.93750			6
2025.02.03	01:03:54.336	0.93678	0.93751			6
2025.02.03	01:03:54.892	0.93680	0.93749			6
2025.02.03	01:03:55.396	0.93679	0.93751			6
2025.02.03	01:03:55.717		0.93745			4
2025.02.03	01:03:56.694	0.93682	0.93744			6
2025.02.03	01:03:57.069	0.93683				2
2025.02.03	01:03:58.109	0.93679	0.93721			6
2025.02.03	01:03:59.252		0.93720			4
2025.02.03	01:03:59.770		0.93721			4
2025.02.03	01:04:00.115	0.93679				2
2025.02.03	01:04:01.811	0.93676	0.93718			6
2025.02.03	01:04:02.849	0.93665	0.93707			6
2025.02.03	01:04:03.708	0.93659	0.93701			6
2025.02.03	01:04:04.033	0.93668	0.93710			6
2025.02.03	01:04:05.417	0.93672	0.93714			6
2025.02.03	01:04:07.300		0.93713			4
2025.02.03	01:04:07.641	0.93675	0.93717			6
2025.02.03	01:04:08.969	0.93676				2
2025.02.03	01:04:10.883	0.93675				2
2025.02.03	01:04:11.203	0.93676				2
2025.02.03	01:04:12.157	0.93677				2
2025.02.03	01:04:13.543	0.93675				2
2025.02.03	01:04:14.983	0.93677				2
2025.02.03	01:04:15.291	0.93675				2
2025.02.03	01:04:16.339	0.93677				2
2025.02.03	01:04:18.818	0.93678				2
2025.02.03	01:04:20.630	0.93679	0.93721			6
2025.02.03	01:04:20.943	0.93682	0.93724			6
2025.02.03	01:04:22.192	0.93675	0.93717			6
2025.02.03	01:04:23.790	0.93668	0.93710			6
2025.02.03	01:04:27.019	0.93672	0.93714			6
2025.02.03	01:04:27.993	0.93676				2
2025.02.03	01:04:29.100	0.93681	0.93723			6
2025.02.03	01:04:29.404	0.93683				2
2025.02.03	01:04:29.875	0.93681				2
2025.02.03	01:04:32.036	0.93680	0.93720			6
2025.02.03	01:04:32.740		0.93717			4
2025.02.03	01:04:33.178	0.93675				2
2025.02.03	01:04:33.483	0.93678				2
2025.02.03	01:04:34.579	0.93679				2
2025.02.03	01:04:38.472	0.93675				2
2025.02.03	01:04:46.191	0.93676				2
2025.02.03	01:04:47.460	0.93679	0.93721			6
2025.02.03	01:04:50.395	0.93682	0.93724			6
2025.02.03	01:04:53.272	0.93688	0.93726			6
2025.02.03	01:04:53.615	0.93685				2
2025.02.03	01:04:58.581	0.93690	0.93727			6
2025.02.03	01:04:59.341	0.93695	0.93733			6
2025.02.03	01:05:00.338	0.93733	0.93775			6
2025.02.03	01:05:00.642	0.93736	0.93777			6
2025.02.03	01:05:00.966	0.93729	0.93771			6
2025.02.03	01:05:01.294	0.93732	0.93773			6
2025.02.03	01:05:01.602	0.93735	0.93774			6
2025.02.03	01:05:02.691		0.93771			4
2025.02.03	01:05:03.004	0.93730	0.93769			6
2025.02.03	01:05:03.751	0.93720	0.93761			6
2025.02.03	01:05:04.081		0.93760			4
2025.02.03	01:05:04.424		0.93762			4
2025.02.03	01:05:07.607	0.93716	0.93751			6
2025.02.03	01:05:07.915	0.93710	0.93750			6
2025.02.03	01:05:08.277	0.93715	0.93755			6
2025.02.03	01:05:08.854	0.93709	0.93745			6
2025.02.03	01:05:09.376	0.93710	0.93751			6
2025.02.03	01:05:09.705	0.93711	0.93752			6
2025.02.03	01:05:10.037	0.93714				2
2025.02.03	01:05:10.342	0.93711	0.93749			6
2025.02.03	01:05:10.662	0.93709	0.93748			6
2025.02.03	01:05:11.263	0.93706				2
2025.02.03	01:05:11.590	0.93709				2
2025.02.03	01:05:12.581	0.93706				2
2025.02.03	01:05:13.530	0.93709	0.93750			6
2025.02.03	01:05:14.242	0.93706	0.93748			6
2025.02.03	01:05:14.563		0.93745			4
2025.02.03	01:05:14.939		0.93744			4
2025.02.03	01:05:15.277	0.93705	0.93745			6
2025.02.03	01:05:15.603	0.93706				2
2025.02.03	01:05:16.419	0.93705	0.93743			6
2025.02.03	01:05:16.730	0.93706				2
2025.02.03	01:05:17.089		0.93744			4
2025.02.03	01:05:18.037	0.93698	0.93737			6
2025.02.03	01:05:19.114		0.93738			4
2025.02.03	01:05:19.762	0.93697	0.93737			6
2025.02.03	01:05:20.960		0.93738			4
2025.02.03	01:05:21.563	0.93701	0.93740			6
2025.02.03	01:05:22.115	0.93700	0.93736			6
2025.02.03	01:05:22.435	0.93699	0.93734			6
2025.02.03	01:05:22.743	0.93698				2
2025.02.03	01:05:23.316	0.93697	0.93732			6
2025.02.03	01:05:23.625		0.93733			4
2025.02.03	01:05:24.012	0.93700	0.93739			6
2025.02.03	01:05:24.324	0.93702	0.93737			6
2025.02.03	01:05:24.627	0.93700	0.93742			6
2025.02.03	01:05:25.565	0.93697	0.93739			6
2025.02.03	01:05:26.206	0.93700	0.93740			6
2025.02.03	01:05:26.536		0.93741			4
2025.02.03	01:05:27.032		0.93740			4
2025.02.03	01:05:27.350	0.93701	0.93741			6
2025.02.03	01:05:27.970	0.93706	0.93742			6
2025.02.03	01:05:28.605	0.93708	0.93745			6
2025.02.03	01:05:29.232	0.93707	0.93746			6
2025.02.03	01:05:29.572		0.93745			4
2025.02.03	01:05:29.916	0.93710	0.93750			6
2025.02.03	01:05:30.236	0.93712				2
2025.02.03	01:05:30.584	0.93708	0.93748			6
2025.02.03	01:05:30.901	0.93706				2
2025.02.03	01:05:31.362	0.93711	0.93751			6
2025.02.03	01:05:31.667	0.93713	0.93750			6
2025.02.03	01:05:31.988	0.93712	0.93751			6
2025.02.03	01:05:32.311	0.93713	0.93750			6
2025.02.03	01:05:33.225	0.93714	0.93747			6
2025.02.03	01:05:33.544	0.93710	0.93744			6
2025.02.03	01:05:33.862		0.93747			4
2025.02.03	01:05:34.163	0.93712	0.93746			6
2025.02.03	01:05:34.470	0.93709	0.93744			6
2025.02.03	01:05:36.460		0.93743			4
2025.02.03	01:05:38.316		0.93744			4
2025.02.03	01:05:38.679	0.93705	0.93741			6
2025.02.03	01:05:38.984	0.93713	0.93742			6
2025.02.03	01:05:40.007		0.93741			4
2025.02.03	01:05:40.511	0.93712	0.93744			6
2025.02.03	01:05:41.366	0.93708	0.93748			6
2025.02.03	01:05:41.684	0.93709	0.93747			6
2025.02.03	01:05:42.694	0.93717	0.93753			6
2025.02.03	01:05:43.140	0.93718				2
2025.02.03	01:05:43.456		0.93752			4
2025.02.03	01:05:43.763	0.93713	0.93746			6
2025.02.03	01:05:44.068		0.93742			4
2025.02.03	01:05:44.541	0.93710	0.93741			6
2025.02.03	01:05:44.843	0.93711				2
2025.02.03	01:05:45.285	0.93710				2
2025.02.03	01:05:45.590	0.93711				2
2025.02.03	01:05:46.015	0.93707	0.93744			6
2025.02.03	01:05:46.376	0.93706	0.93746			6
2025.02.03	01:05:47.155	0.93710	0.93751			6
2025.02.03	01:05:47.466	0.93711	0.93749			6
2025.02.03	01:05:47.783	0.93713	0.93748			6
2025.02.03	01:05:48.100	0.93709	0.93749			6
2025.02.03	01:05:48.849		0.93751			4
2025.02.03	01:05:50.397	0.93711	0.93750			6
2025.02.03	01:05:50.707	0.93709				2
2025.02.03	01:05:51.884	0.93722	0.93759			6
2025.02.03	01:05:57.816	0.93726	0.93765			6
2025.02.03	01:05:58.123	0.93727	0.93761			6
2025.02.03	01:05:58.424	0.93724				2
2025.02.03	01:05:59.012		0.93763			4
2025.02.03	01:05:59.322	0.93726	0.93768			6
2025.02.03	01:05:59.628	0.93733	0.93771			6
2025.02.03	01:05:59.948	0.93731				2
2025.02.03	01:06:00.256	0.93731	0.93769			6
2025.02.03	01:06:00.566		0.93771			4
2025.02.03	01:06:02.318		0.93770			4
2025.02.03	01:06:03.815	0.93729	0.93763			6
2025.02.03	01:06:04.123	0.93725	0.93760			6
2025.02.03	01:06:04.509		0.93761			4
2025.02.03	01:06:06.116		0.93764			4
2025.02.03	01:06:07.471	0.93726				2
2025.02.03	01:06:15.502	0.93736	0.93767			6
2025.02.03	01:06:17.153	0.93737				2
2025.02.03	01:06:18.806	0.93745	0.93776			6
2025.02.03	01:06:23.035	0.93740	0.93774			6
2025.02.03	01:06:24.118	0.93745	0.93776			6
2025.02.03	01:06:24.614	0.93740				2
2025.02.03	01:06:24.941	0.93739				2
2025.02.03	01:06:26.977	0.93745	0.93781			6
2025.02.03	01:06:27.321	0.93750				2
2025.02.03	01:06:27.726	0.93748	0.93780			6
2025.02.03	01:06:28.114	0.93749	0.93781			6
2025.02.03	01:06:28.425	0.93755	0.93787			6
2025.02.03	01:06:28.741	0.93757	0.93790			6
2025.02.03	01:06:29.285	0.93758	0.93788			6
2025.02.03	01:06:29.665	0.93759	0.93791			6
2025.02.03	01:06:30.062	0.93761	0.93790			6
2025.02.03	01:06:30.364	0.93757	0.93784			6
2025.02.03	01:06:31.179	0.93756	0.93783			6
2025.02.03	01:06:31.582	0.93759	0.93786			6
2025.02.03	01:06:32.241	0.93758	0.93785			6
2025.02.03	01:06:32.740	0.93756	0.93788			6
2025.02.03	01:06:33.044	0.93763	0.93789			6
2025.02.03	01:06:33.349	0.93765	0.93791			6
2025.02.03	01:06:34.727	0.93762	0.93789			6
2025.02.03	01:06:35.037	0.93763				2
2025.02.03	01:06:35.339	0.93761	0.93786			6
2025.02.03	01:06:35.640	0.93760	0.93785			6
2025.02.03	01:06:35.948	0.93758	0.93788			6
2025.02.03	01:06:36.564	0.93763	0.93790			6
2025.02.03	01:06:36.874	0.93765	0.93789			6
2025.02.03	01:06:37.419	0.93762				2
2025.02.03	01:06:37.725		0.93788			4
2025.02.03	01:06:38.087	0.93761	0.93790			6
2025.02.03	01:06:38.499	0.93762	0.93788			6
2025.02.03	01:06:39.573	0.93761				2
2025.02.03	01:06:40.050		0.93789			4
2025.02.03	01:06:40.609		0.93788			4
2025.02.03	01:06:40.922		0.93789			4
2025.02.03	01:06:41.230	0.93764	0.93788			6
2025.02.03	01:06:41.544	0.93769	0.93791			6
2025.02.03	01:06:41.862	0.93765	0.93787			6
2025.02.03	01:06:42.215		0.93793			4
2025.02.03	01:06:42.522	0.93760	0.93796			6
2025.02.03	01:06:42.840	0.93763	0.93798			6
2025.02.03	01:06:43.176		0.93797			4
2025.02.03	01:06:43.518	0.93764	0.93794			6
2025.02.03	01:06:44.664	0.93763	0.93795			6
2025.02.03	01:06:46.147		0.93796			4
2025.02.03	01:06:46.974	0.93766	0.93792			6
2025.02.03	01:06:47.299		0.93791			4
2025.02.03	01:06:47.919		0.93793			4
2025.02.03	01:06:48.228		0.93792			4
2025.02.03	01:06:48.595	0.93765	0.93794			6
2025.02.03	01:06:48.941		0.93792			4
2025.02.03	01:06:49.536	0.93763	0.93795			6
2025.02.03	01:06:49.872		0.93794			4
2025.02.03	01:06:50.251	0.93768	0.93799			6
2025.02.03	01:06:50.564		0.93798			4
2025.02.03	01:06:51.216		0.93799			4
2025.02.03	01:06:53.738	0.93772	0.93798			6
2025.02.03	01:06:54.044	0.93771	0.93797			6
2025.02.03	01:06:56.171	0.93775	0.93795			6
2025.02.03	01:06:56.840	0.93774	0.93796			6
2025.02.03	01:06:57.487	0.93772	0.93793			6
2025.02.03	01:06:57.975	0.93774	0.93796			6
2025.02.03	01:06:58.982	0.93772	0.93794			6
2025.02.03	01:07:00.108	0.93772				2
2025.02.03	01:07:00.506	0.93770	0.93800			6
2025.02.03	01:07:00.824	0.93771	0.93792			6
2025.02.03	01:07:01.184	0.93770	0.93793			6
2025.02.03	01:07:01.940	0.93769	0.93791			6
2025.02.03	01:07:02.266	0.93771	0.93793			6
2025.02.03	01:07:02.572		0.93800			4
2025.02.03	01:07:02.883	0.93769	0.93795			6
2025.02.03	01:07:03.292	0.93770	0.93796			6
2025.02.03	01:07:03.602	0.93779	0.93800			6
2025.02.03	01:07:03.910	0.93783	0.93804			6
2025.02.03	01:07:04.238	0.93788	0.93794			6
2025.02.03	01:07:05.144		0.93795			4
2025.02.03	01:07:05.446	0.93787	0.93794			6
2025.02.03	01:07:06.050	0.93791	0.93798			6
2025.02.03	01:07:06.354	0.93786	0.93806			6
2025.02.03	01:07:06.695	0.93785	0.93807			6
2025.02.03	01:07:07.040	0.93789				2
2025.02.03	01:07:07.380	0.93785	0.93805			6
2025.02.03	01:07:07.683		0.93814			4
2025.02.03	01:07:07.984	0.93797	0.93822			6
2025.02.03	01:07:08.294	0.93802	0.93831			6
2025.02.03	01:07:08.604	0.93808	0.93835			6
2025.02.03	01:07:08.981	0.93809	0.93834			6
2025.02.03	01:07:09.935	0.93812				2
2025.02.03	01:07:10.717	0.93814	0.93836			6
2025.02.03	01:07:11.021	0.93812	0.93835			6
2025.02.03	01:07:11.927		0.93834			4
2025.02.03	01:07:12.255	0.93809	0.93830			6
2025.02.03	01:07:12.590	0.93810	0.93831			6
2025.02.03	01:07:13.031	0.93809				2
2025.02.03	01:07:13.539	0.93814	0.93832			6
2025.02.03	01:07:13.892	0.93817	0.93834			6
2025.02.03	01:07:14.315		0.93835			4
2025.02.03	01:07:15.024	0.93814	0.93837			6
2025.02.03	01:07:15.698	0.93816				2
2025.02.03	01:07:16.338	0.93813	0.93835			6
2025.02.03	01:07:16.714	0.93818				2
2025.02.03	01:07:17.368	0.93835	0.93852			6
2025.02.03	01:07:17.683	0.93834				2
2025.02.03	01:07:18.720	0.93833	0.93854			6
2025.02.03	01:07:19.235		0.93853			4
2025.02.03	01:07:19.570	0.93834	0.93852			6
2025.02.03	01:07:20.524	0.93835				2
2025.02.03	01:07:21.978	0.93836	0.93861			6
2025.02.03	01:07:22.286		0.93853			4
2025.02.03	01:07:24.538	0.93823	0.93852			6
2025.02.03	01:07:24.840	0.93836	0.93867			6
2025.02.03	01:07:25.149	0.93840	0.93865			6
2025.02.03	01:07:25.464	0.93839				2
2025.02.03	01:07:25.778	0.93840	0.93864			6
2025.02.03	01:07:26.107	0.93834	0.93852			6
2025.02.03	01:07:26.424	0.93838	0.93855			6
2025.02.03	01:07:26.727	0.93839	0.93857			6
2025.02.03	01:07:27.044	0.93836	0.93854			6
2025.02.03	01:07:27.653	0.93839	0.93856			6
2025.02.03	01:07:28.423	0.93840	0.93858			6
2025.02.03	01:07:28.814	0.93842	0.93860			6
2025.02.03	01:07:29.130	0.93841				2
2025.02.03	01:07:29.559	0.93839	0.93858			6
2025.02.03	01:07:29.864	0.93840				2
2025.02.03	01:07:30.167	0.93841				2
2025.02.03	01:07:30.895		0.93859			4
2025.02.03	01:07:31.205	0.93837	0.93854			6
2025.02.03	01:07:31.531	0.93836				2
2025.02.03	01:07:32.825	0.93828	0.93855			6
2025.02.03	01:07:33.129	0.93827	0.93849			6
2025.02.03	01:07:33.443	0.93826	0.93843			6
2025.02.03	01:07:34.080	0.93825	0.93842			6
2025.02.03	01:07:34.408	0.93830	0.93847			6
2025.02.03	01:07:35.065	0.93835	0.93855			6
2025.02.03	01:07:36.084	0.93833	0.93858			6
2025.02.03	01:07:36.596		0.93857			4
2025.02.03	01:07:37.114	0.93834	0.93856			6
2025.02.03	01:07:37.901	0.93828	0.93846			6
2025.02.03	01:07:38.203	0.93829	0.93851			6
2025.02.03	01:07:38.507	0.93827	0.93850			6
2025.02.03	01:07:38.883	0.93823	0.93849			6
2025.02.03	01:07:39.395	0.93821	0.93851			6
2025.02.03	01:07:39.702		0.93847			4
2025.02.03	01:07:41.372	0.93827	0.93845			6
2025.02.03	01:07:43.300	0.93812	0.93836			6
2025.02.03	01:07:43.602		0.93839			4
2025.02.03	01:07:43.907	0.93807	0.93829			6
2025.02.03	01:07:44.217	0.93806				2
2025.02.03	01:07:44.524	0.93807	0.93828			6
2025.02.03	01:07:45.220	0.93805	0.93830			6
2025.02.03	01:07:45.522	0.93806	0.93832			6
2025.02.03	01:07:45.921	0.93803	0.93829			6
2025.02.03	01:07:46.222	0.93804				2
2025.02.03	01:07:46.635	0.93794	0.93811			6
2025.02.03	01:07:46.946	0.93788	0.93805			6
2025.02.03	01:07:47.260	0.93789	0.93806			6
2025.02.03	01:07:48.661	0.93795	0.93813			6
2025.02.03	01:07:49.022	0.93805	0.93823			6
2025.02.03	01:07:49.696	0.93802	0.93819			6
2025.02.03	01:07:50.244	0.93797	0.93817			6
2025.02.03	01:07:50.941	0.93796	0.93819			6
2025.02.03	01:07:51.320	0.93795	0.93818			6
2025.02.03	01:07:52.581	0.93804	0.93824			6
2025.02.03	01:07:52.921	0.93812	0.93829			6
2025.02.03	01:07:54.345		0.93830			4
2025.02.03	01:07:54.804	0.93808	0.93829			6
2025.02.03	01:07:55.219	0.93812	0.93830			6
2025.02.03	01:07:55.804	0.93817	0.93835			6
2025.02.03	01:07:56.110	0.93816	0.93834			6
2025.02.03	01:07:57.236	0.93817				2
2025.02.03	01:07:58.507	0.93818	0.93836			6
2025.02.03	01:07:58.822	0.93822	0.93840			6
2025.02.03	01:07:59.490	0.93827	0.93845			6
2025.02.03	01:08:00.145	0.93829	0.93846			6
2025.02.03	01:08:00.471	0.93833	0.93851			6
2025.02.03	01:08:00.793		0.93853			4
2025.02.03	01:08:01.113		0.93854			4
2025.02.03	01:08:01.544	0.93837	0.93855			6
2025.02.03	01:08:02.264	0.93824	0.93842			6
2025.02.03	01:08:02.956	0.93823	0.93841			6
2025.02.03	01:08:03.826	0.93824	0.93842			6
2025.02.03	01:08:04.343	0.93823				2
2025.02.03	01:08:04.948		0.93843			4
2025.02.03	01:08:06.686		0.93841			4
2025.02.03	01:08:08.217		0.93842			4
2025.02.03	01:08:08.590	0.93826	0.93846			6
2025.02.03	01:08:09.154		0.93845			4
2025.02.03	01:08:09.477	0.93816	0.93839			6
2025.02.03	01:08:09.858		0.93840			4
2025.02.03	01:08:10.178	0.93814	0.93839			6
2025.02.03	01:08:10.485	0.93819				2
2025.02.03	01:08:10.800	0.93815	0.93841			6
2025.02.03	01:08:11.192	0.93812				2
2025.02.03	01:08:11.703		0.93840			4
2025.02.03	01:08:12.462	0.93814				2
2025.02.03	01:08:12.791	0.93813				2
2025.02.03	01:08:13.551	0.93812	0.93837			6
2025.02.03	01:08:13.933	0.93811	0.93838			6
2025.02.03	01:08:14.543	0.93813	0.93839			6
2025.02.03	01:08:15.931	0.93827	0.93850			6
2025.02.03	01:08:16.973	0.93817	0.93836			6
2025.02.03	01:08:17.364		0.93837			4
2025.02.03	01:08:17.774		0.93838			4
2025.02.03	01:08:18.109	0.93814	0.93833			6
2025.02.03	01:08:18.422	0.93802	0.93829			6
2025.02.03	01:08:19.204	0.93807	0.93827			6
2025.02.03	01:08:19.522	0.93808	0.93832			6
2025.02.03	01:08:20.313	0.93809				2
2025.02.03	01:08:20.636	0.93806	0.93828			6
2025.02.03	01:08:20.951		0.93832			4
2025.02.03	01:08:21.953	0.93805	0.93834			6
2025.02.03	01:08:22.355	0.93804	0.93837			6
2025.02.03	01:08:22.667	0.93810				2
2025.02.03	01:08:23.286	0.93812	0.93836			6
2025.02.03	01:08:23.624	0.93811	0.93838			6
2025.02.03	01:08:24.202		0.93834			4
2025.02.03	01:08:24.505		0.93835			4
2025.02.03	01:08:24.885	0.93819	0.93840			6
2025.02.03	01:08:25.185	0.93813	0.93838			6
2025.02.03	01:08:25.950	0.93812	0.93839			6
2025.02.03	01:08:26.527	0.93822	0.93843			6
2025.02.03	01:08:26.842	0.93824	0.93840			6
2025.02.03	01:08:27.148		0.93842			4
2025.02.03	01:08:27.488	0.93819	0.93838			6
2025.02.03	01:08:27.838	0.93825	0.93845			6
2025.02.03	01:08:28.477	0.93819	0.93838			6
2025.02.03	01:08:28.787	0.93823	0.93841			6
2025.02.03	01:08:29.154	0.93828	0.93846			6
2025.02.03	01:08:31.107	0.93826	0.93845			6
2025.02.03	01:08:32.175	0.93822	0.93847			6
2025.02.03	01:08:32.486		0.93840			4
2025.02.03	01:08:32.790	0.93819	0.93838			6
2025.02.03	01:08:33.207	0.93821	0.93843			6
2025.02.03	01:08:33.940	0.93818	0.93836			6
2025.02.03	01:08:34.272	0.93819	0.93837			6
2025.02.03	01:08:34.584	0.93814	0.93832			6
2025.02.03	01:08:34.922		0.93833			4
2025.02.03	01:08:35.223	0.93810	0.93829			6
2025.02.03	01:08:36.486	0.93811				2
2025.02.03	01:08:36.814	0.93809	0.93835			6
2025.02.03	01:08:37.122	0.93804	0.93826			6
2025.02.03	01:08:37.462	0.93805	0.93825			6
2025.02.03	01:08:37.812	0.93809	0.93829			6
2025.02.03	01:08:38.557	0.93785	0.93818			6
2025.02.03	01:08:38.867	0.93782	0.93812			6
2025.02.03	01:08:39.247	0.93785	0.93815			6
2025.02.03	01:08:39.562	0.93787	0.93813			6
2025.02.03	01:08:39.891		0.93811			4
2025.02.03	01:08:40.247	0.93790	0.93814			6
2025.02.03	01:08:40.572	0.93789				2
2025.02.03	01:08:41.204	0.93791				2
2025.02.03	01:08:41.508	0.93795	0.93816			6
2025.02.03	01:08:41.821	0.93796				2
2025.02.03	01:08:42.136	0.93799	0.93823			6
2025.02.03	01:08:42.443	0.93801				2
2025.02.03	01:08:42.753	0.93802	0.93825			6
2025.02.03	01:08:43.060	0.93804	0.93822			6
2025.02.03	01:08:43.414	0.93800	0.93820			6
2025.02.03	01:08:43.840	0.93805	0.93833			6
2025.02.03	01:08:44.141	0.93803	0.93835			6
2025.02.03	01:08:44.604	0.93809	0.93836			6
2025.02.03	01:08:44.922	0.93810				2
2025.02.03	01:08:45.227	0.93823	0.93858			6
2025.02.03	01:08:45.543	0.93837	0.93860			6
2025.02.03	01:08:45.851	0.93836	0.93859			6
2025.02.03	01:08:46.262	0.93831	0.93853			6
2025.02.03	01:08:46.646	0.93817	0.93841			6
2025.02.03	01:08:47.265	0.93820	0.93842			6
2025.02.03	01:08:47.569	0.93825	0.93847			6
2025.02.03	01:08:47.892	0.93823	0.93842			6
2025.02.03	01:08:48.284		0.93846			4
2025.02.03	01:08:48.603		0.93841			4
2025.02.03	01:08:48.959	0.93830	0.93849			6
2025.02.03	01:08:49.670	0.93829	0.93848			6
2025.02.03	01:08:50.013	0.93831	0.93849			6
2025.02.03	01:08:50.322		0.93850			4
2025.02.03	01:08:51.035	0.93832				2
2025.02.03	01:08:51.343	0.93824	0.93849			6
2025.02.03	01:08:51.660	0.93825	0.93843			6
2025.02.03	01:08:52.360	0.93826	0.93847			6
2025.02.03	01:08:52.663	0.93824	0.93842			6
2025.02.03	01:08:52.970	0.93825	0.93846			6
2025.02.03	01:08:53.419	0.93824	0.93847			6
2025.02.03	01:08:53.726	0.93825	0.93846			6
2025.02.03	01:08:54.500	0.93821	0.93841			6
2025.02.03	01:08:54.805	0.93820				2
2025.02.03	01:08:55.116	0.93818	0.93837			6
2025.02.03	01:08:55.423	0.93820	0.93838			6
2025.02.03	01:08:55.723	0.93813	0.93831			6
2025.02.03	01:08:56.361	0.93816	0.93836			6
2025.02.03	01:08:56.788	0.93812	0.93831			6
2025.02.03	01:08:57.105	0.93813	0.93836			6
2025.02.03	01:08:57.407	0.93816	0.93835			6
2025.02.03	01:08:57.730	0.93813	0.93832			6
2025.02.03	01:08:58.034	0.93814	0.93833			6
2025.02.03	01:08:58.414	0.93816	0.93838			6
2025.02.03	01:08:58.741	0.93817	0.93837			6
2025.02.03	01:08:59.439	0.93805	0.93823			6
2025.02.03	01:08:59.831	0.93814	0.93836			6
2025.02.03	01:09:00.141	0.93812	0.93831			6
2025.02.03	01:09:00.445	0.93810	0.93833			6
2025.02.03	01:09:00.773	0.93812	0.93831			6
2025.02.03	01:09:01.184	0.93810	0.93829			6
2025.02.03	01:09:02.559	0.93807	0.93830			6
2025.02.03	01:09:02.883	0.93809	0.93828			6
2025.02.03	01:09:03.260	0.93810				2
2025.02.03	01:09:03.604	0.93808	0.93831			6
2025.02.03	01:09:03.941	0.93809	0.93830			6
2025.02.03	01:09:04.344		0.93829			4
2025.02.03	01:09:04.824		0.93833			4
2025.02.03	01:09:05.143		0.93829			4
2025.02.03	01:09:05.778	0.93808	0.93834			6
2025.02.03	01:09:06.084		0.93830			4
2025.02.03	01:09:07.100	0.93810	0.93829			6
2025.02.03	01:09:07.402	0.93811				2
2025.02.03	01:09:07.710	0.93809	0.93828			6
2025.02.03	01:09:08.024	0.93807	0.93834			6
2025.02.03	01:09:09.816	0.93811	0.93830			6
2025.02.03	01:09:10.443		0.93829			4
2025.02.03	01:09:10.778	0.93807	0.93840			6
2025.02.03	01:09:11.575	0.93809	0.93828			6
2025.02.03	01:09:11.900	0.93810	0.93837			6
2025.02.03	01:09:12.202	0.93811	0.93832			6
2025.02.03	01:09:12.580	0.93807	0.93831			6
2025.02.03	01:09:12.902	0.93803	0.93832			6
2025.02.03	01:09:13.258	0.93804	0.93831			6
2025.02.03	01:09:13.561		0.93830			4
2025.02.03	01:09:13.935		0.93824			4
2025.02.03	01:09:14.243		0.93830			4
2025.02.03	01:09:14.716	0.93803	0.93831			6
2025.02.03	01:09:15.039		0.93828			4
2025.02.03	01:09:15.368	0.93804				2
2025.02.03	01:09:15.791		0.93831			4
2025.02.03	01:09:16.147	0.93807	0.93832			6
2025.02.03	01:09:17.412	0.93808				2
2025.02.03	01:09:17.724	0.93811	0.93837			6
2025.02.03	01:09:18.028	0.93810	0.93835			6
2025.02.03	01:09:18.377	0.93811	0.93834			6
2025.02.03	01:09:19.114	0.93812				2
2025.02.03	01:09:20.102	0.93811	0.93846			6
2025.02.03	01:09:20.466	0.93810	0.93844			6
2025.02.03	01:09:21.329	0.93809	0.93842			6
2025.02.03	01:09:21.646	0.93806	0.93833			6
2025.02.03	01:09:21.969	0.93805	0.93834			6
2025.02.03	01:09:22.300	0.93806	0.93833			6
2025.02.03	01:09:24.616	0.93803	0.93828			6
2025.02.03	01:09:26.444	0.93804	0.93829			6
2025.02.03	01:09:26.748	0.93801	0.93824			6
2025.02.03	01:09:27.055	0.93802				2
2025.02.03	01:09:27.555	0.93809	0.93829			6
2025.02.03	01:09:27.865	0.93814	0.93839			6
2025.02.03	01:09:28.186		0.93838			4
2025.02.03	01:09:28.640	0.93818	0.93840			6
2025.02.03	01:09:29.317	0.93819				2
2025.02.03	01:09:30.055	0.93781	0.93822			6
2025.02.03	01:09:30.363		0.93817			4
2025.02.03	01:09:30.683	0.93791	0.93821			6
2025.02.03	01:09:31.003	0.93789	0.93817			6
2025.02.03	01:09:31.306		0.93819			4
2025.02.03	01:09:31.632	0.93788	0.93813			6
2025.02.03	01:09:31.968		0.93820			4
2025.02.03	01:09:32.273		0.93816			4
2025.02.03	01:09:32.617	0.93790	0.93820			6
2025.02.03	01:09:32.962	0.93796	0.93818			6
2025.02.03	01:09:33.265		0.93822			4
2025.02.03	01:09:33.640		0.93821			4
2025.02.03	01:09:33.976	0.93798	0.93820			6
2025.02.03	01:09:34.736	0.93800	0.93823			6
2025.02.03	01:09:35.061	0.93796	0.93819			6
2025.02.03	01:09:36.067	0.93804	0.93823			6
2025.02.03	01:09:36.384		0.93827			4
2025.02.03	01:09:36.755	0.93806	0.93830			6
2025.02.03	01:09:37.064	0.93808	0.93829			6
2025.02.03	01:09:37.418	0.93810	0.93831			6
2025.02.03	01:09:37.724	0.93813	0.93833			6
2025.02.03	01:09:38.143	0.93806	0.93829			6
2025.02.03	01:09:38.492	0.93803	0.93828			6
2025.02.03	01:09:38.803	0.93805	0.93829			6
2025.02.03	01:09:39.120		0.93830			4
2025.02.03	01:09:39.448		0.93828			4
2025.02.03	01:09:40.093	0.93806	0.93831			6
2025.02.03	01:09:40.403	0.93805				2
2025.02.03	01:09:41.022	0.93804	0.93826			6
2025.02.03	01:09:41.459	0.93809	0.93828			6
2025.02.03	01:09:41.763	0.93807	0.93831			6
2025.02.03	01:09:42.130	0.93810	0.93828			6
2025.02.03	01:09:42.446		0.93829			4
2025.02.03	01:09:42.776	0.93811	0.93835			6
2025.02.03	01:09:43.870	0.93807	0.93830			6
2025.02.03	01:09:44.185		0.93832			4
2025.02.03	01:09:44.587	0.93806	0.93831			6
2025.02.03	01:09:44.897	0.93803				2
2025.02.03	01:09:45.914	0.93805	0.93827			6
2025.02.03	01:09:46.558	0.93802	0.93828			6
2025.02.03	01:09:46.863	0.93800	0.93819			6
2025.02.03	01:09:47.656	0.93804	0.93831			6
2025.02.03	01:09:47.965		0.93829			4
2025.02.03	01:09:48.375	0.93801	0.93823			6
2025.02.03	01:09:48.688	0.93797	0.93822			6
2025.02.03	01:09:49.019	0.93799	0.93827			6
2025.02.03	01:09:49.375	0.93801	0.93823			6
2025.02.03	01:09:49.998	0.93800	0.93826			6
2025.02.03	01:09:50.303	0.93804	0.93829			6
2025.02.03	01:09:50.807	0.93800	0.93831			6
2025.02.03	01:09:51.404	0.93798				2
2025.02.03	01:09:52.073	0.93800	0.93830			6
2025.02.03	01:09:52.682	0.93801	0.93829			6
2025.02.03	01:09:53.414	0.93802	0.93831			6
2025.02.03	01:09:53.716	0.93800	0.93832			6
2025.02.03	01:09:55.037	0.93806	0.93826			6
2025.02.03	01:09:55.416	0.93804	0.93831			6
2025.02.03	01:09:55.744	0.93806	0.93827			6
2025.02.03	01:09:56.064		0.93830			4
2025.02.03	01:09:56.380	0.93805	0.93833			6
2025.02.03	01:09:56.683	0.93806	0.93826			6
2025.02.03	01:09:56.987	0.93809	0.93830			6
2025.02.03	01:09:57.301	0.93810	0.93832			6
2025.02.03	01:09:57.812		0.93830			4
2025.02.03	01:09:58.124	0.93801	0.93828			6
2025.02.03	01:09:58.492	0.93804	0.93825			6
2025.02.03	01:09:58.871		0.93824			4
2025.02.03	01:09:59.183		0.93825			4
2025.02.03	01:09:59.486	0.93805	0.93826			6
2025.02.03	01:10:00.412	0.93810	0.93829			6
2025.02.03	01:10:02.318		0.93828			4
2025.02.03	01:10:02.626	0.93811	0.93834			6
2025.02.03	01:10:03.091	0.93813	0.93833			6
2025.02.03	01:10:03.394	0.93817	0.93837			6
2025.02.03	01:10:03.730	0.93818	0.93839			6
2025.02.03	01:10:04.041	0.93820	0.93844			6
2025.02.03	01:10:04.346	0.93819	0.93838			6
2025.02.03	01:10:04.664	0.93816	0.93835			6
2025.02.03	01:10:04.986	0.93815	0.93836			6
2025.02.03	01:10:05.288	0.93818	0.93843			6
2025.02.03	01:10:05.604		0.93842			4
2025.02.03	01:10:06.399		0.93836			4
2025.02.03	01:10:06.814	0.93816	0.93835			6
2025.02.03	01:10:07.714	0.93817	0.93836			6
2025.02.03	01:10:09.493	0.93814	0.93842			6
2025.02.03	01:10:09.815	0.93817	0.93837			6
2025.02.03	01:10:10.391	0.93815	0.93838			6
2025.02.03	01:10:10.712		0.93836			4
2025.02.03	01:10:11.438	0.93816				2
2025.02.03	01:10:12.170	0.93815	0.93837			6
2025.02.03	01:10:13.094	0.93817	0.93841			6
2025.02.03	01:10:15.064	0.93814	0.93838			6
2025.02.03	01:10:15.374	0.93815	0.93839			6
2025.02.03	01:10:16.714		0.93837			4
2025.02.03	01:10:17.065	0.93816	0.93836			6
2025.02.03	01:10:17.381	0.93815	0.93837			6
2025.02.03	01:10:18.096	0.93817	0.93836			6
2025.02.03	01:10:18.440	0.93816	0.93837			6
2025.02.03	01:10:19.601	0.93813	0.93839			6
2025.02.03	01:10:19.917	0.93814	0.93838			6
2025.02.03	01:10:20.319	0.93813	0.93840			6
2025.02.03	01:10:20.679	0.93810	0.93839			6
2025.02.03	01:10:22.644		0.93837			4
2025.02.03	01:10:22.985		0.93839			4
2025.02.03	01:10:23.307	0.93811	0.93837			6
2025.02.03	01:10:27.093		0.93838			4
2025.02.03	01:10:27.446		0.93836			4
2025.02.03	01:10:28.114		0.93837			4
2025.02.03	01:10:30.307	0.93813	0.93836			6
2025.02.03	01:10:31.276	0.93812	0.93838			6
2025.02.03	01:10:31.695	0.93814	0.93836			6
2025.02.03	01:10:33.711	0.93815	0.93835			6
2025.02.03	01:10:34.022	0.93812	0.93840			6
2025.02.03	01:10:34.713		0.93838			4
2025.02.03	01:10:35.917	0.93813				2
2025.02.03	01:10:36.241	0.93814	0.93832			6
2025.02.03	01:10:36.547	0.93811	0.93835			6
2025.02.03	01:10:36.925	0.93812				2
2025.02.03	01:10:37.316	0.93814	0.93836			6
2025.02.03	01:10:37.878	0.93810	0.93828			6
2025.02.03	01:10:38.251	0.93829	0.93847			6
2025.02.03	01:10:38.641	0.93827	0.93848			6
2025.02.03	01:10:39.256	0.93826	0.93850			6
2025.02.03	01:10:39.602	0.93825	0.93851			6
2025.02.03	01:10:39.960	0.93828	0.93848			6
2025.02.03	01:10:40.263	0.93826	0.93851			6
2025.02.03	01:10:40.635	0.93828	0.93849			6
2025.02.03	01:10:41.058		0.93848			4
2025.02.03	01:10:41.362	0.93827	0.93852			6
2025.02.03	01:10:42.054		0.93850			4
2025.02.03	01:10:42.861	0.93824	0.93851			6
2025.02.03	01:10:43.246	0.93827	0.93850			6
2025.02.03	01:10:44.759	0.93826				2
2025.02.03	01:10:45.478	0.93824	0.93852			6
2025.02.03	01:10:45.799		0.93850			4
2025.02.03	01:10:46.100		0.93849			4
2025.02.03	01:10:47.208	0.93821	0.93848			6
2025.02.03	01:10:47.517	0.93822	0.93850			6
2025.02.03	01:10:47.880		0.93851			4
2025.02.03	01:10:48.331		0.93849			4
2025.02.03	01:10:50.016	0.93818	0.93852			6
2025.02.03	01:10:50.320	0.93819	0.93837			6
2025.02.03	01:10:50.623	0.93816				2
2025.02.03	01:10:51.284	0.93818	0.93841			6
2025.02.03	01:10:51.611	0.93816	0.93837			6
2025.02.03	01:10:51.935	0.93815	0.93836			6
2025.02.03	01:10:52.447	0.93807	0.93827			6
2025.02.03	01:10:52.810	0.93808	0.93826			6
2025.02.03	01:10:53.323	0.93807				2
2025.02.03	01:10:53.629	0.93801	0.93819			6
2025.02.03	01:10:54.352	0.93796	0.93820			6
2025.02.03	01:10:54.665	0.93800	0.93818			6
2025.02.03	01:10:55.059	0.93799	0.93817			6
2025.02.03	01:10:55.508	0.93797	0.93815			6
2025.02.03	01:10:56.124	0.93795	0.93813			6
2025.02.03	01:10:56.631	0.93794	0.93816			6
2025.02.03	01:10:57.544		0.93817			4
2025.02.03	01:10:57.957	0.93789	0.93809			6
2025.02.03	01:10:58.261	0.93787	0.93805			6
2025.02.03	01:10:58.685		0.93809			4
2025.02.03	01:10:58.989	0.93785				2
2025.02.03	01:10:59.299	0.93788				2
2025.02.03	01:10:59.623	0.93790	0.93808			6
2025.02.03	01:11:00.202	0.93791	0.93809			6
2025.02.03	01:11:00.542	0.93789				2
2025.02.03	01:11:00.897		0.93807			4
2025.02.03	01:11:01.266	0.93790				2
2025.02.03	01:11:01.584	0.93782	0.93804			6
2025.02.03	01:11:01.891	0.93783	0.93801			6
2025.02.03	01:11:02.236	0.93784				2
2025.02.03	01:11:02.614		0.93802			4
2025.02.03	01:11:02.922	0.93786	0.93804			6
2025.02.03	01:11:03.224	0.93781	0.93802			6
2025.02.03	01:11:03.538	0.93780	0.93797			6
2025.02.03	01:11:03.939		0.93798			4
2025.02.03	01:11:04.248	0.93778	0.93800			6
2025.02.03	01:11:04.574	0.93780	0.93801			6
2025.02.03	01:11:04.997	0.93789	0.93811			6
2025.02.03	01:11:05.305	0.93785	0.93803			6
2025.02.03	01:11:06.095	0.93792	0.93809			6
2025.02.03	01:11:06.511	0.93791	0.93810			6
2025.02.03	01:11:06.825	0.93788	0.93806			6
2025.02.03	01:11:07.172		0.93805			4
2025.02.03	01:11:08.172	0.93786				2
2025.02.03	01:11:08.787	0.93787				2
2025.02.03	01:11:09.091		0.93807			4
2025.02.03	01:11:09.403	0.93785				2
2025.02.03	01:11:10.181	0.93787	0.93805			6
2025.02.03	01:11:10.499	0.93790	0.93807			6
2025.02.03	01:11:12.299	0.93791	0.93808			6
2025.02.03	01:11:12.611	0.93790	0.93807			6
2025.02.03	01:11:12.986	0.93793	0.93815			6
2025.02.03	01:11:13.303	0.93786	0.93807			6
2025.02.03	01:11:13.629		0.93806			4
2025.02.03	01:11:13.943		0.93803			4
2025.02.03	01:11:16.352	0.93792	0.93814			6
2025.02.03	01:11:16.660	0.93791	0.93808			6
2025.02.03	01:11:17.000	0.93789				2
2025.02.03	01:11:17.315		0.93807			4
2025.02.03	01:11:17.655	0.93788				2
2025.02.03	01:11:17.961		0.93805			4
2025.02.03	01:11:18.434		0.93804			4
2025.02.03	01:11:18.774	0.93787	0.93805			6
2025.02.03	01:11:19.655		0.93806			4
2025.02.03	01:11:19.962	0.93791	0.93811			6
2025.02.03	01:11:20.615	0.93795				2
2025.02.03	01:11:20.917	0.93793	0.93813			6
2025.02.03	01:11:21.714		0.93814			4
2025.02.03	01:11:22.183	0.93797				2
2025.02.03	01:11:22.745	0.93796				2
2025.02.03	01:11:23.052		0.93813			4
2025.02.03	01:11:23.629	0.93797	0.93814			6
2025.02.03	01:11:25.039	0.93796	0.93812			6
2025.02.03	01:11:28.015	0.93792	0.93810			6
2025.02.03	01:11:28.329		0.93809			4
2025.02.03	01:11:28.633		0.93810			4
2025.02.03	01:11:28.957	0.93793	0.93809			6
2025.02.03	01:11:29.301	0.93794	0.93811			6
2025.02.03	01:11:30.394	0.93796	0.93813			6
2025.02.03	01:11:30.733	0.93798	0.93816			6
2025.02.03	01:11:31.043	0.93796	0.93813			6
2025.02.03	01:11:31.375	0.93795	0.93811			6
2025.02.03	01:11:31.721	0.93787	0.93809			6
2025.02.03	01:11:32.045	0.93791	0.93813			6
2025.02.03	01:11:32.365	0.93788	0.93808			6
2025.02.03	01:11:32.684	0.93789				2
2025.02.03	01:11:33.064	0.93784	0.93800			6
2025.02.03	01:11:33.390	0.93786	0.93803			6
2025.02.03	01:11:33.805	0.93785	0.93801			6
2025.02.03	01:11:34.127	0.93782	0.93800			6
2025.02.03	01:11:34.441	0.93783				2
2025.02.03	01:11:34.744	0.93785	0.93802			6
2025.02.03	01:11:35.220	0.93787	0.93804			6
2025.02.03	01:11:35.743	0.93782	0.93799			6
2025.02.03	01:11:36.081	0.93781	0.93800			6
2025.02.03	01:11:36.612	0.93783	0.93799			6
2025.02.03	01:11:37.600	0.93780	0.93796			6
2025.02.03	01:11:37.905	0.93779	0.93799			6
2025.02.03	01:11:38.232	0.93778				2
2025.02.03	01:11:38.647	0.93777				2
2025.02.03	01:11:39.253		0.93798			4
2025.02.03	01:11:39.793		0.93799			4
2025.02.03	01:11:40.255	0.93778	0.93794			6
2025.02.03	01:11:40.590	0.93779	0.93795			6
2025.02.03	01:11:40.891	0.93780	0.93797			6
2025.02.03	01:11:41.242	0.93781				2
2025.02.03	01:11:41.930	0.93778	0.93795			6
2025.02.03	01:11:42.450		0.93794			4
2025.02.03	01:11:42.755	0.93782	0.93798			6
2025.02.03	01:11:43.066	0.93781	0.93797			6
