<DATE>	<TIME>	<BID>	<ASK>	<LAST>	<VOLUME>	<FLAGS>
2025.01.28	00:00:00.070	0.94541	0.94664			6
2025.01.28	00:00:00.370	0.94528	0.94710			6
2025.01.28	00:01:27.422	0.94497	0.94701			6
2025.01.28	00:02:00.678	0.94497				2
2025.01.28	00:02:47.350		0.94701			4
2025.01.28	00:02:59.851	0.94515	0.94724			6
2025.01.28	00:03:01.147	0.94533				2
2025.01.28	00:03:12.589	0.94556	0.94722			6
2025.01.28	00:03:13.655		0.94719			4
2025.01.28	00:04:00.526	0.94556				2
2025.01.28	00:04:12.627	0.94555				2
2025.01.28	00:04:20.679		0.94719			4
2025.01.28	00:04:26.167		0.94700			4
2025.01.28	00:05:00.437	0.94564	0.94681			6
2025.01.28	00:05:01.749		0.94677			4
2025.01.28	00:05:15.376		0.94678			4
2025.01.28	00:05:41.913		0.94673			4
2025.01.28	00:06:00.064	0.94564				2
2025.01.28	00:06:00.540	0.94565				2
2025.01.28	00:06:06.149	0.94559				2
2025.01.28	00:06:36.922		0.94667			4
2025.01.28	00:07:00.808	0.94559				2
2025.01.28	00:07:38.907		0.94667			4
2025.01.28	00:07:41.191	0.94594				2
2025.01.28	00:07:51.109	0.94587	0.94678			6
2025.01.28	00:08:01.127	0.94587				2
2025.01.28	00:08:12.636	0.94590				2
2025.01.28	00:08:46.117		0.94677			4
2025.01.28	00:09:00.991	0.94590				2
2025.01.28	00:09:46.123		0.94677			4
2025.01.28	00:10:00.364	0.94590				2
2025.01.28	00:10:09.857	0.94539				2
2025.01.28	00:10:12.356	0.94567	0.94688			6
2025.01.28	00:10:54.459	0.94585	0.94674			6
2025.01.28	00:10:54.880	0.94567	0.94688			6
2025.01.28	00:10:56.123	0.94585	0.94679			6
2025.01.28	00:11:00.296	0.94567	0.94688			6
2025.01.28	00:11:01.215	0.94585	0.94679			6
2025.01.28	00:11:05.196	0.94567	0.94688			6
2025.01.28	00:11:06.101	0.94585	0.94679			6
2025.01.28	00:11:10.103	0.94567	0.94688			6
2025.01.28	00:11:11.040	0.94585	0.94679			6
2025.01.28	00:11:11.367	0.94595	0.94685			6
2025.01.28	00:11:11.683		0.94684			4
2025.01.28	00:11:14.961	0.94572	0.94694			6
2025.01.28	00:11:16.180	0.94595	0.94684			6
2025.01.28	00:11:18.893	0.94589	0.94685			6
2025.01.28	00:11:20.657		0.94679			4
2025.01.28	00:11:21.242	0.94593				2
2025.01.28	00:11:21.642		0.94677			4
2025.01.28	00:11:29.559		0.94685			4
2025.01.28	00:11:30.732		0.94677			4
2025.01.28	00:11:49.637		0.94685			4
2025.01.28	00:12:00.559	0.94593				2
2025.01.28	00:12:20.463		0.94681			4
2025.01.28	00:13:00.196	0.94593				2
2025.01.28	00:13:10.587		0.94680			4
2025.01.28	00:13:12.625	0.94594				2
2025.01.28	00:13:41.545		0.94681			4
2025.01.28	00:14:00.086	0.94594				2
2025.01.28	00:14:10.398		0.94680			4
2025.01.28	00:15:00.259	0.94594				2
2025.01.28	00:15:10.489		0.94680			4
2025.01.28	00:15:14.793		0.94674			4
2025.01.28	00:15:55.877		0.94680			4
2025.01.28	00:16:00.374	0.94594				2
2025.01.28	00:16:00.689		0.94676			4
2025.01.28	00:16:07.803		0.94663			4
2025.01.28	00:16:15.986		0.94675			4
2025.01.28	00:16:34.432		0.94680			4
2025.01.28	00:17:00.689	0.94594				2
2025.01.28	00:17:06.147	0.94591				2
2025.01.28	00:17:07.804		0.94679			4
2025.01.28	00:17:16.588		0.94680			4
2025.01.28	00:17:21.410		0.94660			4
2025.01.28	00:17:31.106		0.94680			4
2025.01.28	00:17:40.426		0.94675			4
2025.01.28	00:17:43.214		0.94669			4
2025.01.28	00:17:54.885		0.94680			4
2025.01.28	00:18:01.289	0.94591	0.94673			6
2025.01.28	00:18:43.204		0.94680			4
2025.01.28	00:19:00.388	0.94591				2
2025.01.28	00:19:27.700		0.94663			4
2025.01.28	00:19:29.873	0.94597	0.94678			6
2025.01.28	00:19:30.986	0.94598				2
2025.01.28	00:19:44.993		0.94687			4
2025.01.28	00:19:56.489	0.94594				2
2025.01.28	00:20:00.088	0.94582				2
2025.01.28	00:20:19.289	0.94583				2
2025.01.28	00:20:20.683		0.94684			4
2025.01.28	00:20:47.191	0.94584				2
2025.01.28	00:20:49.401	0.94583				2
2025.01.28	00:20:51.088	0.94584				2
2025.01.28	00:20:52.290	0.94583				2
2025.01.28	00:20:54.687	0.94584				2
2025.01.28	00:20:57.087	0.94583				2
2025.01.28	00:20:58.588	0.94584				2
2025.01.28	00:21:00.091	0.94584				2
2025.01.28	00:21:10.886	0.94583				2
2025.01.28	00:21:17.491	0.94584				2
2025.01.28	00:21:21.693		0.94684			4
2025.01.28	00:21:35.383		0.94678			4
2025.01.28	00:21:35.889	0.94585				2
2025.01.28	00:21:39.689	0.94584				2
2025.01.28	00:21:41.186	0.94585				2
2025.01.28	00:21:44.194	0.94586				2
2025.01.28	00:21:45.996	0.94585				2
2025.01.28	00:21:51.698	0.94586				2
2025.01.28	00:21:54.088	0.94585				2
2025.01.28	00:21:56.792	0.94586				2
2025.01.28	00:22:00.322	0.94586				2
2025.01.28	00:22:00.685		0.94684			4
2025.01.28	00:22:38.707		0.94680			4
2025.01.28	00:22:40.888	0.94587				2
2025.01.28	00:23:00.688	0.94587				2
2025.01.28	00:23:16.149		0.94684			4
2025.01.28	00:23:16.886	0.94586				2
2025.01.28	00:23:28.886	0.94587				2
2025.01.28	00:23:30.390		0.94681			4
2025.01.28	00:23:33.693	0.94586				2
2025.01.28	00:23:34.120	0.94587				2
2025.01.28	00:23:51.174		0.94684			4
2025.01.28	00:24:00.106	0.94587				2
2025.01.28	00:24:10.888	0.94576				2
2025.01.28	00:24:12.716	0.94580				2
2025.01.28	00:24:15.094	0.94589				2
2025.01.28	00:24:17.046	0.94587				2
2025.01.28	00:24:17.432	0.94581				2
2025.01.28	00:24:18.991	0.94579				2
2025.01.28	00:24:24.088	0.94580				2
2025.01.28	00:24:28.140		0.94674			4
2025.01.28	00:24:36.098		0.94684			4
2025.01.28	00:24:37.589	0.94581				2
2025.01.28	00:24:50.670		0.94674			4
2025.01.28	00:24:51.691	0.94582				2
2025.01.28	00:25:00.688	0.94582				2
2025.01.28	00:25:01.154		0.94684			4
2025.01.28	00:25:09.387	0.94583				2
2025.01.28	00:25:10.266	0.94582	0.94674			6
2025.01.28	00:25:16.293		0.94684			4
2025.01.28	00:25:19.892	0.94583				2
2025.01.28	00:25:31.319		0.94674			4
2025.01.28	00:25:37.599	0.94584				2
2025.01.28	00:25:41.146		0.94684			4
2025.01.28	00:25:55.589	0.94585				2
2025.01.28	00:25:57.518		0.94675			4
2025.01.28	00:26:00.692	0.94585				2
2025.01.28	00:26:01.146		0.94684			4
2025.01.28	00:26:16.293		0.94675			4
2025.01.28	00:26:17.789	0.94586				2
2025.01.28	00:26:21.312		0.94684			4
2025.01.28	00:26:30.521		0.94679			4
2025.01.28	00:26:34.742		0.94675			4
2025.01.28	00:26:39.094	0.94588				2
2025.01.28	00:26:41.153		0.94679			4
2025.01.28	00:26:48.055		0.94671			4
2025.01.28	00:26:48.659		0.94673			4
2025.01.28	00:26:53.199	0.94589				2
2025.01.28	00:27:00.802	0.94589				2
2025.01.28	00:27:05.370		0.94684			4
2025.01.28	00:27:09.389		0.94679			4
2025.01.28	00:27:18.091	0.94590				2
2025.01.28	00:27:18.471	0.94595				2
2025.01.28	00:27:19.887	0.94598				2
2025.01.28	00:27:21.578	0.94597				2
2025.01.28	00:27:27.387	0.94598				2
2025.01.28	00:27:29.676	0.94596	0.94684			6
2025.01.28	00:27:35.465	0.94598				2
2025.01.28	00:27:36.664	0.94599				2
2025.01.28	00:27:37.716	0.94598				2
2025.01.28	00:27:52.296	0.94599				2
2025.01.28	00:28:00.688	0.94599				2
2025.01.28	00:28:09.562		0.94681			4
2025.01.28	00:28:23.732		0.94684			4
2025.01.28	00:28:31.124	0.94600				2
2025.01.28	00:28:31.594		0.94677			4
2025.01.28	00:28:48.696	0.94601				2
2025.01.28	00:28:53.192	0.94587				2
2025.01.28	00:28:57.987	0.94586				2
2025.01.28	00:29:00.395	0.94586				2
2025.01.28	00:29:13.892	0.94585				2
2025.01.28	00:29:18.096	0.94586				2
2025.01.28	00:29:21.863		0.94684			4
2025.01.28	00:29:30.693		0.94685			4
2025.01.28	00:29:32.805		0.94681			4
2025.01.28	00:29:36.090	0.94588				2
2025.01.28	00:29:48.137		0.94685			4
2025.01.28	00:29:48.690	0.94587				2
2025.01.28	00:29:51.386	0.94588				2
2025.01.28	00:29:56.188	0.94589				2
2025.01.28	00:30:00.387	0.94589				2
2025.01.28	00:30:00.688	0.94588				2
2025.01.28	00:30:03.220	0.94587				2
2025.01.28	00:30:08.221	0.94586				2
2025.01.28	00:30:14.621	0.94588				2
2025.01.28	00:30:15.398		0.94677			4
2025.01.28	00:30:17.117		0.94672			4
2025.01.28	00:30:19.892	0.94587				2
2025.01.28	00:30:24.693	0.94590				2
2025.01.28	00:30:28.288	0.94589				2
2025.01.28	00:30:30.001	0.94591				2
2025.01.28	00:30:30.993	0.94589				2
2025.01.28	00:30:33.088	0.94592				2
2025.01.28	00:30:35.177	0.94591				2
2025.01.28	00:30:40.297	0.94590				2
2025.01.28	00:30:42.389	0.94589				2
2025.01.28	00:30:47.387	0.94590				2
2025.01.28	00:30:48.689	0.94591				2
2025.01.28	00:30:50.679	0.94586	0.94707			6
2025.01.28	00:30:52.807	0.94590	0.94672			6
2025.01.28	00:30:55.889	0.94589				2
2025.01.28	00:31:00.687	0.94589				2
2025.01.28	00:31:05.191	0.94588				2
2025.01.28	00:31:06.395	0.94589				2
2025.01.28	00:31:08.220		0.94687			4
2025.01.28	00:31:10.480		0.94675			4
2025.01.28	00:31:12.097	0.94591				2
2025.01.28	00:31:17.319	0.94590				2
2025.01.28	00:31:32.323	0.94591				2
2025.01.28	00:31:33.384	0.94592				2
2025.01.28	00:31:37.850	0.94591				2
2025.01.28	00:31:39.093	0.94590				2
2025.01.28	00:31:45.693	0.94591				2
2025.01.28	00:31:52.965	0.94592	0.94686			6
2025.01.28	00:31:54.097	0.94593				2
2025.01.28	00:31:58.647	0.94591	0.94687			6
2025.01.28	00:32:00.091	0.94591				2
2025.01.28	00:32:01.589	0.94592				2
2025.01.28	00:33:31.061	0.94597	0.94685			6
2025.01.28	00:33:31.649	0.94598	0.94676			6
2025.01.28	00:33:32.163		0.94685			4
2025.01.28	00:33:32.788	0.94597				2
2025.01.28	00:33:33.163		0.94678			4
2025.01.28	00:33:33.658		0.94685			4
2025.01.28	00:33:34.070	0.94595				2
2025.01.28	00:33:34.933	0.94596	0.94684			6
2025.01.28	00:33:35.437		0.94685			4
2025.01.28	00:33:35.937		0.94675			4
2025.01.28	00:33:36.940	0.94597	0.94685			6
2025.01.28	00:33:37.439		0.94680			4
2025.01.28	00:33:39.090	0.94598	0.94685			6
2025.01.28	00:33:39.807		0.94680			4
2025.01.28	00:33:41.323		0.94685			4
2025.01.28	00:33:41.933		0.94680			4
2025.01.28	00:33:43.827		0.94685			4
2025.01.28	00:33:44.300		0.94679			4
2025.01.28	00:33:44.807		0.94685			4
2025.01.28	00:33:45.308		0.94674			4
2025.01.28	00:33:45.793		0.94681			4
2025.01.28	00:33:46.313		0.94673			4
2025.01.28	00:33:47.952		0.94682			4
2025.01.28	00:33:48.441		0.94674			4
2025.01.28	00:33:48.942		0.94685			4
2025.01.28	00:33:49.631		0.94679			4
2025.01.28	00:33:50.942		0.94685			4
2025.01.28	00:33:51.433		0.94680			4
2025.01.28	00:33:52.932		0.94682			4
2025.01.28	00:33:58.888	0.94597				2
2025.01.28	00:34:00.696	0.94597				2
2025.01.28	00:34:03.395	0.94598				2
2025.01.28	00:34:12.992	0.94596				2
2025.01.28	00:34:16.592	0.94598				2
2025.01.28	00:34:18.092	0.94596				2
2025.01.28	00:34:22.109		0.94685			4
2025.01.28	00:34:22.496	0.94597	0.94684			6
2025.01.28	00:34:28.217	0.94596	0.94685			6
2025.01.28	00:34:31.291	0.94595				2
2025.01.28	00:34:32.787	0.94596				2
2025.01.28	00:34:44.146		0.94681			4
2025.01.28	00:34:44.652	0.94597	0.94684			6
2025.01.28	00:34:45.651		0.94676			4
2025.01.28	00:34:45.988		0.94684			4
2025.01.28	00:34:47.665		0.94673			4
2025.01.28	00:34:48.187		0.94684			4
2025.01.28	00:34:48.662		0.94680			4
2025.01.28	00:34:49.167	0.94598	0.94681			6
2025.01.28	00:34:50.034	0.94601	0.94686			6
2025.01.28	00:34:53.198	0.94602				2
2025.01.28	00:34:54.696	0.94601				2
2025.01.28	00:34:55.592	0.94602				2
2025.01.28	00:35:00.687	0.94602				2
2025.01.28	00:35:04.052	0.94590				2
2025.01.28	00:35:08.829		0.94685			4
2025.01.28	00:35:09.332		0.94686			4
2025.01.28	00:35:09.825		0.94685			4
2025.01.28	00:35:10.328		0.94686			4
2025.01.28	00:35:10.826		0.94685			4
2025.01.28	00:35:11.331		0.94686			4
2025.01.28	00:35:11.831		0.94685			4
2025.01.28	00:35:12.334		0.94686			4
2025.01.28	00:35:12.690		0.94685			4
2025.01.28	00:35:13.331		0.94686			4
2025.01.28	00:35:13.824		0.94685			4
2025.01.28	00:35:14.333		0.94686			4
2025.01.28	00:35:16.829		0.94685			4
2025.01.28	00:35:17.326		0.94686			4
2025.01.28	00:35:17.834		0.94685			4
2025.01.28	00:35:18.333		0.94686			4
2025.01.28	00:35:18.694		0.94685			4
2025.01.28	00:35:35.188		0.94686			4
2025.01.28	00:35:44.268	0.94566				2
2025.01.28	00:35:44.675		0.94685			4
2025.01.28	00:35:45.583		0.94687			4
2025.01.28	00:35:46.542	0.94593				2
2025.01.28	00:35:49.993		0.94686			4
2025.01.28	00:35:55.229		0.94687			4
2025.01.28	00:36:00.386	0.94593				2
2025.01.28	00:36:05.493		0.94686			4
2025.01.28	00:36:10.809		0.94685			4
2025.01.28	00:36:16.291		0.94686			4
2025.01.28	00:36:21.688	0.94566				2
2025.01.28	00:36:23.364	0.94590				2
2025.01.28	00:36:32.156		0.94685			4
2025.01.28	00:36:33.654		0.94684			4
2025.01.28	00:36:33.978		0.94685			4
2025.01.28	00:36:38.605		0.94686			4
2025.01.28	00:36:50.965		0.94685			4
2025.01.28	00:37:00.037	0.94590	0.94684			6
2025.01.28	00:37:02.187		0.94685			4
2025.01.28	00:37:03.103		0.94686			4
2025.01.28	00:37:07.589		0.94685			4
2025.01.28	00:37:11.439		0.94686			4
2025.01.28	00:37:13.530		0.94685			4
2025.01.28	00:37:15.373		0.94683			4
2025.01.28	00:37:15.875		0.94685			4
2025.01.28	00:37:16.378		0.94684			4
2025.01.28	00:37:22.886		0.94685			4
2025.01.28	00:37:27.091		0.94686			4
2025.01.28	00:37:28.190	0.94566	0.94685			6
2025.01.28	00:37:29.786		0.94686			4
2025.01.28	00:37:30.788		0.94685			4
2025.01.28	00:37:32.359		0.94686			4
2025.01.28	00:37:32.795		0.94685			4
2025.01.28	00:37:33.297		0.94686			4
2025.01.28	00:37:33.858		0.94685			4
2025.01.28	00:37:34.294		0.94686			4
2025.01.28	00:37:36.087		0.94685			4
2025.01.28	00:37:36.943		0.94684			4
2025.01.28	00:37:39.032		0.94685			4
2025.01.28	00:37:39.590		0.94684			4
2025.01.28	00:37:40.041		0.94685			4
2025.01.28	00:37:42.687		0.94686			4
2025.01.28	00:37:44.132		0.94685			4
2025.01.28	00:37:49.600	0.94596				2
2025.01.28	00:37:52.654		0.94684			4
2025.01.28	00:37:52.968		0.94685			4
2025.01.28	00:37:55.022		0.94686			4
2025.01.28	00:37:57.986		0.94685			4
2025.01.28	00:38:00.385	0.94596				2
2025.01.28	00:38:05.133		0.94684			4
2025.01.28	00:38:05.701		0.94685			4
2025.01.28	00:38:06.260		0.94684			4
2025.01.28	00:38:06.636		0.94685			4
2025.01.28	00:38:09.233		0.94684			4
2025.01.28	00:38:09.734		0.94685			4
2025.01.28	00:38:10.238		0.94684			4
2025.01.28	00:38:13.854		0.94685			4
2025.01.28	00:38:14.682		0.94684			4
2025.01.28	00:38:15.038		0.94685			4
2025.01.28	00:38:15.341		0.94683			4
2025.01.28	00:38:16.596		0.94685			4
2025.01.28	00:38:18.298		0.94684			4
2025.01.28	00:38:21.193		0.94683			4
2025.01.28	00:38:21.732		0.94684			4
2025.01.28	00:38:23.489		0.94683			4
2025.01.28	00:38:25.592		0.94684			4
2025.01.28	00:38:27.331		0.94685			4
2025.01.28	00:38:33.087		0.94684			4
2025.01.28	00:38:37.898		0.94685			4
2025.01.28	00:38:39.088		0.94684			4
2025.01.28	00:38:41.775		0.94683			4
2025.01.28	00:38:44.105	0.94566				2
2025.01.28	00:38:45.386		0.94682			4
2025.01.28	00:38:46.291		0.94681			4
2025.01.28	00:38:52.173		0.94682			4
2025.01.28	00:38:52.594		0.94681			4
2025.01.28	00:38:54.642		0.94682			4
2025.01.28	00:38:59.191		0.94681			4
2025.01.28	00:39:00.693	0.94566				2
2025.01.28	00:39:22.784		0.94682			4
2025.01.28	00:39:23.947		0.94681			4
2025.01.28	00:39:31.844		0.94680			4
2025.01.28	00:39:34.855		0.94681			4
2025.01.28	00:39:36.088		0.94682			4
2025.01.28	00:39:36.695		0.94681			4
2025.01.28	00:39:45.698	0.94596				2
2025.01.28	00:39:46.457		0.94680			4
2025.01.28	00:39:50.493		0.94681			4
2025.01.28	00:40:01.145	0.94596				2
2025.01.28	00:40:05.788		0.94682			4
2025.01.28	00:40:07.286		0.94681			4
2025.01.28	00:40:09.690	0.94589				2
2025.01.28	00:40:10.421	0.94598				2
2025.01.28	00:40:13.286		0.94682			4
2025.01.28	00:40:31.893		0.94681			4
2025.01.28	00:40:32.201		0.94682			4
2025.01.28	00:40:53.220	0.94566				2
2025.01.28	00:40:54.929	0.94600				2
2025.01.28	00:41:00.687	0.94600				2
2025.01.28	00:41:04.887		0.94683			4
2025.01.28	00:41:12.528		0.94682			4
2025.01.28	00:41:42.980		0.94683			4
2025.01.28	00:41:47.652	0.94566				2
2025.01.28	00:41:56.791		0.94682			4
2025.01.28	00:42:00.387	0.94566				2
2025.01.28	00:42:06.088		0.94681			4
2025.01.28	00:42:09.800		0.94683			4
2025.01.28	00:42:10.418		0.94682			4
2025.01.28	00:42:24.989	0.94599	0.94679			6
2025.01.28	00:42:25.736		0.94678			4
2025.01.28	00:42:35.495		0.94679			4
2025.01.28	00:42:43.301	0.94566				2
2025.01.28	00:42:49.567	0.94563				2
2025.01.28	00:42:52.632		0.94682			4
2025.01.28	00:43:00.688	0.94563				2
2025.01.28	00:43:18.090		0.94683			4
2025.01.28	00:43:44.558	0.94566				2
2025.01.28	00:44:00.387	0.94566				2
2025.01.28	00:44:13.383		0.94676			4
2025.01.28	00:44:18.273	0.94600				2
2025.01.28	00:44:19.116	0.94599				2
2025.01.28	00:44:23.474	0.94597				2
2025.01.28	00:44:31.875	0.94590				2
2025.01.28	00:44:40.101	0.94596				2
2025.01.28	00:44:45.385		0.94675			4
2025.01.28	00:45:00.090	0.94596				2
2025.01.28	00:45:01.904	0.94577	0.94699			6
2025.01.28	00:45:04.022	0.94599	0.94675			6
2025.01.28	00:45:07.662	0.94617	0.94657			6
2025.01.28	00:45:32.395	0.94584				2
2025.01.28	00:45:32.791	0.94615				2
2025.01.28	00:45:33.386		0.94656			4
2025.01.28	00:45:35.492		0.94657			4
2025.01.28	00:45:41.977		0.94656			4
2025.01.28	00:45:57.354	0.94620				2
2025.01.28	00:46:00.995	0.94620				2
2025.01.28	00:46:17.417	0.94584				2
2025.01.28	00:46:22.019	0.94618				2
2025.01.28	00:46:28.979	0.94584				2
2025.01.28	00:46:30.539	0.94609	0.94657			6
2025.01.28	00:46:31.011		0.94658			4
2025.01.28	00:46:52.264		0.94653			4
2025.01.28	00:46:52.904		0.94658			4
2025.01.28	00:46:58.864	0.94608				2
2025.01.28	00:47:00.390	0.94608				2
2025.01.28	00:47:01.290	0.94607				2
2025.01.28	00:47:01.833	0.94597	0.94683			6
2025.01.28	00:47:03.955	0.94610	0.94658			6
2025.01.28	00:47:06.088	0.94617				2
2025.01.28	00:47:16.024		0.94657			4
2025.01.28	00:47:23.493	0.94619				2
2025.01.28	00:47:32.465		0.94658			4
2025.01.28	00:47:33.035		0.94657			4
2025.01.28	00:47:33.974		0.94656			4
2025.01.28	00:47:34.546		0.94655			4
2025.01.28	00:47:35.352		0.94654			4
2025.01.28	00:47:36.691		0.94653			4
2025.01.28	00:47:37.092		0.94651			4
2025.01.28	00:47:37.905		0.94650			4
2025.01.28	00:47:39.545		0.94649			4
2025.01.28	00:47:42.823		0.94651			4
2025.01.28	00:47:52.424	0.94618				2
2025.01.28	00:47:52.890		0.94650			4
2025.01.28	00:47:54.555	0.94613				2
2025.01.28	00:48:00.681	0.94613				2
2025.01.28	00:48:08.645	0.94572				2
2025.01.28	00:48:09.092	0.94611	0.94649			6
2025.01.28	00:48:10.297		0.94650			4
2025.01.28	00:48:12.688		0.94649			4
2025.01.28	00:48:19.352	0.94572	0.94645			6
2025.01.28	00:48:25.889	0.94612	0.94638			6
2025.01.28	00:48:27.390	0.94579	0.94664			6
2025.01.28	00:48:28.320		0.94665			4
2025.01.28	00:48:29.228	0.94612	0.94638			6
2025.01.28	00:48:35.789		0.94637			4
2025.01.28	00:48:54.688		0.94636			4
2025.01.28	00:49:00.391	0.94612				2
2025.01.28	00:49:05.756	0.94570				2
2025.01.28	00:49:30.969		0.94635			4
2025.01.28	00:49:45.966	0.94602				2
2025.01.28	00:50:00.983	0.94602				2
2025.01.28	00:50:03.232	0.94570				2
2025.01.28	00:50:16.050	0.94603	0.94631			6
2025.01.28	00:50:27.767	0.94596				2
2025.01.28	00:50:31.126	0.94594	0.94630			6
2025.01.28	00:50:36.127	0.94600				2
2025.01.28	00:50:41.428		0.94627			4
2025.01.28	00:50:42.836	0.94594				2
2025.01.28	00:50:46.821	0.94593				2
2025.01.28	00:50:50.960		0.94624			4
2025.01.28	00:50:52.064	0.94588				2
2025.01.28	00:50:52.601	0.94594				2
2025.01.28	00:50:56.745	0.94567				2
2025.01.28	00:51:00.386	0.94567				2
2025.01.28	00:51:05.789	0.94584	0.94622			6
2025.01.28	00:51:06.090		0.94623			4
2025.01.28	00:51:11.477	0.94585				2
2025.01.28	00:51:20.681	0.94592	0.94624			6
2025.01.28	00:51:31.977	0.94570				2
2025.01.28	00:51:36.945	0.94596				2
2025.01.28	00:51:41.413	0.94595	0.94628			6
2025.01.28	00:51:42.089		0.94629			4
2025.01.28	00:51:43.308		0.94628			4
2025.01.28	00:52:00.387	0.94595				2
2025.01.28	00:52:09.294	0.94568				2
2025.01.28	00:52:13.623	0.94604	0.94627			6
2025.01.28	00:52:22.320	0.94613				2
2025.01.28	00:52:26.188	0.94604				2
2025.01.28	00:52:28.846	0.94597				2
2025.01.28	00:52:33.691		0.94628			4
2025.01.28	00:52:41.196	0.94564				2
2025.01.28	00:52:44.032		0.94627			4
2025.01.28	00:52:45.050		0.94628			4
2025.01.28	00:52:45.403	0.94594				2
2025.01.28	00:52:49.066		0.94627			4
2025.01.28	00:52:56.297	0.94615	0.94628			6
2025.01.28	00:53:01.288	0.94595				2
2025.01.28	00:53:11.388	0.94618				2
2025.01.28	00:53:16.453	0.94597				2
2025.01.28	00:53:22.645	0.94596				2
2025.01.28	00:53:22.961	0.94597	0.94625			6
2025.01.28	00:53:24.687		0.94624			4
2025.01.28	00:53:26.199	0.94612				2
2025.01.28	00:53:26.508	0.94615	0.94623			6
2025.01.28	00:53:28.713	0.94614				2
2025.01.28	00:53:31.184	0.94592				2
2025.01.28	00:53:41.446	0.94612	0.94624			6
2025.01.28	00:53:41.753	0.94618				2
2025.01.28	00:53:46.437	0.94599				2
2025.01.28	00:53:46.761		0.94625			4
2025.01.28	00:53:56.188	0.94615				2
2025.01.28	00:54:00.689	0.94615				2
2025.01.28	00:54:01.243	0.94600				2
2025.01.28	00:54:04.158	0.94588				2
2025.01.28	00:54:16.484	0.94613				2
2025.01.28	00:54:18.990	0.94615				2
2025.01.28	00:54:21.301	0.94596				2
2025.01.28	00:54:23.187		0.94626			4
2025.01.28	00:54:35.824	0.94566				2
2025.01.28	00:54:46.725	0.94596	0.94625			6
2025.01.28	00:54:56.189	0.94566				2
2025.01.28	00:54:57.517	0.94599				2
2025.01.28	00:55:01.290	0.94599				2
2025.01.28	00:55:06.247	0.94617				2
2025.01.28	00:55:15.625	0.94616				2
2025.01.28	00:55:21.091	0.94603				2
2025.01.28	00:55:23.368	0.94615	0.94626			6
2025.01.28	00:55:26.383		0.94625			4
2025.01.28	00:55:27.404		0.94626			4
2025.01.28	00:55:31.019	0.94600				2
2025.01.28	00:55:33.091	0.94598				2
2025.01.28	00:55:36.376	0.94603				2
2025.01.28	00:55:38.791		0.94625			4
2025.01.28	00:55:47.023	0.94598				2
2025.01.28	00:55:48.441	0.94599				2
2025.01.28	00:56:01.592	0.94599				2
2025.01.28	00:56:03.441	0.94566				2
2025.01.28	00:56:23.461	0.94606				2
2025.01.28	00:56:33.456	0.94605				2
2025.01.28	00:56:39.087		0.94625			4
2025.01.28	00:56:48.679	0.94566				2
2025.01.28	00:56:50.071	0.94607				2
2025.01.28	00:56:55.128	0.94602				2
2025.01.28	00:57:00.680	0.94602				2
2025.01.28	00:57:02.099	0.94597				2
2025.01.28	00:57:07.018	0.94566				2
2025.01.28	00:57:07.892		0.94624			4
2025.01.28	00:57:13.420	0.94567				2
2025.01.28	00:57:23.490	0.94596				2
2025.01.28	00:57:25.592		0.94625			4
2025.01.28	00:57:27.086		0.94624			4
2025.01.28	00:57:32.188		0.94625			4
2025.01.28	00:57:33.731		0.94624			4
2025.01.28	00:57:38.933	0.94566	0.94613			6
2025.01.28	00:57:39.233		0.94604			4
2025.01.28	00:57:39.543	0.94567	0.94606			6
2025.01.28	00:57:39.918	0.94568				2
2025.01.28	00:57:41.043	0.94565				2
2025.01.28	00:57:43.591	0.94564	0.94607			6
2025.01.28	00:57:46.113	0.94563				2
2025.01.28	00:57:47.789		0.94608			4
2025.01.28	00:57:48.609	0.94564	0.94605			6
2025.01.28	00:57:49.111	0.94565	0.94604			6
2025.01.28	00:57:49.587	0.94564				2
2025.01.28	00:57:50.398	0.94561	0.94600			6
2025.01.28	00:57:52.518	0.94562				2
2025.01.28	00:57:53.197	0.94561				2
2025.01.28	00:58:00.504	0.94561				2
2025.01.28	00:58:02.387	0.94573	0.94595			6
2025.01.28	00:58:02.753	0.94577	0.94592			6
2025.01.28	00:58:04.330		0.94593			4
2025.01.28	00:58:10.520		0.94594			4
2025.01.28	00:58:10.888		0.94595			4
2025.01.28	00:58:20.143		0.94596			4
2025.01.28	00:58:22.546		0.94597			4
2025.01.28	00:58:23.775	0.94560	0.94595			6
2025.01.28	00:58:24.359	0.94561				2
2025.01.28	00:58:25.591		0.94594			4
2025.01.28	00:58:26.787		0.94595			4
2025.01.28	00:58:27.725		0.94597			4
2025.01.28	00:58:30.828		0.94630			4
2025.01.28	00:58:33.981	0.94563	0.94648			6
2025.01.28	00:58:34.332	0.94573	0.94640			6
2025.01.28	00:58:45.991		0.94643			4
2025.01.28	00:58:49.094	0.94581	0.94647			6
2025.01.28	00:59:00.089	0.94581				2
2025.01.28	00:59:08.562	0.94580	0.94655			6
2025.01.28	00:59:09.877	0.94581	0.94647			6
2025.01.28	00:59:30.683	0.94557	0.94656			6
2025.01.28	00:59:30.995		0.94655			4
2025.01.28	00:59:31.388	0.94581	0.94648			6
2025.01.28	01:00:00.087	0.94581				2
2025.01.28	01:00:00.389	0.94576	0.94640			6
2025.01.28	01:00:00.707	0.94570	0.94639			6
2025.01.28	01:00:01.022		0.94636			4
2025.01.28	01:00:01.330	0.94569	0.94637			6
2025.01.28	01:00:02.022	0.94565	0.94641			6
2025.01.28	01:00:02.324	0.94588	0.94643			6
2025.01.28	01:00:02.625	0.94589				2
2025.01.28	01:00:03.534	0.94590	0.94644			6
2025.01.28	01:00:03.837	0.94594	0.94648			6
2025.01.28	01:00:04.442	0.94565	0.94642			6
2025.01.28	01:00:05.380	0.94564	0.94644			6
2025.01.28	01:00:06.106	0.94563	0.94646			6
2025.01.28	01:00:06.657	0.94562				2
2025.01.28	01:00:07.944	0.94561	0.94648			6
2025.01.28	01:00:08.702	0.94562	0.94646			6
2025.01.28	01:00:09.688	0.94563	0.94645			6
2025.01.28	01:00:10.292	0.94565	0.94643			6
2025.01.28	01:00:10.601	0.94566	0.94644			6
2025.01.28	01:00:10.965	0.94565				2
2025.01.28	01:00:11.339	0.94568	0.94642			6
2025.01.28	01:00:11.746	0.94569	0.94641			6
2025.01.28	01:00:13.336	0.94570	0.94638			6
2025.01.28	01:00:13.821	0.94567	0.94640			6
2025.01.28	01:00:14.164	0.94568	0.94639			6
2025.01.28	01:00:14.976	0.94570	0.94637			6
2025.01.28	01:00:15.284		0.94638			4
2025.01.28	01:00:15.586	0.94575	0.94632			6
2025.01.28	01:00:15.965	0.94574	0.94633			6
2025.01.28	01:00:16.691	0.94568	0.94639			6
2025.01.28	01:00:17.277	0.94574	0.94634			6
2025.01.28	01:00:18.086	0.94575	0.94633			6
2025.01.28	01:00:18.460	0.94573	0.94635			6
2025.01.28	01:00:18.813		0.94634			4
2025.01.28	01:00:19.123		0.94636			4
2025.01.28	01:00:19.424	0.94569	0.94637			6
2025.01.28	01:00:20.570	0.94568	0.94638			6
2025.01.28	01:00:20.958	0.94571	0.94635			6
2025.01.28	01:00:21.263	0.94567	0.94639			6
2025.01.28	01:00:21.635	0.94568	0.94638			6
2025.01.28	01:00:21.997	0.94569	0.94636			6
2025.01.28	01:00:22.301		0.94633			4
2025.01.28	01:00:22.972	0.94573				2
2025.01.28	01:00:23.342	0.94569				2
2025.01.28	01:00:25.888	0.94570				2
2025.01.28	01:00:26.496	0.94569				2
2025.01.28	01:00:27.058	0.94570				2
2025.01.28	01:00:27.686	0.94569				2
2025.01.28	01:00:31.023	0.94585	0.94629			6
2025.01.28	01:00:31.436	0.94586				2
2025.01.28	01:00:32.416	0.94582	0.94622			6
2025.01.28	01:00:34.204	0.94581	0.94620			6
2025.01.28	01:00:34.640		0.94632			4
2025.01.28	01:00:35.320	0.94572	0.94627			6
2025.01.28	01:00:35.651	0.94571	0.94629			6
2025.01.28	01:00:35.961		0.94632			4
2025.01.28	01:00:36.278	0.94577	0.94623			6
2025.01.28	01:00:41.176	0.94586	0.94630			6
2025.01.28	01:00:42.654	0.94578	0.94622			6
2025.01.28	01:00:43.732	0.94577	0.94621			6
2025.01.28	01:00:44.403	0.94576				2
2025.01.28	01:00:44.720	0.94577				2
2025.01.28	01:00:45.689	0.94578				2
2025.01.28	01:00:46.003		0.94622			4
2025.01.28	01:00:46.925	0.94577	0.94621			6
2025.01.28	01:00:48.088	0.94576	0.94619			6
2025.01.28	01:00:48.707	0.94575				2
2025.01.28	01:00:49.851	0.94574	0.94617			6
2025.01.28	01:00:50.208		0.94618			4
2025.01.28	01:00:51.991		0.94624			4
2025.01.28	01:00:53.283		0.94620			4
2025.01.28	01:00:54.937	0.94572	0.94619			6
2025.01.28	01:00:56.794	0.94575	0.94624			6
2025.01.28	01:01:00.315	0.94575				2
2025.01.28	01:01:00.825	0.94572				2
2025.01.28	01:01:01.167	0.94574				2
2025.01.28	01:01:01.636	0.94575				2
2025.01.28	01:01:02.079	0.94577				2
2025.01.28	01:01:02.788	0.94579				2
2025.01.28	01:01:03.099	0.94574				2
2025.01.28	01:01:03.632	0.94578	0.94622			6
2025.01.28	01:01:03.989	0.94577	0.94621			6
2025.01.28	01:01:05.610	0.94578	0.94622			6
2025.01.28	01:01:06.626	0.94577				2
2025.01.28	01:01:08.100	0.94578	0.94620			6
2025.01.28	01:01:08.948	0.94575	0.94623			6
2025.01.28	01:01:09.250		0.94622			4
2025.01.28	01:01:09.983		0.94624			4
2025.01.28	01:01:10.299	0.94574				2
2025.01.28	01:01:12.391	0.94575	0.94622			6
2025.01.28	01:01:12.833		0.94621			4
2025.01.28	01:01:13.672	0.94573				2
2025.01.28	01:01:15.380	0.94576				2
2025.01.28	01:01:15.688	0.94573				2
2025.01.28	01:01:16.122	0.94579				2
2025.01.28	01:01:16.632	0.94578				2
2025.01.28	01:01:17.712	0.94579	0.94620			6
2025.01.28	01:01:18.614	0.94584	0.94625			6
2025.01.28	01:01:20.093	0.94581	0.94620			6
2025.01.28	01:01:20.412	0.94579	0.94622			6
2025.01.28	01:01:20.731	0.94587	0.94625			6
2025.01.28	01:01:21.042	0.94578	0.94624			6
2025.01.28	01:01:21.373	0.94579	0.94625			6
2025.01.28	01:01:22.052	0.94582	0.94621			6
2025.01.28	01:01:22.355	0.94578	0.94623			6
2025.01.28	01:01:22.989	0.94579				2
2025.01.28	01:01:23.940	0.94582	0.94619			6
2025.01.28	01:01:25.353	0.94579	0.94620			6
2025.01.28	01:01:28.288	0.94578	0.94618			6
2025.01.28	01:01:31.749	0.94579				2
2025.01.28	01:01:32.107	0.94578				2
2025.01.28	01:01:34.289	0.94579				2
2025.01.28	01:01:34.681	0.94581				2
2025.01.28	01:01:35.005	0.94577				2
2025.01.28	01:01:39.907		0.94615			4
2025.01.28	01:01:43.904	0.94578				2
2025.01.28	01:01:44.486	0.94577				2
2025.01.28	01:01:44.901	0.94578				2
2025.01.28	01:01:46.917		0.94616			4
2025.01.28	01:01:47.669		0.94614			4
2025.01.28	01:01:48.351	0.94577				2
2025.01.28	01:01:48.681	0.94574				2
2025.01.28	01:01:49.024		0.94613			4
2025.01.28	01:01:51.351	0.94572	0.94611			6
2025.01.28	01:01:51.657		0.94610			4
2025.01.28	01:01:52.001		0.94609			4
2025.01.28	01:01:53.164	0.94570	0.94598			6
2025.01.28	01:01:53.484		0.94599			4
2025.01.28	01:01:53.790		0.94598			4
2025.01.28	01:01:54.102		0.94600			4
2025.01.28	01:01:54.486	0.94574				2
2025.01.28	01:01:54.790		0.94601			4
2025.01.28	01:01:55.212		0.94600			4
2025.01.28	01:01:57.364	0.94577	0.94611			6
2025.01.28	01:01:57.727	0.94578				2
2025.01.28	01:02:00.079	0.94578				2
2025.01.28	01:02:03.130	0.94577	0.94609			6
2025.01.28	01:02:03.510	0.94574				2
2025.01.28	01:02:04.341	0.94571	0.94599			6
2025.01.28	01:02:05.467		0.94601			4
2025.01.28	01:02:06.062		0.94603			4
2025.01.28	01:02:07.287	0.94569				2
2025.01.28	01:02:08.043	0.94575	0.94601			6
2025.01.28	01:02:08.386		0.94603			4
2025.01.28	01:02:10.019		0.94604			4
2025.01.28	01:02:10.905		0.94605			4
2025.01.28	01:02:11.428		0.94604			4
2025.01.28	01:02:14.979		0.94607			4
2025.01.28	01:02:17.513		0.94603			4
2025.01.28	01:02:20.736	0.94576	0.94607			6
2025.01.28	01:02:24.387		0.94608			4
2025.01.28	01:02:25.289	0.94578	0.94609			6
2025.01.28	01:02:26.343	0.94588	0.94614			6
2025.01.28	01:02:28.450	0.94579	0.94609			6
2025.01.28	01:02:28.756		0.94603			4
2025.01.28	01:02:29.100		0.94601			4
2025.01.28	01:02:29.404	0.94580	0.94606			6
2025.01.28	01:02:29.711	0.94588				2
2025.01.28	01:02:30.024	0.94580	0.94605			6
2025.01.28	01:02:30.377		0.94606			4
2025.01.28	01:02:30.707		0.94607			4
2025.01.28	01:02:31.023	0.94579				2
2025.01.28	01:02:32.302	0.94580	0.94608			6
2025.01.28	01:02:35.858		0.94607			4
2025.01.28	01:02:36.163	0.94579	0.94606			6
2025.01.28	01:02:36.492	0.94580	0.94607			6
2025.01.28	01:02:37.157	0.94581	0.94608			6
2025.01.28	01:02:39.088		0.94609			4
2025.01.28	01:02:40.384	0.94585	0.94612			6
2025.01.28	01:02:40.812	0.94588	0.94615			6
2025.01.28	01:02:42.387	0.94589				2
2025.01.28	01:02:42.991	0.94590				2
2025.01.28	01:02:53.219	0.94589				2
2025.01.28	01:02:56.489	0.94590				2
2025.01.28	01:03:00.089	0.94590				2
2025.01.28	01:03:10.999	0.94584	0.94607			6
2025.01.28	01:03:12.070		0.94606			4
2025.01.28	01:03:12.387		0.94610			4
2025.01.28	01:03:13.537	0.94585				2
2025.01.28	01:03:15.165	0.94595	0.94603			6
2025.01.28	01:03:16.073	0.94594	0.94601			6
2025.01.28	01:03:16.680	0.94595	0.94603			6
2025.01.28	01:03:16.980		0.94602			4
2025.01.28	01:03:17.285	0.94586	0.94611			6
2025.01.28	01:03:18.950		0.94612			4
2025.01.28	01:03:20.395		0.94611			4
2025.01.28	01:03:28.324	0.94587	0.94612			6
2025.01.28	01:03:31.889	0.94588				2
2025.01.28	01:03:34.755	0.94591	0.94617			6
2025.01.28	01:03:35.882	0.94600	0.94624			6
2025.01.28	01:03:36.187	0.94599				2
2025.01.28	01:03:36.493		0.94622			4
2025.01.28	01:03:36.806	0.94592				2
2025.01.28	01:03:37.148	0.94595	0.94625			6
2025.01.28	01:03:38.539	0.94581	0.94605			6
2025.01.28	01:03:38.846		0.94604			4
2025.01.28	01:03:39.164	0.94576	0.94605			6
2025.01.28	01:03:39.501	0.94583	0.94607			6
2025.01.28	01:03:41.191	0.94585	0.94609			6
2025.01.28	01:03:44.301	0.94584	0.94608			6
2025.01.28	01:03:46.853		0.94605			4
2025.01.28	01:03:47.161		0.94603			4
2025.01.28	01:03:49.889	0.94583	0.94606			6
2025.01.28	01:03:52.422	0.94584	0.94604			6
2025.01.28	01:03:52.958	0.94585	0.94610			6
2025.01.28	01:03:53.488	0.94587	0.94611			6
2025.01.28	01:03:55.141	0.94588				2
2025.01.28	01:03:55.634	0.94589	0.94614			6
2025.01.28	01:03:57.187	0.94592	0.94616			6
2025.01.28	01:03:57.517	0.94595	0.94618			6
2025.01.28	01:03:58.773	0.94597	0.94621			6
2025.01.28	01:03:59.106	0.94598				2
2025.01.28	01:04:00.009	0.94598	0.94620			6
2025.01.28	01:04:00.374		0.94621			4
2025.01.28	01:04:00.943		0.94622			4
2025.01.28	01:04:01.401		0.94620			4
2025.01.28	01:04:01.704	0.94597				2
2025.01.28	01:04:04.866		0.94619			4
2025.01.28	01:04:07.116		0.94618			4
2025.01.28	01:04:08.195	0.94598	0.94619			6
2025.01.28	01:04:08.730	0.94594	0.94615			6
2025.01.28	01:04:11.453		0.94614			4
2025.01.28	01:04:11.763	0.94589	0.94611			6
2025.01.28	01:04:12.386		0.94612			4
2025.01.28	01:04:15.355	0.94594	0.94614			6
2025.01.28	01:04:16.399		0.94617			4
2025.01.28	01:04:17.217		0.94615			4
2025.01.28	01:04:20.392	0.94588	0.94609			6
2025.01.28	01:04:20.825		0.94608			4
2025.01.28	01:04:21.531		0.94609			4
2025.01.28	01:04:22.223		0.94608			4
2025.01.28	01:04:22.888	0.94589				2
2025.01.28	01:04:25.486		0.94607			4
2025.01.28	01:04:29.851		0.94608			4
2025.01.28	01:04:33.729		0.94606			4
2025.01.28	01:04:49.928		0.94611			4
2025.01.28	01:04:50.677		0.94606			4
2025.01.28	01:04:51.618		0.94605			4
2025.01.28	01:04:56.756	0.94587	0.94608			6
2025.01.28	01:04:57.101	0.94583	0.94607			6
2025.01.28	01:04:57.410	0.94585	0.94606			6
2025.01.28	01:04:58.003	0.94584	0.94603			6
2025.01.28	01:04:58.352		0.94604			4
2025.01.28	01:05:00.378	0.94583	0.94600			6
2025.01.28	01:05:00.989	0.94584				2
2025.01.28	01:05:02.451	0.94583	0.94601			6
2025.01.28	01:05:03.085		0.94603			4
2025.01.28	01:05:04.173		0.94599			4
2025.01.28	01:05:04.924	0.94582	0.94598			6
2025.01.28	01:05:07.111		0.94605			4
2025.01.28	01:05:07.588		0.94599			4
2025.01.28	01:05:09.687	0.94583				2
2025.01.28	01:05:11.175	0.94578				2
2025.01.28	01:05:12.351	0.94579				2
2025.01.28	01:05:13.149	0.94582				2
2025.01.28	01:05:18.351		0.94604			4
2025.01.28	01:05:19.099		0.94599			4
2025.01.28	01:05:23.365	0.94590	0.94607			6
2025.01.28	01:05:23.737	0.94592	0.94608			6
2025.01.28	01:05:24.716	0.94590				2
2025.01.28	01:05:26.862		0.94607			4
2025.01.28	01:05:29.123	0.94594	0.94611			6
2025.01.28	01:05:29.757		0.94612			4
2025.01.28	01:05:30.064	0.94590	0.94614			6
2025.01.28	01:05:30.369	0.94596	0.94613			6
2025.01.28	01:05:32.632	0.94595	0.94614			6
2025.01.28	01:05:32.949	0.94594	0.94611			6
2025.01.28	01:05:35.669	0.94595	0.94612			6
2025.01.28	01:05:36.046		0.94613			4
2025.01.28	01:05:38.304	0.94597	0.94622			6
2025.01.28	01:05:38.647	0.94599				2
2025.01.28	01:05:39.483		0.94623			4
2025.01.28	01:05:40.998		0.94622			4
2025.01.28	01:05:45.621	0.94598	0.94618			6
2025.01.28	01:05:47.047	0.94589	0.94609			6
2025.01.28	01:05:47.786	0.94588				2
2025.01.28	01:05:49.041	0.94586	0.94604			6
2025.01.28	01:05:50.368	0.94579	0.94600			6
2025.01.28	01:05:50.684	0.94578	0.94597			6
2025.01.28	01:05:55.291	0.94581	0.94601			6
2025.01.28	01:05:58.327	0.94582				2
2025.01.28	01:06:00.355	0.94582				2
2025.01.28	01:06:02.925		0.94600			4
2025.01.28	01:06:03.687	0.94585	0.94607			6
2025.01.28	01:06:03.991	0.94587				2
2025.01.28	01:06:06.087	0.94586	0.94606			6
2025.01.28	01:06:14.358	0.94590	0.94600			6
2025.01.28	01:06:15.313	0.94591	0.94599			6
2025.01.28	01:06:16.521	0.94588	0.94608			6
2025.01.28	01:06:16.823	0.94587	0.94605			6
2025.01.28	01:06:17.306		0.94607			4
2025.01.28	01:06:18.087	0.94586				2
2025.01.28	01:06:20.791	0.94587				2
2025.01.28	01:06:26.788	0.94586				2
2025.01.28	01:06:27.702		0.94606			4
2025.01.28	01:06:29.629		0.94607			4
2025.01.28	01:06:31.588	0.94587				2
2025.01.28	01:06:42.092	0.94586				2
2025.01.28	01:06:47.787	0.94587				2
2025.01.28	01:06:52.576		0.94608			4
2025.01.28	01:06:54.688	0.94586				2
2025.01.28	01:06:59.273	0.94588	0.94610			6
2025.01.28	01:06:59.610		0.94609			4
2025.01.28	01:07:02.354	0.94588				2
2025.01.28	01:07:07.946	0.94586	0.94606			6
2025.01.28	01:07:08.267		0.94605			4
2025.01.28	01:07:10.181		0.94604			4
2025.01.28	01:07:10.593	0.94585				2
2025.01.28	01:07:12.620	0.94586	0.94607			6
2025.01.28	01:07:14.321	0.94584	0.94606			6
2025.01.28	01:07:14.745		0.94605			4
2025.01.28	01:07:15.090	0.94585				2
2025.01.28	01:07:16.513	0.94586	0.94606			6
2025.01.28	01:07:16.887	0.94585				2
2025.01.28	01:07:18.952		0.94605			4
2025.01.28	01:07:23.006	0.94584	0.94599			6
2025.01.28	01:07:23.324		0.94598			4
2025.01.28	01:07:23.979		0.94599			4
2025.01.28	01:07:24.860		0.94600			4
2025.01.28	01:07:25.803		0.94601			4
2025.01.28	01:07:31.593		0.94602			4
2025.01.28	01:07:34.030		0.94603			4
2025.01.28	01:07:35.818		0.94604			4
2025.01.28	01:07:36.131	0.94583	0.94602			6
2025.01.28	01:07:36.504	0.94582	0.94603			6
2025.01.28	01:07:38.251		0.94602			4
2025.01.28	01:07:38.787		0.94603			4
2025.01.28	01:07:40.082		0.94602			4
2025.01.28	01:07:40.678		0.94601			4
2025.01.28	01:07:41.615		0.94602			4
2025.01.28	01:07:43.035		0.94603			4
2025.01.28	01:07:44.788	0.94583				2
2025.01.28	01:07:45.716		0.94602			4
2025.01.28	01:07:52.845		0.94603			4
2025.01.28	01:08:00.678	0.94583				2
2025.01.28	01:08:12.087		0.94602			4
2025.01.28	01:08:17.803	0.94581	0.94597			6
2025.01.28	01:08:18.111	0.94574	0.94589			6
2025.01.28	01:08:18.464	0.94573				2
2025.01.28	01:08:18.937	0.94572				2
2025.01.28	01:08:20.991	0.94574	0.94593			6
2025.01.28	01:08:21.293	0.94575	0.94590			6
2025.01.28	01:08:21.603	0.94574	0.94589			6
2025.01.28	01:08:30.773		0.94592			4
2025.01.28	01:08:31.101		0.94595			4
2025.01.28	01:08:32.197	0.94575				2
2025.01.28	01:08:36.566	0.94577	0.94597			6
2025.01.28	01:08:36.990	0.94579	0.94598			6
2025.01.28	01:08:41.790		0.94599			4
2025.01.28	01:08:47.134		0.94598			4
2025.01.28	01:08:47.487	0.94577	0.94597			6
2025.01.28	01:08:55.476	0.94575	0.94592			6
2025.01.28	01:08:56.901	0.94574	0.94595			6
2025.01.28	01:08:57.491		0.94592			4
2025.01.28	01:08:58.588	0.94576	0.94593			6
2025.01.28	01:09:00.358	0.94576				2
2025.01.28	01:09:01.408	0.94571	0.94584			6
2025.01.28	01:09:02.349	0.94573				2
2025.01.28	01:09:03.921		0.94588			4
2025.01.28	01:09:08.142		0.94589			4
2025.01.28	01:09:09.988	0.94574	0.94591			6
2025.01.28	01:09:14.188		0.94594			4
2025.01.28	01:09:15.240	0.94576	0.94593			6
2025.01.28	01:09:18.215		0.94594			4
2025.01.28	01:09:19.069	0.94577	0.94596			6
2025.01.28	01:09:19.453	0.94582				2
2025.01.28	01:09:23.675		0.94595			4
2025.01.28	01:09:24.109	0.94581				2
2025.01.28	01:09:26.260	0.94580				2
2025.01.28	01:09:28.261	0.94581				2
2025.01.28	01:09:30.063		0.94596			4
2025.01.28	01:09:31.170		0.94595			4
2025.01.28	01:09:32.775	0.94582	0.94598			6
2025.01.28	01:09:33.104	0.94584	0.94602			6
2025.01.28	01:09:35.352	0.94582	0.94600			6
2025.01.28	01:09:35.713	0.94583				2
2025.01.28	01:09:36.101	0.94582	0.94597			6
2025.01.28	01:09:38.824		0.94599			4
2025.01.28	01:09:39.516	0.94579	0.94596			6
2025.01.28	01:09:40.154		0.94594			4
2025.01.28	01:09:41.610	0.94576	0.94590			6
2025.01.28	01:09:42.034		0.94591			4
2025.01.28	01:09:44.737	0.94575	0.94593			6
2025.01.28	01:09:45.050		0.94592			4
2025.01.28	01:09:45.961		0.94590			4
2025.01.28	01:09:48.692		0.94593			4
2025.01.28	01:09:52.777		0.94591			4
2025.01.28	01:09:53.187		0.94592			4
2025.01.28	01:09:54.986		0.94591			4
2025.01.28	01:09:55.972		0.94594			4
2025.01.28	01:09:56.319	0.94576				2
2025.01.28	01:09:58.351	0.94575	0.94593			6
2025.01.28	01:09:58.740	0.94574	0.94594			6
2025.01.28	01:09:59.487	0.94573				2
2025.01.28	01:10:00.377	0.94574	0.94593			6
2025.01.28	01:10:01.211		0.94591			4
2025.01.28	01:10:01.561	0.94575	0.94593			6
2025.01.28	01:10:03.631	0.94574				2
2025.01.28	01:10:03.959	0.94573	0.94594			6
2025.01.28	01:10:04.277	0.94571	0.94592			6
2025.01.28	01:10:05.796	0.94575	0.94593			6
2025.01.28	01:10:06.879	0.94574				2
2025.01.28	01:10:09.092		0.94594			4
2025.01.28	01:10:09.964	0.94575	0.94593			6
2025.01.28	01:10:13.056	0.94574	0.94592			6
2025.01.28	01:10:17.761	0.94572				2
2025.01.28	01:10:18.065		0.94590			4
2025.01.28	01:10:18.550	0.94571	0.94591			6
2025.01.28	01:10:19.235		0.94587			4
2025.01.28	01:10:19.843	0.94569				2
2025.01.28	01:10:20.147		0.94588			4
2025.01.28	01:10:20.501		0.94582			4
2025.01.28	01:10:22.409		0.94587			4
2025.01.28	01:10:22.734		0.94584			4
2025.01.28	01:10:26.021		0.94585			4
2025.01.28	01:10:26.323		0.94587			4
2025.01.28	01:10:26.634		0.94586			4
2025.01.28	01:10:27.017	0.94564	0.94582			6
2025.01.28	01:10:27.346	0.94563	0.94583			6
2025.01.28	01:10:28.241		0.94584			4
2025.01.28	01:10:28.992		0.94581			4
2025.01.28	01:10:29.306	0.94561				2
2025.01.28	01:10:29.873		0.94579			4
2025.01.28	01:10:33.399	0.94562				2
2025.01.28	01:10:34.550	0.94561				2
2025.01.28	01:10:35.394	0.94562				2
2025.01.28	01:10:35.698	0.94561	0.94580			6
2025.01.28	01:10:37.783		0.94578			4
2025.01.28	01:10:38.151	0.94559	0.94581			6
2025.01.28	01:10:41.678	0.94560				2
2025.01.28	01:10:44.275		0.94579			4
2025.01.28	01:10:48.081	0.94562	0.94582			6
2025.01.28	01:10:48.421	0.94561	0.94581			6
2025.01.28	01:10:54.157	0.94560	0.94578			6
2025.01.28	01:10:54.489		0.94579			4
2025.01.28	01:10:55.693	0.94561				2
2025.01.28	01:10:57.281	0.94560				2
2025.01.28	01:10:57.651	0.94561	0.94577			6
2025.01.28	01:10:57.966		0.94576			4
2025.01.28	01:10:58.692	0.94560	0.94575			6
2025.01.28	01:10:59.526	0.94561	0.94577			6
2025.01.28	01:11:00.287	0.94561				2
2025.01.28	01:11:01.290		0.94575			4
2025.01.28	01:11:05.108		0.94576			4
2025.01.28	01:11:15.974	0.94562	0.94579			6
2025.01.28	01:11:17.943	0.94563	0.94578			6
2025.01.28	01:11:18.361	0.94561	0.94576			6
2025.01.28	01:11:18.663	0.94559	0.94571			6
2025.01.28	01:11:31.173	0.94561				2
2025.01.28	01:11:31.865	0.94560	0.94572			6
2025.01.28	01:11:32.183	0.94559	0.94569			6
2025.01.28	01:11:32.486		0.94570			4
2025.01.28	01:11:32.833	0.94557				2
2025.01.28	01:11:36.137		0.94571			4
2025.01.28	01:11:46.493		0.94570			4
2025.01.28	01:11:47.862	0.94561	0.94571			6
2025.01.28	01:11:48.708	0.94560				2
2025.01.28	01:11:50.390		0.94574			4
2025.01.28	01:11:50.711	0.94561	0.94572			6
2025.01.28	01:11:52.273		0.94571			4
2025.01.28	01:11:53.616		0.94572			4
2025.01.28	01:11:54.039		0.94574			4
2025.01.28	01:11:57.321	0.94558				2
2025.01.28	01:11:57.687	0.94557	0.94571			6
2025.01.28	01:12:00.526	0.94559				2
2025.01.28	01:12:00.840	0.94558				2
2025.01.28	01:12:01.784		0.94572			4
2025.01.28	01:12:03.387		0.94571			4
2025.01.28	01:12:04.581	0.94559	0.94570			6
2025.01.28	01:12:06.602	0.94551	0.94567			6
2025.01.28	01:12:08.186		0.94568			4
2025.01.28	01:12:09.306	0.94555	0.94570			6
2025.01.28	01:12:09.624		0.94569			4
2025.01.28	01:12:10.440	0.94554	0.94570			6
2025.01.28	01:12:12.690	0.94555	0.94569			6
2025.01.28	01:12:14.025	0.94552				2
2025.01.28	01:12:14.336		0.94567			4
2025.01.28	01:12:14.644		0.94569			4
2025.01.28	01:12:15.389	0.94555				2
2025.01.28	01:12:15.700	0.94554	0.94570			6
2025.01.28	01:12:16.780	0.94555	0.94569			6
2025.01.28	01:12:21.682	0.94553	0.94566			6
2025.01.28	01:12:21.989		0.94565			4
2025.01.28	01:12:24.987		0.94566			4
2025.01.28	01:12:26.113		0.94567			4
2025.01.28	01:12:28.410		0.94565			4
2025.01.28	01:12:34.830		0.94567			4
2025.01.28	01:12:36.019		0.94565			4
2025.01.28	01:12:36.692		0.94566			4
2025.01.28	01:12:38.679		0.94565			4
2025.01.28	01:12:39.688		0.94566			4
2025.01.28	01:12:40.167		0.94565			4
2025.01.28	01:12:44.827		0.94566			4
2025.01.28	01:12:47.186		0.94565			4
2025.01.28	01:12:48.067		0.94568			4
2025.01.28	01:12:48.386	0.94551	0.94563			6
2025.01.28	01:12:54.295	0.94550				2
2025.01.28	01:12:55.711	0.94551				2
2025.01.28	01:12:56.347	0.94553	0.94567			6
2025.01.28	01:13:01.177	0.94553				2
2025.01.28	01:13:03.074		0.94566			4
2025.01.28	01:13:04.379	0.94556	0.94569			6
2025.01.28	01:13:04.711	0.94557	0.94571			6
2025.01.28	01:13:05.753	0.94555	0.94570			6
2025.01.28	01:13:06.795	0.94556				2
2025.01.28	01:13:10.270	0.94563	0.94576			6
2025.01.28	01:13:10.586	0.94565	0.94577			6
2025.01.28	01:13:10.931		0.94578			4
2025.01.28	01:13:11.314	0.94564	0.94577			6
2025.01.28	01:13:12.275	0.94565	0.94578			6
2025.01.28	01:13:14.898	0.94562	0.94576			6
2025.01.28	01:13:16.028	0.94563				2
2025.01.28	01:13:16.405	0.94566	0.94579			6
2025.01.28	01:13:17.324	0.94567	0.94580			6
2025.01.28	01:13:18.131		0.94581			4
2025.01.28	01:13:18.446	0.94566	0.94583			6
2025.01.28	01:13:18.762	0.94567	0.94580			6
2025.01.28	01:13:19.316	0.94568	0.94581			6
2025.01.28	01:13:22.587	0.94567				2
2025.01.28	01:13:23.404	0.94566	0.94582			6
2025.01.28	01:13:24.886		0.94581			4
2025.01.28	01:13:25.586	0.94567				2
2025.01.28	01:13:26.303		0.94582			4
2025.01.28	01:13:26.699	0.94566	0.94584			6
2025.01.28	01:13:27.590	0.94573	0.94586			6
2025.01.28	01:13:28.330	0.94574				2
2025.01.28	01:13:29.250	0.94570	0.94584			6
2025.01.28	01:13:29.886	0.94568	0.94583			6
2025.01.28	01:13:31.576	0.94571	0.94586			6
2025.01.28	01:13:33.458	0.94569	0.94585			6
2025.01.28	01:13:34.696	0.94568	0.94584			6
2025.01.28	01:13:35.788	0.94572	0.94585			6
2025.01.28	01:13:38.176		0.94583			4
2025.01.28	01:13:38.487	0.94568				2
2025.01.28	01:13:39.386	0.94570	0.94585			6
2025.01.28	01:13:39.719	0.94569	0.94582			6
2025.01.28	01:13:40.022	0.94568	0.94581			6
2025.01.28	01:13:41.375	0.94567				2
2025.01.28	01:13:44.349	0.94566				2
2025.01.28	01:13:44.827	0.94565				2
2025.01.28	01:13:45.188	0.94566	0.94579			6
2025.01.28	01:13:46.651	0.94567				2
2025.01.28	01:13:46.974		0.94580			4
2025.01.28	01:13:47.283	0.94565				2
2025.01.28	01:13:48.986	0.94566				2
2025.01.28	01:13:52.430		0.94581			4
2025.01.28	01:13:53.298	0.94567				2
2025.01.28	01:13:58.588	0.94566				2
2025.01.28	01:13:59.589	0.94567	0.94579			6
2025.01.28	01:14:01.377	0.94566				2
2025.01.28	01:14:04.328	0.94564	0.94578			6
2025.01.28	01:14:09.773	0.94565	0.94579			6
2025.01.28	01:14:10.941	0.94560	0.94574			6
2025.01.28	01:14:11.245	0.94559	0.94571			6
2025.01.28	01:14:11.579	0.94561				2
2025.01.28	01:14:15.975	0.94559	0.94570			6
2025.01.28	01:14:18.349	0.94561	0.94571			6
2025.01.28	01:14:20.254		0.94570			4
2025.01.28	01:14:22.297	0.94560				2
2025.01.28	01:14:22.765		0.94569			4
2025.01.28	01:14:23.172	0.94561				2
2025.01.28	01:14:24.486		0.94572			4
2025.01.28	01:14:28.694		0.94574			4
2025.01.28	01:14:29.176		0.94572			4
2025.01.28	01:14:35.676	0.94562	0.94575			6
2025.01.28	01:14:40.519		0.94574			4
2025.01.28	01:14:41.045	0.94560	0.94572			6
2025.01.28	01:14:41.941	0.94561	0.94574			6
2025.01.28	01:14:42.947	0.94560	0.94572			6
2025.01.28	01:14:45.164	0.94562	0.94575			6
2025.01.28	01:14:46.773		0.94574			4
2025.01.28	01:14:47.407	0.94563	0.94576			6
2025.01.28	01:14:51.825	0.94561	0.94573			6
2025.01.28	01:14:57.577	0.94563	0.94575			6
2025.01.28	01:15:00.382	0.94563				2
2025.01.28	01:15:02.068		0.94576			4
2025.01.28	01:15:03.612	0.94562				2
2025.01.28	01:15:03.983	0.94563				2
2025.01.28	01:15:07.200	0.94564	0.94578			6
2025.01.28	01:15:07.795	0.94561	0.94575			6
2025.01.28	01:15:08.859	0.94563	0.94576			6
2025.01.28	01:15:09.162	0.94566	0.94580			6
2025.01.28	01:15:09.464	0.94567	0.94581			6
2025.01.28	01:15:13.631	0.94566	0.94580			6
2025.01.28	01:15:14.346		0.94581			4
2025.01.28	01:15:16.859	0.94565				2
2025.01.28	01:15:18.022	0.94566				2
2025.01.28	01:15:18.378	0.94563	0.94577			6
2025.01.28	01:15:18.685	0.94566	0.94579			6
2025.01.28	01:15:20.867	0.94564	0.94576			6
2025.01.28	01:15:23.085	0.94563				2
2025.01.28	01:15:24.108		0.94575			4
2025.01.28	01:15:25.474	0.94562	0.94576			6
2025.01.28	01:15:27.890		0.94575			4
2025.01.28	01:15:28.203	0.94563	0.94576			6
2025.01.28	01:15:30.907	0.94564	0.94577			6
2025.01.28	01:15:32.022	0.94562	0.94576			6
2025.01.28	01:15:36.919	0.94560	0.94573			6
2025.01.28	01:15:38.518	0.94559				2
2025.01.28	01:15:40.891	0.94560	0.94572			6
2025.01.28	01:15:50.089	0.94562	0.94576			6
2025.01.28	01:15:50.911	0.94561	0.94572			6
2025.01.28	01:15:53.940	0.94562	0.94574			6
2025.01.28	01:15:58.112	0.94563				2
2025.01.28	01:15:59.398	0.94561				2
2025.01.28	01:16:00.355	0.94561				2
2025.01.28	01:16:01.019	0.94562	0.94575			6
2025.01.28	01:16:01.576		0.94574			4
2025.01.28	01:16:02.662		0.94575			4
2025.01.28	01:16:03.667	0.94561	0.94574			6
2025.01.28	01:16:10.454	0.94562	0.94575			6
2025.01.28	01:16:12.258	0.94561				2
2025.01.28	01:16:12.588	0.94562				2
2025.01.28	01:16:20.637	0.94559	0.94572			6
2025.01.28	01:16:20.969		0.94571			4
2025.01.28	01:16:21.687	0.94560				2
2025.01.28	01:16:21.989		0.94570			4
2025.01.28	01:16:25.727	0.94555	0.94568			6
2025.01.28	01:16:29.937	0.94554	0.94566			6
2025.01.28	01:16:33.466	0.94551	0.94563			6
2025.01.28	01:16:33.785		0.94562			4
2025.01.28	01:16:34.398		0.94563			4
2025.01.28	01:16:35.440		0.94562			4
2025.01.28	01:16:35.742	0.94549				2
2025.01.28	01:16:37.827	0.94551				2
2025.01.28	01:16:43.066	0.94550	0.94561			6
2025.01.28	01:16:46.328	0.94549				2
2025.01.28	01:16:48.402	0.94551	0.94564			6
2025.01.28	01:16:49.586		0.94565			4
2025.01.28	01:16:50.693	0.94552				2
2025.01.28	01:16:52.381	0.94551				2
2025.01.28	01:16:54.359	0.94552				2
2025.01.28	01:16:55.371	0.94551				2
2025.01.28	01:16:57.319	0.94552				2
2025.01.28	01:17:00.544	0.94551	0.94563			6
2025.01.28	01:17:01.556	0.94552	0.94564			6
2025.01.28	01:17:03.455		0.94563			4
2025.01.28	01:17:04.901	0.94537	0.94547			6
2025.01.28	01:17:05.208	0.94535	0.94548			6
2025.01.28	01:17:05.527	0.94536	0.94547			6
2025.01.28	01:17:05.844	0.94534	0.94546			6
2025.01.28	01:17:07.469		0.94547			4
2025.01.28	01:17:09.245		0.94546			4
2025.01.28	01:17:09.562	0.94533	0.94544			6
2025.01.28	01:17:10.881	0.94532				2
2025.01.28	01:17:13.469	0.94515	0.94530			6
2025.01.28	01:17:13.794	0.94513	0.94528			6
2025.01.28	01:17:14.105	0.94515	0.94526			6
2025.01.28	01:17:14.900	0.94514	0.94528			6
2025.01.28	01:17:16.338	0.94516				2
2025.01.28	01:17:17.116	0.94515				2
2025.01.28	01:17:20.782	0.94517	0.94529			6
2025.01.28	01:17:21.421	0.94514	0.94530			6
2025.01.28	01:17:21.721	0.94513	0.94528			6
2025.01.28	01:17:22.341	0.94514				2
2025.01.28	01:17:24.282	0.94516	0.94527			6
2025.01.28	01:17:27.743	0.94514	0.94528			6
2025.01.28	01:17:31.105	0.94531	0.94546			6
2025.01.28	01:17:31.424	0.94534				2
2025.01.28	01:17:31.766		0.94547			4
2025.01.28	01:17:32.202	0.94528	0.94544			6
2025.01.28	01:17:32.786	0.94529	0.94543			6
2025.01.28	01:17:33.103		0.94542			4
2025.01.28	01:17:33.452	0.94531	0.94543			6
2025.01.28	01:17:34.323	0.94528	0.94542			6
2025.01.28	01:17:35.073	0.94529	0.94541			6
2025.01.28	01:17:35.496	0.94528				2
2025.01.28	01:17:35.803	0.94527				2
2025.01.28	01:17:36.181		0.94538			4
2025.01.28	01:17:36.734	0.94526				2
2025.01.28	01:17:39.363	0.94527				2
2025.01.28	01:17:41.262	0.94526				2
2025.01.28	01:17:41.835	0.94527				2
2025.01.28	01:17:42.146	0.94524				2
2025.01.28	01:17:42.454	0.94527	0.94539			6
2025.01.28	01:17:42.802	0.94526	0.94538			6
2025.01.28	01:17:45.326	0.94527				2
2025.01.28	01:17:48.377		0.94539			4
2025.01.28	01:17:49.832	0.94530	0.94541			6
2025.01.28	01:17:50.148	0.94528				2
2025.01.28	01:17:50.920	0.94529				2
2025.01.28	01:17:51.395		0.94540			4
2025.01.28	01:17:52.193	0.94532	0.94542			6
2025.01.28	01:17:52.600	0.94529	0.94541			6
2025.01.28	01:17:53.312	0.94533	0.94544			6
2025.01.28	01:17:53.634	0.94534	0.94546			6
2025.01.28	01:17:54.567	0.94533	0.94543			6
2025.01.28	01:17:54.883	0.94528	0.94541			6
2025.01.28	01:17:55.524		0.94542			4
2025.01.28	01:17:55.829	0.94531				2
2025.01.28	01:17:56.230	0.94527	0.94539			6
2025.01.28	01:17:57.064	0.94526				2
2025.01.28	01:17:59.098	0.94529	0.94540			6
2025.01.28	01:17:59.447	0.94528				2
2025.01.28	01:18:00.266	0.94528				2
2025.01.28	01:18:00.595	0.94527	0.94538			6
2025.01.28	01:18:00.907	0.94526	0.94537			6
2025.01.28	01:18:01.727		0.94538			4
2025.01.28	01:18:02.253	0.94513	0.94524			6
2025.01.28	01:18:02.566	0.94511	0.94521			6
2025.01.28	01:18:02.910	0.94509	0.94518			6
2025.01.28	01:18:03.224	0.94511	0.94523			6
2025.01.28	01:18:03.531	0.94514				2
2025.01.28	01:18:03.861		0.94524			4
2025.01.28	01:18:04.519		0.94525			4
2025.01.28	01:18:04.836	0.94516	0.94528			6
2025.01.28	01:18:06.513	0.94514	0.94525			6
2025.01.28	01:18:06.846	0.94511	0.94522			6
2025.01.28	01:18:07.167		0.94521			4
2025.01.28	01:18:07.785		0.94522			4
2025.01.28	01:18:08.107	0.94514	0.94525			6
2025.01.28	01:18:08.409	0.94515	0.94527			6
2025.01.28	01:18:08.835		0.94526			4
2025.01.28	01:18:09.199	0.94514	0.94525			6
2025.01.28	01:18:09.854		0.94526			4
2025.01.28	01:18:10.194		0.94525			4
2025.01.28	01:18:12.023	0.94512	0.94522			6
2025.01.28	01:18:12.663	0.94499	0.94512			6
2025.01.28	01:18:12.984	0.94501	0.94515			6
2025.01.28	01:18:13.289	0.94506	0.94517			6
2025.01.28	01:18:13.619	0.94512	0.94528			6
2025.01.28	01:18:13.923	0.94505	0.94522			6
2025.01.28	01:18:14.307	0.94512	0.94525			6
2025.01.28	01:18:14.623	0.94506	0.94522			6
2025.01.28	01:18:14.936	0.94515	0.94526			6
2025.01.28	01:18:15.255	0.94507	0.94518			6
2025.01.28	01:18:15.562	0.94508	0.94520			6
2025.01.28	01:18:15.877	0.94509				2
2025.01.28	01:18:16.676	0.94502	0.94513			6
2025.01.28	01:18:16.992	0.94503	0.94514			6
2025.01.28	01:18:18.062	0.94505	0.94516			6
2025.01.28	01:18:18.751	0.94504				2
2025.01.28	01:18:20.272	0.94503	0.94514			6
2025.01.28	01:18:22.104		0.94516			4
2025.01.28	01:18:22.421	0.94504	0.94515			6
2025.01.28	01:18:22.736	0.94511	0.94521			6
2025.01.28	01:18:23.106	0.94510	0.94522			6
2025.01.28	01:18:23.598	0.94509				2
2025.01.28	01:18:23.907	0.94511				2
2025.01.28	01:18:25.257	0.94508	0.94519			6
2025.01.28	01:18:26.849	0.94510	0.94520			6
2025.01.28	01:18:27.184	0.94511	0.94525			6
2025.01.28	01:18:27.507	0.94515	0.94527			6
2025.01.28	01:18:28.043	0.94508	0.94519			6
2025.01.28	01:18:28.428	0.94509	0.94520			6
2025.01.28	01:18:29.180	0.94507	0.94518			6
2025.01.28	01:18:29.701	0.94508	0.94519			6
2025.01.28	01:18:30.029	0.94505	0.94518			6
2025.01.28	01:18:30.344	0.94512	0.94526			6
2025.01.28	01:18:31.139		0.94525			4
2025.01.28	01:18:31.441	0.94511	0.94521			6
2025.01.28	01:18:31.743	0.94509				2
2025.01.28	01:18:32.458		0.94520			4
2025.01.28	01:18:33.141	0.94517	0.94529			6
2025.01.28	01:18:33.468	0.94515	0.94527			6
2025.01.28	01:18:33.784	0.94514				2
2025.01.28	01:18:34.088	0.94515	0.94528			6
2025.01.28	01:18:34.392	0.94516				2
2025.01.28	01:18:34.703	0.94517	0.94529			6
2025.01.28	01:18:35.062	0.94516				2
2025.01.28	01:18:37.877	0.94517	0.94528			6
2025.01.28	01:18:38.184		0.94529			4
2025.01.28	01:18:39.686	0.94514	0.94528			6
2025.01.28	01:18:40.004	0.94516	0.94527			6
2025.01.28	01:18:40.348	0.94515				2
2025.01.28	01:18:41.968	0.94513	0.94524			6
2025.01.28	01:18:42.623	0.94516	0.94527			6
2025.01.28	01:18:43.154		0.94528			4
2025.01.28	01:18:43.480	0.94515	0.94526			6
2025.01.28	01:18:43.787	0.94516	0.94527			6
2025.01.28	01:18:44.397	0.94515				2
2025.01.28	01:18:44.780	0.94516				2
2025.01.28	01:18:45.120	0.94515				2
2025.01.28	01:18:46.358	0.94519	0.94531			6
2025.01.28	01:18:46.661	0.94520				2
2025.01.28	01:18:47.472	0.94516	0.94529			6
2025.01.28	01:18:47.790	0.94517				2
2025.01.28	01:18:48.169	0.94519	0.94530			6
2025.01.28	01:18:49.304	0.94520	0.94531			6
2025.01.28	01:18:50.049	0.94519	0.94530			6
2025.01.28	01:18:50.364		0.94531			4
2025.01.28	01:18:50.918	0.94520	0.94532			6
2025.01.28	01:18:51.224	0.94513	0.94526			6
2025.01.28	01:18:52.081	0.94512				2
2025.01.28	01:18:53.372	0.94507	0.94521			6
2025.01.28	01:18:53.746	0.94506	0.94517			6
2025.01.28	01:18:54.107		0.94519			4
2025.01.28	01:18:54.416	0.94509	0.94522			6
2025.01.28	01:18:54.723	0.94506	0.94518			6
2025.01.28	01:18:55.341	0.94507				2
2025.01.28	01:18:55.961	0.94506				2
2025.01.28	01:18:56.282	0.94501	0.94513			6
2025.01.28	01:18:57.392	0.94502				2
2025.01.28	01:18:57.722	0.94501	0.94517			6
2025.01.28	01:18:58.039	0.94502	0.94511			6
2025.01.28	01:18:58.342	0.94500	0.94513			6
2025.01.28	01:19:00.351	0.94500				2
2025.01.28	01:19:01.391	0.94502	0.94511			6
2025.01.28	01:19:02.426	0.94499	0.94512			6
2025.01.28	01:19:03.472	0.94502	0.94513			6
2025.01.28	01:19:03.834		0.94514			4
2025.01.28	01:19:04.183		0.94510			4
2025.01.28	01:19:04.488	0.94499	0.94511			6
2025.01.28	01:19:04.875		0.94508			4
2025.01.28	01:19:05.196	0.94501	0.94509			6
2025.01.28	01:19:05.909		0.94510			4
2025.01.28	01:19:06.771	0.94495	0.94506			6
2025.01.28	01:19:07.127	0.94496	0.94508			6
2025.01.28	01:19:07.434	0.94500	0.94507			6
2025.01.28	01:19:08.117	0.94499	0.94512			6
2025.01.28	01:19:08.423	0.94500				2
2025.01.28	01:19:08.756	0.94502	0.94515			6
2025.01.28	01:19:09.382	0.94503				2
2025.01.28	01:19:10.086	0.94504				2
2025.01.28	01:19:10.403	0.94503				2
2025.01.28	01:19:10.735	0.94504	0.94516			6
2025.01.28	01:19:11.042	0.94503				2
2025.01.28	01:19:11.344	0.94504				2
2025.01.28	01:19:11.663	0.94501	0.94514			6
2025.01.28	01:19:13.264	0.94502				2
2025.01.28	01:19:13.571	0.94501				2
2025.01.28	01:19:14.693	0.94504	0.94516			6
2025.01.28	01:19:15.001	0.94506	0.94518			6
2025.01.28	01:19:16.716	0.94504	0.94516			6
2025.01.28	01:19:17.018		0.94515			4
2025.01.28	01:19:18.148		0.94517			4
2025.01.28	01:19:18.570		0.94516			4
2025.01.28	01:19:19.721	0.94505	0.94514			6
2025.01.28	01:19:20.026	0.94502				2
2025.01.28	01:19:21.064	0.94503				2
2025.01.28	01:19:22.166	0.94505	0.94517			6
2025.01.28	01:19:23.499	0.94503	0.94515			6
2025.01.28	01:19:24.460	0.94502	0.94514			6
2025.01.28	01:19:24.795	0.94506	0.94517			6
2025.01.28	01:19:25.589	0.94505	0.94516			6
2025.01.28	01:19:26.005		0.94517			4
2025.01.28	01:19:28.066	0.94506				2
2025.01.28	01:19:29.083	0.94505				2
2025.01.28	01:19:29.384	0.94508	0.94521			6
2025.01.28	01:19:29.800	0.94511				2
2025.01.28	01:19:30.104	0.94510	0.94522			6
2025.01.28	01:19:30.411	0.94511				2
2025.01.28	01:19:30.735	0.94506	0.94520			6
2025.01.28	01:19:31.052	0.94512	0.94522			6
2025.01.28	01:19:31.380	0.94513				2
2025.01.28	01:19:32.461		0.94524			4
2025.01.28	01:19:32.939	0.94511	0.94521			6
2025.01.28	01:19:33.307		0.94522			4
2025.01.28	01:19:34.776		0.94520			4
2025.01.28	01:19:35.445		0.94519			4
2025.01.28	01:19:36.398		0.94520			4
2025.01.28	01:19:38.059	0.94510				2
2025.01.28	01:19:39.190	0.94511	0.94518			6
2025.01.28	01:19:39.678	0.94508	0.94517			6
2025.01.28	01:19:39.984	0.94505	0.94514			6
2025.01.28	01:19:40.367	0.94504	0.94515			6
2025.01.28	01:19:40.674	0.94505	0.94516			6
2025.01.28	01:19:40.974	0.94507	0.94519			6
2025.01.28	01:19:41.703	0.94508				2
2025.01.28	01:19:44.214	0.94507				2
2025.01.28	01:19:44.952	0.94500	0.94513			6
2025.01.28	01:19:47.503	0.94502				2
2025.01.28	01:19:47.822	0.94501				2
2025.01.28	01:19:49.715	0.94505	0.94516			6
2025.01.28	01:19:50.027		0.94515			4
2025.01.28	01:19:50.408	0.94506	0.94517			6
2025.01.28	01:19:51.333	0.94505	0.94518			6
2025.01.28	01:19:51.673	0.94506				2
2025.01.28	01:19:52.721	0.94504	0.94515			6
2025.01.28	01:19:53.022	0.94503				2
2025.01.28	01:19:55.126	0.94506	0.94518			6
2025.01.28	01:19:55.427	0.94507				2
2025.01.28	01:19:55.744	0.94506				2
2025.01.28	01:19:56.487	0.94507				2
2025.01.28	01:19:57.990	0.94506				2
2025.01.28	01:19:59.113	0.94507				2
2025.01.28	01:20:00.329	0.94506				2
2025.01.28	01:20:01.374	0.94507	0.94519			6
2025.01.28	01:20:01.683		0.94520			4
2025.01.28	01:20:02.187	0.94508				2
2025.01.28	01:20:02.845	0.94507				2
2025.01.28	01:20:03.944	0.94506	0.94517			6
2025.01.28	01:20:04.250		0.94516			4
2025.01.28	01:20:04.564		0.94517			4
2025.01.28	01:20:05.423	0.94505				2
2025.01.28	01:20:08.063	0.94504	0.94514			6
2025.01.28	01:20:08.461	0.94505	0.94516			6
2025.01.28	01:20:10.737	0.94504	0.94515			6
2025.01.28	01:20:11.231		0.94516			4
2025.01.28	01:20:11.595	0.94505	0.94517			6
2025.01.28	01:20:17.911	0.94502	0.94513			6
2025.01.28	01:20:18.216	0.94501				2
2025.01.28	01:20:19.338	0.94504	0.94516			6
2025.01.28	01:20:20.534	0.94505	0.94517			6
2025.01.28	01:20:21.911		0.94515			4
2025.01.28	01:20:22.351		0.94517			4
2025.01.28	01:20:23.505	0.94506	0.94518			6
2025.01.28	01:20:23.807	0.94508	0.94520			6
2025.01.28	01:20:24.655	0.94507	0.94518			6
2025.01.28	01:20:24.963	0.94506				2
2025.01.28	01:20:25.457		0.94517			4
2025.01.28	01:20:25.881		0.94518			4
2025.01.28	01:20:27.016		0.94519			4
2025.01.28	01:20:30.107	0.94505				2
2025.01.28	01:20:30.467	0.94507	0.94518			6
2025.01.28	01:20:31.664		0.94519			4
2025.01.28	01:20:32.357		0.94518			4
2025.01.28	01:20:32.748	0.94505	0.94517			6
2025.01.28	01:20:33.454	0.94498	0.94510			6
2025.01.28	01:20:33.765	0.94501	0.94506			6
2025.01.28	01:20:34.084	0.94500	0.94508			6
2025.01.28	01:20:34.458	0.94501	0.94512			6
2025.01.28	01:20:34.766		0.94511			4
2025.01.28	01:20:35.147		0.94510			4
2025.01.28	01:20:35.481	0.94499	0.94508			6
2025.01.28	01:20:36.095		0.94509			4
2025.01.28	01:20:36.406	0.94501	0.94508			6
2025.01.28	01:20:37.160		0.94510			4
2025.01.28	01:20:37.513		0.94508			4
2025.01.28	01:20:37.889	0.94499				2
2025.01.28	01:20:40.679	0.94501				2
2025.01.28	01:20:41.111		0.94509			4
2025.01.28	01:20:41.425		0.94513			4
2025.01.28	01:20:44.164		0.94511			4
2025.01.28	01:20:44.470		0.94509			4
2025.01.28	01:20:45.192	0.94502	0.94512			6
2025.01.28	01:20:46.670	0.94501				2
2025.01.28	01:20:47.025	0.94502				2
2025.01.28	01:20:47.331	0.94501	0.94510			6
2025.01.28	01:20:47.976	0.94500	0.94507			6
2025.01.28	01:20:49.170	0.94499	0.94506			6
2025.01.28	01:20:49.556		0.94507			4
2025.01.28	01:20:50.520		0.94508			4
2025.01.28	01:20:51.585	0.94501				2
2025.01.28	01:20:51.887	0.94500	0.94505			6
2025.01.28	01:20:52.204		0.94513			4
2025.01.28	01:20:53.731		0.94512			4
2025.01.28	01:20:55.576		0.94509			4
2025.01.28	01:20:55.885		0.94510			4
2025.01.28	01:20:56.610	0.94501	0.94509			6
2025.01.28	01:20:56.910	0.94499	0.94508			6
2025.01.28	01:20:57.626	0.94501	0.94513			6
2025.01.28	01:20:58.628		0.94512			4
2025.01.28	01:20:59.797	0.94503	0.94516			6
2025.01.28	01:21:00.104	0.94503				2
2025.01.28	01:21:00.502	0.94502	0.94515			6
2025.01.28	01:21:00.863	0.94501	0.94513			6
2025.01.28	01:21:01.164		0.94512			4
2025.01.28	01:21:01.539		0.94510			4
2025.01.28	01:21:01.840		0.94513			4
2025.01.28	01:21:02.463		0.94514			4
2025.01.28	01:21:02.764	0.94502				2
2025.01.28	01:21:03.851	0.94501				2
2025.01.28	01:21:07.371	0.94502	0.94515			6
2025.01.28	01:21:08.666		0.94514			4
2025.01.28	01:21:09.242	0.94503	0.94515			6
2025.01.28	01:21:11.200	0.94502				2
2025.01.28	01:21:11.501		0.94517			4
2025.01.28	01:21:12.258		0.94516			4
2025.01.28	01:21:12.570		0.94517			4
2025.01.28	01:21:13.696		0.94516			4
2025.01.28	01:21:16.613		0.94515			4
2025.01.28	01:21:19.565	0.94501	0.94514			6
2025.01.28	01:21:20.416		0.94511			4
2025.01.28	01:21:21.088	0.94500	0.94509			6
2025.01.28	01:21:21.445	0.94501	0.94508			6
2025.01.28	01:21:22.439	0.94500	0.94507			6
2025.01.28	01:21:22.740		0.94508			4
2025.01.28	01:21:24.179		0.94509			4
2025.01.28	01:21:24.552		0.94506			4
2025.01.28	01:21:24.895		0.94507			4
2025.01.28	01:21:26.034		0.94506			4
2025.01.28	01:21:26.345	0.94492	0.94507			6
2025.01.28	01:21:26.659	0.94491	0.94502			6
2025.01.28	01:21:27.694	0.94489	0.94500			6
2025.01.28	01:21:28.034	0.94492	0.94503			6
2025.01.28	01:21:29.182		0.94504			4
2025.01.28	01:21:29.506		0.94503			4
2025.01.28	01:21:29.827	0.94497	0.94508			6
2025.01.28	01:21:30.191	0.94492	0.94504			6
2025.01.28	01:21:30.515	0.94493				2
2025.01.28	01:21:30.971	0.94492				2
2025.01.28	01:21:31.680	0.94493				2
2025.01.28	01:21:33.392	0.94492				2
2025.01.28	01:21:34.451	0.94491	0.94503			6
2025.01.28	01:21:35.229	0.94490	0.94502			6
2025.01.28	01:21:36.382		0.94503			4
2025.01.28	01:21:36.687	0.94492				2
2025.01.28	01:21:37.611		0.94504			4
2025.01.28	01:21:38.437	0.94490	0.94502			6
2025.01.28	01:21:39.722	0.94491	0.94504			6
2025.01.28	01:21:40.411		0.94503			4
2025.01.28	01:21:40.730	0.94492	0.94504			6
2025.01.28	01:21:41.453		0.94505			4
2025.01.28	01:21:41.781	0.94491	0.94504			6
2025.01.28	01:21:43.781	0.94490	0.94505			6
2025.01.28	01:21:44.869	0.94491	0.94504			6
2025.01.28	01:21:45.198	0.94492				2
2025.01.28	01:21:45.594	0.94491	0.94503			6
2025.01.28	01:21:46.066	0.94496	0.94508			6
2025.01.28	01:21:47.230	0.94497				2
2025.01.28	01:21:48.312	0.94496	0.94507			6
2025.01.28	01:21:49.497		0.94508			4
2025.01.28	01:21:50.407		0.94509			4
2025.01.28	01:21:50.748	0.94495	0.94507			6
2025.01.28	01:21:51.087	0.94494	0.94506			6
2025.01.28	01:21:51.640	0.94495	0.94507			6
2025.01.28	01:21:51.957	0.94490	0.94502			6
2025.01.28	01:21:52.353	0.94489				2
2025.01.28	01:21:52.856	0.94490				2
2025.01.28	01:21:53.210	0.94495	0.94506			6
2025.01.28	01:21:54.236	0.94494				2
2025.01.28	01:21:55.086	0.94489	0.94501			6
2025.01.28	01:21:55.388		0.94500			4
2025.01.28	01:21:56.351		0.94501			4
2025.01.28	01:21:56.695	0.94491	0.94502			6
2025.01.28	01:21:58.088	0.94495	0.94506			6
2025.01.28	01:22:01.151	0.94495				2
2025.01.28	01:22:02.527	0.94494				2
2025.01.28	01:22:03.394	0.94486	0.94500			6
2025.01.28	01:22:03.705	0.94487	0.94499			6
2025.01.28	01:22:04.053	0.94488	0.94502			6
2025.01.28	01:22:06.986	0.94489				2
2025.01.28	01:22:07.469	0.94490	0.94503			6
2025.01.28	01:22:08.001		0.94504			4
2025.01.28	01:22:08.702		0.94503			4
2025.01.28	01:22:09.415	0.94491				2
2025.01.28	01:22:09.725	0.94496	0.94508			6
2025.01.28	01:22:12.283		0.94507			4
2025.01.28	01:22:13.565	0.94490	0.94502			6
2025.01.28	01:22:14.749	0.94491				2
2025.01.28	01:22:15.501	0.94492	0.94505			6
2025.01.28	01:22:15.843	0.94491	0.94502			6
2025.01.28	01:22:16.779	0.94488	0.94500			6
2025.01.28	01:22:17.357		0.94499			4
2025.01.28	01:22:18.357	0.94487	0.94498			6
2025.01.28	01:22:19.396		0.94499			4
2025.01.28	01:22:21.457	0.94488	0.94501			6
2025.01.28	01:22:21.764	0.94490				2
2025.01.28	01:22:22.468	0.94489				2
2025.01.28	01:22:22.784	0.94488	0.94500			6
2025.01.28	01:22:24.211		0.94499			4
2025.01.28	01:22:24.689	0.94486	0.94498			6
2025.01.28	01:22:25.053		0.94497			4
2025.01.28	01:22:25.570	0.94488	0.94500			6
2025.01.28	01:22:25.884		0.94499			4
2025.01.28	01:22:26.213		0.94500			4
2025.01.28	01:22:26.728	0.94485	0.94496			6
2025.01.28	01:22:27.884	0.94486	0.94498			6
2025.01.28	01:22:29.049	0.94485				2
2025.01.28	01:22:29.801	0.94488	0.94500			6
2025.01.28	01:22:30.672	0.94485	0.94499			6
2025.01.28	01:22:30.977	0.94486	0.94498			6
2025.01.28	01:22:31.400	0.94483	0.94495			6
2025.01.28	01:22:32.353	0.94484				2
2025.01.28	01:22:33.307		0.94496			4
2025.01.28	01:22:34.578	0.94486	0.94497			6
2025.01.28	01:22:35.282	0.94482	0.94493			6
2025.01.28	01:22:35.583	0.94469	0.94483			6
2025.01.28	01:22:35.889	0.94467				2
2025.01.28	01:22:36.212	0.94465				2
2025.01.28	01:22:36.526	0.94467	0.94480			6
2025.01.28	01:22:36.861	0.94470	0.94486			6
2025.01.28	01:22:37.164	0.94471	0.94487			6
2025.01.28	01:22:37.828		0.94486			4
2025.01.28	01:22:38.168	0.94470	0.94485			6
2025.01.28	01:22:38.575	0.94471				2
2025.01.28	01:22:38.884	0.94472	0.94484			6
2025.01.28	01:22:39.196		0.94485			4
2025.01.28	01:22:39.576	0.94474				2
2025.01.28	01:22:40.643	0.94471	0.94488			6
2025.01.28	01:22:40.944		0.94483			4
2025.01.28	01:22:41.249	0.94468	0.94480			6
2025.01.28	01:22:41.564	0.94467	0.94481			6
2025.01.28	01:22:42.362	0.94469	0.94484			6
2025.01.28	01:22:43.167	0.94475	0.94489			6
2025.01.28	01:22:45.670	0.94478	0.94492			6
2025.01.28	01:22:45.980	0.94487	0.94501			6
2025.01.28	01:22:46.305	0.94486	0.94502			6
2025.01.28	01:22:46.609	0.94487				2
2025.01.28	01:22:47.121	0.94484	0.94499			6
2025.01.28	01:22:47.432	0.94485				2
2025.01.28	01:22:47.952	0.94486				2
2025.01.28	01:22:49.280	0.94478	0.94495			6
2025.01.28	01:22:49.611		0.94492			4
2025.01.28	01:22:49.938	0.94479	0.94493			6
2025.01.28	01:22:50.252	0.94478	0.94492			6
2025.01.28	01:22:50.588		0.94491			4
2025.01.28	01:22:51.708	0.94479	0.94492			6
2025.01.28	01:22:52.347	0.94475	0.94488			6
2025.01.28	01:22:52.681	0.94477	0.94489			6
2025.01.28	01:22:53.399	0.94478	0.94493			6
2025.01.28	01:22:54.973	0.94481				2
2025.01.28	01:22:55.294	0.94477	0.94492			6
2025.01.28	01:22:55.652	0.94476				2
2025.01.28	01:22:56.301	0.94477				2
2025.01.28	01:22:57.262	0.94478				2
2025.01.28	01:22:59.330		0.94489			4
2025.01.28	01:22:59.706	0.94477	0.94488			6
2025.01.28	01:23:00.044	0.94470	0.94485			6
2025.01.28	01:23:00.501	0.94466	0.94477			6
2025.01.28	01:23:00.807	0.94470	0.94479			6
2025.01.28	01:23:01.550	0.94467	0.94478			6
2025.01.28	01:23:02.164	0.94468	0.94479			6
2025.01.28	01:23:02.468	0.94467	0.94482			6
2025.01.28	01:23:03.547		0.94481			4
2025.01.28	01:23:03.937	0.94468	0.94480			6
2025.01.28	01:23:04.315		0.94481			4
2025.01.28	01:23:05.228		0.94480			4
2025.01.28	01:23:05.544		0.94482			4
2025.01.28	01:23:05.848	0.94469				2
2025.01.28	01:23:06.227	0.94472	0.94485			6
2025.01.28	01:23:06.544		0.94484			4
2025.01.28	01:23:06.846	0.94471	0.94483			6
2025.01.28	01:23:07.550	0.94469				2
2025.01.28	01:23:08.187	0.94466	0.94482			6
2025.01.28	01:23:08.562	0.94468	0.94480			6
2025.01.28	01:23:09.141	0.94469	0.94481			6
2025.01.28	01:23:09.462	0.94468	0.94482			6
2025.01.28	01:23:09.955	0.94469	0.94481			6
2025.01.28	01:23:10.263	0.94468	0.94482			6
2025.01.28	01:23:10.832	0.94467	0.94483			6
2025.01.28	01:23:11.241	0.94471	0.94486			6
2025.01.28	01:23:11.601	0.94473	0.94485			6
2025.01.28	01:23:11.909	0.94467	0.94484			6
2025.01.28	01:23:12.248		0.94478			4
2025.01.28	01:23:13.054	0.94466	0.94479			6
2025.01.28	01:23:14.748	0.94467	0.94481			6
2025.01.28	01:23:15.054	0.94468				2
2025.01.28	01:23:15.365		0.94482			4
2025.01.28	01:23:15.785	0.94466	0.94481			6
2025.01.28	01:23:16.104	0.94468				2
2025.01.28	01:23:16.785	0.94471	0.94482			6
2025.01.28	01:23:17.089	0.94470	0.94483			6
2025.01.28	01:23:17.486		0.94485			4
2025.01.28	01:23:17.853	0.94472	0.94486			6
2025.01.28	01:23:18.639	0.94477	0.94488			6
2025.01.28	01:23:18.944	0.94478	0.94489			6
2025.01.28	01:23:19.767	0.94479	0.94490			6
2025.01.28	01:23:20.101	0.94481	0.94494			6
2025.01.28	01:23:20.437	0.94479	0.94492			6
2025.01.28	01:23:20.751	0.94482	0.94494			6
2025.01.28	01:23:21.594	0.94480				2
2025.01.28	01:23:21.905	0.94479	0.94492			6
2025.01.28	01:23:22.207	0.94485	0.94497			6
2025.01.28	01:23:22.556	0.94481	0.94493			6
2025.01.28	01:23:22.863	0.94480				2
2025.01.28	01:23:23.189	0.94479	0.94492			6
2025.01.28	01:23:23.506	0.94481				2
2025.01.28	01:23:23.823	0.94480	0.94493			6
2025.01.28	01:23:24.794	0.94485	0.94500			6
2025.01.28	01:23:25.157	0.94486	0.94499			6
2025.01.28	01:23:25.868	0.94485	0.94500			6
2025.01.28	01:23:26.247		0.94499			4
2025.01.28	01:23:27.479	0.94483	0.94494			6
2025.01.28	01:23:28.314	0.94481	0.94493			6
2025.01.28	01:23:28.977		0.94492			4
2025.01.28	01:23:29.835	0.94479	0.94491			6
2025.01.28	01:23:30.681		0.94490			4
2025.01.28	01:23:31.011	0.94481	0.94492			6
2025.01.28	01:23:31.322	0.94479	0.94491			6
2025.01.28	01:23:32.196	0.94482	0.94493			6
2025.01.28	01:23:32.698	0.94485	0.94497			6
2025.01.28	01:23:33.089		0.94499			4
2025.01.28	01:23:33.924	0.94482	0.94494			6
2025.01.28	01:23:34.309	0.94481				2
2025.01.28	01:23:34.699	0.94482	0.94493			6
2025.01.28	01:23:35.253	0.94481	0.94494			6
2025.01.28	01:23:35.564	0.94480				2
2025.01.28	01:23:36.085	0.94482	0.94493			6
2025.01.28	01:23:36.412	0.94487	0.94499			6
2025.01.28	01:23:36.721	0.94484	0.94498			6
2025.01.28	01:23:37.057		0.94497			4
2025.01.28	01:23:37.365		0.94499			4
2025.01.28	01:23:37.695	0.94482	0.94497			6
2025.01.28	01:23:38.003		0.94493			4
2025.01.28	01:23:38.407	0.94480				2
2025.01.28	01:23:39.285		0.94491			4
2025.01.28	01:23:40.033		0.94492			4
2025.01.28	01:23:42.276	0.94481				2
2025.01.28	01:23:42.651	0.94482	0.94493			6
2025.01.28	01:23:43.737	0.94481	0.94492			6
2025.01.28	01:23:44.087	0.94480				2
2025.01.28	01:23:44.393		0.94491			4
2025.01.28	01:23:45.077		0.94492			4
2025.01.28	01:23:45.497		0.94491			4
2025.01.28	01:23:46.455		0.94492			4
2025.01.28	01:23:47.107	0.94477	0.94488			6
2025.01.28	01:23:47.430		0.94490			4
2025.01.28	01:23:47.792	0.94478				2
2025.01.28	01:23:48.109	0.94477	0.94489			6
2025.01.28	01:23:48.422	0.94479	0.94490			6
2025.01.28	01:23:48.774	0.94477				2
2025.01.28	01:23:49.633	0.94478				2
2025.01.28	01:23:50.411	0.94480	0.94491			6
2025.01.28	01:23:50.795	0.94479				2
2025.01.28	01:23:51.256		0.94490			4
2025.01.28	01:23:51.834	0.94480	0.94492			6
2025.01.28	01:23:52.224	0.94478				2
2025.01.28	01:23:53.290	0.94480				2
2025.01.28	01:23:54.429		0.94491			4
2025.01.28	01:23:56.851	0.94479				2
2025.01.28	01:23:57.165		0.94490			4
2025.01.28	01:23:57.507	0.94480	0.94491			6
2025.01.28	01:23:59.853	0.94477	0.94489			6
2025.01.28	01:24:00.158	0.94480	0.94491			6
2025.01.28	01:24:00.874	0.94479	0.94490			6
2025.01.28	01:24:02.069	0.94483	0.94494			6
2025.01.28	01:24:03.170	0.94484	0.94495			6
2025.01.28	01:24:04.220	0.94483	0.94494			6
2025.01.28	01:24:04.519	0.94484	0.94495			6
2025.01.28	01:24:05.113	0.94480	0.94491			6
2025.01.28	01:24:07.187	0.94482	0.94493			6
2025.01.28	01:24:08.121		0.94495			4
2025.01.28	01:24:09.209	0.94484				2
2025.01.28	01:24:09.976		0.94496			4
2025.01.28	01:24:10.332		0.94495			4
2025.01.28	01:24:11.848	0.94485	0.94496			6
2025.01.28	01:24:12.696	0.94484				2
2025.01.28	01:24:14.018	0.94485				2
2025.01.28	01:24:14.377	0.94484	0.94495			6
2025.01.28	01:24:14.715	0.94485	0.94496			6
2025.01.28	01:24:15.869	0.94486	0.94497			6
2025.01.28	01:24:17.787	0.94477	0.94489			6
2025.01.28	01:24:18.092		0.94488			4
2025.01.28	01:24:19.043	0.94478	0.94489			6
2025.01.28	01:24:19.535	0.94477	0.94488			6
2025.01.28	01:24:19.930	0.94473	0.94484			6
2025.01.28	01:24:20.553	0.94472				2
2025.01.28	01:24:20.867		0.94485			4
2025.01.28	01:24:21.498	0.94471	0.94484			6
2025.01.28	01:24:21.810		0.94485			4
2025.01.28	01:24:22.167	0.94470				2
2025.01.28	01:24:22.470	0.94472	0.94484			6
2025.01.28	01:24:23.166	0.94474	0.94485			6
2025.01.28	01:24:23.490	0.94472				2
2025.01.28	01:24:23.809	0.94473	0.94484			6
2025.01.28	01:24:24.119		0.94485			4
2025.01.28	01:24:24.423	0.94468	0.94482			6
2025.01.28	01:24:25.424	0.94469	0.94480			6
2025.01.28	01:24:26.173	0.94470	0.94482			6
2025.01.28	01:24:27.126	0.94468				2
2025.01.28	01:24:27.487	0.94470	0.94481			6
2025.01.28	01:24:27.803	0.94469	0.94482			6
2025.01.28	01:24:28.347	0.94467	0.94480			6
2025.01.28	01:24:30.071	0.94468	0.94481			6
2025.01.28	01:24:30.682	0.94469				2
2025.01.28	01:24:31.199	0.94471	0.94483			6
2025.01.28	01:24:31.505	0.94469	0.94484			6
2025.01.28	01:24:31.804	0.94468	0.94482			6
2025.01.28	01:24:32.166	0.94467				2
2025.01.28	01:24:33.032		0.94479			4
2025.01.28	01:24:33.401	0.94469	0.94481			6
2025.01.28	01:24:33.720		0.94482			4
2025.01.28	01:24:34.029	0.94468				2
2025.01.28	01:24:34.351	0.94469	0.94480			6
2025.01.28	01:24:39.966	0.94468				2
2025.01.28	01:24:40.267	0.94467	0.94478			6
2025.01.28	01:24:42.066	0.94466	0.94477			6
2025.01.28	01:24:42.514	0.94464	0.94475			6
2025.01.28	01:24:42.838	0.94466	0.94478			6
2025.01.28	01:24:43.797	0.94464	0.94474			6
2025.01.28	01:24:44.104	0.94465	0.94478			6
2025.01.28	01:24:44.498	0.94467	0.94479			6
2025.01.28	01:24:45.202	0.94466	0.94477			6
2025.01.28	01:24:46.464	0.94465				2
2025.01.28	01:24:46.832	0.94464				2
2025.01.28	01:24:47.151		0.94475			4
2025.01.28	01:24:48.482	0.94465	0.94477			6
2025.01.28	01:24:49.074		0.94478			4
2025.01.28	01:24:49.523	0.94467				2
2025.01.28	01:24:50.378	0.94465	0.94479			6
2025.01.28	01:24:51.351	0.94466	0.94478			6
2025.01.28	01:24:51.655	0.94467	0.94479			6
2025.01.28	01:24:51.977	0.94463	0.94477			6
2025.01.28	01:24:52.527		0.94475			4
2025.01.28	01:24:53.977	0.94466	0.94478			6
2025.01.28	01:24:54.347		0.94479			4
2025.01.28	01:24:55.038		0.94478			4
2025.01.28	01:24:56.414	0.94468	0.94479			6
2025.01.28	01:24:57.841	0.94462	0.94475			6
2025.01.28	01:24:58.146	0.94465	0.94478			6
2025.01.28	01:24:58.457		0.94476			4
2025.01.28	01:24:58.808	0.94467	0.94478			6
2025.01.28	01:25:00.344	0.94468	0.94482			6
2025.01.28	01:25:00.654		0.94483			4
2025.01.28	01:25:01.429	0.94469				2
2025.01.28	01:25:02.060	0.94468				2
2025.01.28	01:25:02.724	0.94466	0.94482			6
2025.01.28	01:25:03.027	0.94472	0.94485			6
2025.01.28	01:25:03.347	0.94475	0.94487			6
2025.01.28	01:25:03.777	0.94474				2
2025.01.28	01:25:04.424	0.94476	0.94488			6
2025.01.28	01:25:05.607	0.94477				2
2025.01.28	01:25:06.608	0.94470	0.94484			6
2025.01.28	01:25:06.963	0.94471				2
2025.01.28	01:25:07.412	0.94470				2
2025.01.28	01:25:08.378	0.94468				2
2025.01.28	01:25:09.058	0.94469				2
2025.01.28	01:25:10.838	0.94472	0.94486			6
2025.01.28	01:25:11.143	0.94471				2
2025.01.28	01:25:11.465	0.94473	0.94487			6
2025.01.28	01:25:11.797	0.94472				2
2025.01.28	01:25:12.723	0.94473	0.94486			6
2025.01.28	01:25:13.077	0.94469	0.94482			6
2025.01.28	01:25:13.383	0.94470	0.94483			6
2025.01.28	01:25:13.687		0.94484			4
2025.01.28	01:25:14.372	0.94471				2
2025.01.28	01:25:15.004	0.94470	0.94483			6
2025.01.28	01:25:16.282	0.94469				2
2025.01.28	01:25:17.365	0.94472	0.94485			6
2025.01.28	01:25:18.091	0.94471				2
2025.01.28	01:25:19.139	0.94470	0.94484			6
2025.01.28	01:25:19.475	0.94476	0.94488			6
2025.01.28	01:25:20.583	0.94477	0.94490			6
2025.01.28	01:25:20.990	0.94476	0.94488			6
2025.01.28	01:25:22.430	0.94475	0.94487			6
2025.01.28	01:25:22.763	0.94474	0.94488			6
2025.01.28	01:25:23.064	0.94476				2
2025.01.28	01:25:24.826	0.94475				2
2025.01.28	01:25:25.189	0.94476	0.94487			6
2025.01.28	01:25:25.621		0.94488			4
2025.01.28	01:25:26.176		0.94489			4
2025.01.28	01:25:26.479	0.94477				2
2025.01.28	01:25:26.785	0.94478	0.94490			6
2025.01.28	01:25:27.100	0.94479				2
2025.01.28	01:25:27.484		0.94491			4
2025.01.28	01:25:27.906	0.94480	0.94492			6
2025.01.28	01:25:28.263	0.94476				2
2025.01.28	01:25:28.583	0.94478	0.94493			6
2025.01.28	01:25:28.891	0.94479				2
2025.01.28	01:25:29.201	0.94478				2
2025.01.28	01:25:29.604		0.94492			4
2025.01.28	01:25:30.279	0.94476	0.94490			6
2025.01.28	01:25:31.265		0.94489			4
2025.01.28	01:25:32.725	0.94477	0.94491			6
2025.01.28	01:25:34.337	0.94478	0.94492			6
2025.01.28	01:25:34.645		0.94493			4
2025.01.28	01:25:34.967	0.94480	0.94492			6
2025.01.28	01:25:35.284	0.94484	0.94497			6
2025.01.28	01:25:35.596	0.94486				2
2025.01.28	01:25:36.371	0.94484	0.94496			6
2025.01.28	01:25:36.685	0.94483				2
2025.01.28	01:25:37.147	0.94484	0.94497			6
2025.01.28	01:25:38.451	0.94486	0.94498			6
2025.01.28	01:25:40.054	0.94485	0.94499			6
2025.01.28	01:25:40.493	0.94486				2
2025.01.28	01:25:40.812	0.94491	0.94506			6
2025.01.28	01:25:41.126	0.94488	0.94503			6
2025.01.28	01:25:41.426	0.94489	0.94502			6
2025.01.28	01:25:41.760	0.94488				2
2025.01.28	01:25:42.111	0.94490	0.94503			6
2025.01.28	01:25:43.217	0.94489				2
2025.01.28	01:25:43.596	0.94484	0.94495			6
2025.01.28	01:25:44.058		0.94496			4
2025.01.28	01:25:44.789	0.94482				2
2025.01.28	01:25:45.831	0.94483				2
2025.01.28	01:25:46.208	0.94486	0.94498			6
2025.01.28	01:25:46.545	0.94485	0.94499			6
2025.01.28	01:25:47.259	0.94486				2
2025.01.28	01:25:47.598	0.94485	0.94497			6
2025.01.28	01:25:47.939	0.94486	0.94498			6
2025.01.28	01:25:49.076	0.94488	0.94499			6
2025.01.28	01:25:49.455		0.94504			4
2025.01.28	01:25:49.790	0.94489				2
2025.01.28	01:25:50.353		0.94501			4
2025.01.28	01:25:51.442	0.94488				2
2025.01.28	01:25:51.814	0.94489				2
2025.01.28	01:25:53.203	0.94487				2
2025.01.28	01:25:53.505	0.94488	0.94500			6
2025.01.28	01:25:53.968	0.94489				2
2025.01.28	01:25:54.360	0.94488				2
2025.01.28	01:25:56.502		0.94501			4
2025.01.28	01:25:56.804	0.94482	0.94494			6
2025.01.28	01:25:57.106	0.94478				2
2025.01.28	01:25:58.750	0.94480	0.94495			6
2025.01.28	01:25:59.738	0.94478	0.94491			6
2025.01.28	01:26:00.141	0.94478	0.94492			6
2025.01.28	01:26:00.552	0.94477				2
2025.01.28	01:26:00.879		0.94489			4
2025.01.28	01:26:01.705	0.94472	0.94486			6
2025.01.28	01:26:02.693	0.94475	0.94488			6
2025.01.28	01:26:04.018	0.94474				2
2025.01.28	01:26:04.355	0.94476	0.94490			6
2025.01.28	01:26:07.322	0.94472	0.94487			6
2025.01.28	01:26:08.961	0.94475	0.94488			6
2025.01.28	01:26:09.478		0.94487			4
2025.01.28	01:26:14.847	0.94477	0.94489			6
2025.01.28	01:26:16.093	0.94453	0.94465			6
2025.01.28	01:26:16.412	0.94447	0.94462			6
2025.01.28	01:26:17.030	0.94450	0.94465			6
2025.01.28	01:26:17.346	0.94457	0.94470			6
2025.01.28	01:26:17.648	0.94454				2
2025.01.28	01:26:18.283	0.94459	0.94473			6
2025.01.28	01:26:18.584		0.94474			4
2025.01.28	01:26:19.366	0.94460	0.94475			6
2025.01.28	01:26:19.701		0.94476			4
2025.01.28	01:26:20.005	0.94454	0.94468			6
2025.01.28	01:26:20.305		0.94469			4
2025.01.28	01:26:20.962	0.94459	0.94477			6
2025.01.28	01:26:21.298	0.94460				2
2025.01.28	01:26:22.305	0.94459				2
2025.01.28	01:26:22.622	0.94460				2
2025.01.28	01:26:22.939	0.94461				2
2025.01.28	01:26:23.825	0.94460	0.94478			6
2025.01.28	01:26:24.130		0.94477			4
2025.01.28	01:26:24.443	0.94461				2
2025.01.28	01:26:25.240		0.94478			4
2025.01.28	01:26:26.023	0.94453	0.94469			6
2025.01.28	01:26:26.335	0.94457	0.94471			6
2025.01.28	01:26:26.658	0.94455				2
2025.01.28	01:26:27.029	0.94448	0.94464			6
2025.01.28	01:26:27.347		0.94463			4
2025.01.28	01:26:27.652	0.94447				2
2025.01.28	01:26:28.017	0.94445				2
2025.01.28	01:26:28.440	0.94446	0.94462			6
2025.01.28	01:26:28.783	0.94445	0.94461			6
2025.01.28	01:26:29.170		0.94462			4
2025.01.28	01:26:29.677	0.94440	0.94457			6
2025.01.28	01:26:29.985		0.94456			4
2025.01.28	01:26:30.288	0.94438	0.94454			6
2025.01.28	01:26:31.096	0.94445	0.94461			6
2025.01.28	01:26:31.403	0.94442	0.94457			6
2025.01.28	01:26:31.706	0.94443	0.94458			6
2025.01.28	01:26:32.430	0.94440	0.94456			6
2025.01.28	01:26:33.123	0.94441				2
2025.01.28	01:26:33.424	0.94440				2
2025.01.28	01:26:33.833	0.94447	0.94463			6
2025.01.28	01:26:34.156		0.94464			4
2025.01.28	01:26:34.579		0.94463			4
2025.01.28	01:26:35.439		0.94462			4
2025.01.28	01:26:35.970	0.94444	0.94455			6
2025.01.28	01:26:36.286	0.94435	0.94453			6
2025.01.28	01:26:36.592	0.94440	0.94455			6
2025.01.28	01:26:37.227		0.94457			4
2025.01.28	01:26:37.536	0.94439	0.94456			6
2025.01.28	01:26:38.097	0.94438	0.94457			6
2025.01.28	01:26:38.408		0.94456			4
2025.01.28	01:26:38.804	0.94436				2
2025.01.28	01:26:39.410	0.94437	0.94457			6
2025.01.28	01:26:39.729		0.94456			4
2025.01.28	01:26:40.040	0.94445	0.94463			6
2025.01.28	01:26:40.371	0.94448	0.94464			6
2025.01.28	01:26:40.915	0.94449	0.94462			6
2025.01.28	01:26:41.422	0.94448	0.94461			6
2025.01.28	01:26:42.251	0.94449				2
2025.01.28	01:26:42.810	0.94453	0.94468			6
2025.01.28	01:26:43.486	0.94457	0.94470			6
2025.01.28	01:26:44.113		0.94471			4
2025.01.28	01:26:44.553	0.94459	0.94470			6
2025.01.28	01:26:44.995	0.94453	0.94467			6
2025.01.28	01:26:45.385	0.94455	0.94468			6
2025.01.28	01:26:45.699	0.94458	0.94471			6
2025.01.28	01:26:46.055		0.94472			4
2025.01.28	01:26:46.614		0.94473			4
2025.01.28	01:26:47.549		0.94471			4
2025.01.28	01:26:47.860		0.94472			4
2025.01.28	01:26:49.019		0.94470			4
2025.01.28	01:26:49.326	0.94457				2
2025.01.28	01:26:52.351	0.94459				2
2025.01.28	01:26:54.822	0.94466	0.94479			6
2025.01.28	01:26:55.123	0.94468				2
2025.01.28	01:26:55.459	0.94465	0.94477			6
2025.01.28	01:26:56.892	0.94466	0.94478			6
2025.01.28	01:26:57.221	0.94459	0.94475			6
2025.01.28	01:26:57.552	0.94460	0.94476			6
2025.01.28	01:26:58.325	0.94459	0.94474			6
2025.01.28	01:26:58.626		0.94473			4
2025.01.28	01:27:00.314	0.94455	0.94474			6
2025.01.28	01:27:00.671		0.94470			4
2025.01.28	01:27:01.593	0.94457	0.94472			6
2025.01.28	01:27:01.906	0.94460				2
2025.01.28	01:27:02.706	0.94458	0.94470			6
2025.01.28	01:27:03.523		0.94469			4
2025.01.28	01:27:04.955	0.94457				2
2025.01.28	01:27:05.452	0.94449	0.94465			6
2025.01.28	01:27:05.781	0.94448				2
2025.01.28	01:27:06.201	0.94454	0.94468			6
2025.01.28	01:27:06.509	0.94455	0.94470			6
2025.01.28	01:27:07.187	0.94457	0.94471			6
2025.01.28	01:27:07.508	0.94458				2
2025.01.28	01:27:07.982		0.94469			4
2025.01.28	01:27:08.284	0.94456				2
2025.01.28	01:27:08.713	0.94455	0.94466			6
2025.01.28	01:27:09.296	0.94453	0.94465			6
2025.01.28	01:27:09.730	0.94457	0.94469			6
2025.01.28	01:27:12.758	0.94451	0.94466			6
2025.01.28	01:27:13.063	0.94449	0.94464			6
2025.01.28	01:27:13.873		0.94463			4
2025.01.28	01:27:14.186	0.94447	0.94462			6
2025.01.28	01:27:14.588	0.94448	0.94464			6
2025.01.28	01:27:14.962	0.94450	0.94465			6
2025.01.28	01:27:15.264	0.94454	0.94468			6
2025.01.28	01:27:15.566	0.94457				2
2025.01.28	01:27:15.883	0.94448	0.94463			6
2025.01.28	01:27:16.200	0.94449	0.94465			6
2025.01.28	01:27:16.512	0.94450	0.94464			6
2025.01.28	01:27:17.467	0.94448	0.94461			6
2025.01.28	01:27:18.907	0.94449				2
2025.01.28	01:27:19.319	0.94444	0.94456			6
2025.01.28	01:27:21.106	0.94427	0.94439			6
2025.01.28	01:27:21.459	0.94429	0.94441			6
2025.01.28	01:27:22.091		0.94442			4
2025.01.28	01:27:22.541	0.94431	0.94443			6
2025.01.28	01:27:23.167	0.94432				2
2025.01.28	01:27:23.537	0.94433	0.94444			6
2025.01.28	01:27:24.657	0.94434				2
2025.01.28	01:27:25.115		0.94445			4
2025.01.28	01:27:26.242	0.94433				2
2025.01.28	01:27:26.562	0.94434	0.94446			6
2025.01.28	01:27:27.659	0.94433	0.94445			6
2025.01.28	01:27:28.936		0.94444			4
2025.01.28	01:27:29.266	0.94438	0.94448			6
2025.01.28	01:27:30.330	0.94439	0.94450			6
2025.01.28	01:27:30.945	0.94444	0.94455			6
2025.01.28	01:27:31.668		0.94456			4
2025.01.28	01:27:32.354		0.94455			4
2025.01.28	01:27:32.812	0.94443	0.94454			6
2025.01.28	01:27:33.119	0.94441	0.94453			6
2025.01.28	01:27:33.422	0.94446	0.94457			6
2025.01.28	01:27:33.749		0.94458			4
2025.01.28	01:27:35.267	0.94443	0.94454			6
2025.01.28	01:27:35.769		0.94455			4
2025.01.28	01:27:36.195		0.94456			4
2025.01.28	01:27:39.604	0.94442	0.94453			6
2025.01.28	01:27:39.924	0.94440	0.94452			6
2025.01.28	01:27:41.008	0.94442	0.94454			6
2025.01.28	01:27:41.849		0.94453			4
2025.01.28	01:27:42.399	0.94439	0.94450			6
2025.01.28	01:27:42.731	0.94441	0.94453			6
2025.01.28	01:27:43.047	0.94440	0.94452			6
2025.01.28	01:27:43.392		0.94451			4
2025.01.28	01:27:43.837	0.94438	0.94450			6
2025.01.28	01:27:46.482	0.94437	0.94452			6
2025.01.28	01:27:47.122		0.94450			4
2025.01.28	01:27:48.115	0.94442	0.94456			6
2025.01.28	01:27:49.455	0.94443	0.94455			6
2025.01.28	01:27:49.860	0.94444				2
2025.01.28	01:27:50.180	0.94441	0.94453			6
2025.01.28	01:27:50.482	0.94445	0.94459			6
2025.01.28	01:27:51.275	0.94446				2
2025.01.28	01:27:52.174	0.94447	0.94461			6
2025.01.28	01:27:53.274	0.94443				2
2025.01.28	01:27:53.576	0.94440	0.94454			6
2025.01.28	01:27:54.782	0.94437	0.94451			6
2025.01.28	01:27:55.474	0.94438	0.94453			6
2025.01.28	01:27:55.790	0.94439	0.94452			6
2025.01.28	01:27:56.934	0.94438	0.94451			6
2025.01.28	01:27:57.235	0.94437	0.94449			6
2025.01.28	01:27:57.669	0.94436	0.94450			6
2025.01.28	01:27:59.254	0.94438				2
2025.01.28	01:28:00.011	0.94438	0.94452			6
2025.01.28	01:28:00.330		0.94451			4
2025.01.28	01:28:00.640	0.94439				2
2025.01.28	01:28:00.967	0.94442	0.94458			6
2025.01.28	01:28:01.283		0.94456			4
2025.01.28	01:28:01.654	0.94441				2
2025.01.28	01:28:02.348		0.94455			4
2025.01.28	01:28:02.663	0.94442				2
2025.01.28	01:28:03.000	0.94441	0.94456			6
2025.01.28	01:28:04.069	0.94440	0.94455			6
2025.01.28	01:28:04.535	0.94441	0.94457			6
2025.01.28	01:28:04.888		0.94456			4
2025.01.28	01:28:05.212	0.94444	0.94459			6
2025.01.28	01:28:06.665		0.94460			4
2025.01.28	01:28:07.374	0.94448	0.94462			6
2025.01.28	01:28:07.695	0.94449	0.94461			6
2025.01.28	01:28:08.318	0.94448	0.94460			6
2025.01.28	01:28:09.044	0.94449				2
2025.01.28	01:28:10.158	0.94446	0.94459			6
2025.01.28	01:28:11.607	0.94447	0.94460			6
2025.01.28	01:28:12.062	0.94446	0.94461			6
2025.01.28	01:28:12.890	0.94449	0.94464			6
2025.01.28	01:28:13.268		0.94461			4
2025.01.28	01:28:13.595	0.94448	0.94460			6
2025.01.28	01:28:14.577	0.94447	0.94462			6
2025.01.28	01:28:14.888	0.94451				2
2025.01.28	01:28:15.204	0.94453	0.94468			6
2025.01.28	01:28:15.524	0.94454	0.94467			6
2025.01.28	01:28:16.094	0.94443	0.94459			6
2025.01.28	01:28:16.406	0.94442	0.94460			6
2025.01.28	01:28:17.768	0.94443				2
2025.01.28	01:28:18.089	0.94445	0.94456			6
2025.01.28	01:28:18.820	0.94443	0.94455			6
2025.01.28	01:28:19.241		0.94457			4
2025.01.28	01:28:20.886	0.94445	0.94456			6
2025.01.28	01:28:21.241		0.94457			4
2025.01.28	01:28:21.823		0.94459			4
2025.01.28	01:28:22.321		0.94461			4
2025.01.28	01:28:22.999		0.94458			4
2025.01.28	01:28:23.512	0.94446	0.94459			6
2025.01.28	01:28:23.817	0.94445	0.94460			6
2025.01.28	01:28:24.589		0.94461			4
2025.01.28	01:28:25.086	0.94446	0.94460			6
2025.01.28	01:28:25.401	0.94445				2
2025.01.28	01:28:26.127		0.94459			4
2025.01.28	01:28:27.459	0.94443	0.94454			6
2025.01.28	01:28:27.763	0.94444	0.94457			6
2025.01.28	01:28:28.500	0.94443				2
2025.01.28	01:28:29.387	0.94444	0.94459			6
2025.01.28	01:28:29.963	0.94443	0.94454			6
2025.01.28	01:28:30.634	0.94442	0.94455			6
2025.01.28	01:28:35.229		0.94454			4
2025.01.28	01:28:35.810	0.94438	0.94452			6
2025.01.28	01:28:36.132	0.94437	0.94449			6
2025.01.28	01:28:36.441	0.94438				2
2025.01.28	01:28:36.742	0.94437				2
2025.01.28	01:28:37.753		0.94448			4
2025.01.28	01:28:41.765	0.94436				2
2025.01.28	01:28:42.079	0.94438	0.94449			6
2025.01.28	01:28:43.222	0.94440	0.94452			6
2025.01.28	01:28:43.523	0.94442	0.94454			6
2025.01.28	01:28:43.828		0.94455			4
2025.01.28	01:28:44.606	0.94443	0.94454			6
2025.01.28	01:28:44.926	0.94442	0.94455			6
2025.01.28	01:28:45.251	0.94445	0.94459			6
2025.01.28	01:28:45.563		0.94461			4
2025.01.28	01:28:45.915	0.94442	0.94455			6
2025.01.28	01:28:46.841	0.94441	0.94454			6
2025.01.28	01:28:48.046	0.94438	0.94449			6
2025.01.28	01:28:48.922	0.94439	0.94451			6
2025.01.28	01:28:49.542	0.94440	0.94452			6
2025.01.28	01:28:52.546	0.94439	0.94451			6
2025.01.28	01:28:52.856	0.94437	0.94449			6
2025.01.28	01:28:53.163	0.94438				2
2025.01.28	01:28:53.534	0.94439	0.94450			6
2025.01.28	01:28:53.852	0.94437	0.94449			6
2025.01.28	01:28:54.262	0.94439	0.94450			6
2025.01.28	01:28:54.686		0.94451			4
2025.01.28	01:28:55.478	0.94438	0.94450			6
2025.01.28	01:28:55.786		0.94449			4
2025.01.28	01:28:56.222	0.94440	0.94451			6
2025.01.28	01:28:56.544	0.94438	0.94449			6
2025.01.28	01:28:56.863	0.94437	0.94448			6
2025.01.28	01:28:59.523	0.94439	0.94451			6
2025.01.28	01:29:00.495	0.94439				2
2025.01.28	01:29:00.941	0.94440				2
2025.01.28	01:29:02.309	0.94438	0.94453			6
2025.01.28	01:29:02.989	0.94434	0.94447			6
2025.01.28	01:29:03.299	0.94431	0.94442			6
2025.01.28	01:29:03.603	0.94428	0.94440			6
2025.01.28	01:29:03.924	0.94429				2
2025.01.28	01:29:06.019	0.94428				2
2025.01.28	01:29:06.329	0.94427				2
2025.01.28	01:29:06.736	0.94435	0.94447			6
2025.01.28	01:29:07.079		0.94449			4
2025.01.28	01:29:07.473	0.94436	0.94448			6
2025.01.28	01:29:08.774	0.94437				2
2025.01.28	01:29:10.269	0.94436	0.94450			6
2025.01.28	01:29:10.591	0.94435	0.94448			6
2025.01.28	01:29:10.963	0.94434	0.94449			6
2025.01.28	01:29:11.493	0.94435	0.94448			6
2025.01.28	01:29:11.818	0.94433				2
2025.01.28	01:29:12.124		0.94449			4
2025.01.28	01:29:12.949	0.94436				2
2025.01.28	01:29:13.606	0.94435	0.94448			6
2025.01.28	01:29:13.909	0.94436	0.94450			6
2025.01.28	01:29:14.325	0.94437	0.94449			6
2025.01.28	01:29:14.630		0.94448			4
2025.01.28	01:29:14.937	0.94438	0.94449			6
2025.01.28	01:29:15.281		0.94450			4
2025.01.28	01:29:15.884	0.94436	0.94449			6
2025.01.28	01:29:17.259	0.94437	0.94448			6
2025.01.28	01:29:21.053	0.94433	0.94445			6
2025.01.28	01:29:21.366		0.94444			4
2025.01.28	01:29:23.802	0.94431	0.94442			6
2025.01.28	01:29:24.105	0.94435	0.94446			6
2025.01.28	01:29:25.144	0.94434				2
2025.01.28	01:29:25.552	0.94437	0.94448			6
2025.01.28	01:29:27.004	0.94439	0.94451			6
2025.01.28	01:29:27.308	0.94440	0.94452			6
2025.01.28	01:29:28.084	0.94438				2
2025.01.28	01:29:28.389		0.94450			4
2025.01.28	01:29:30.068	0.94439				2
2025.01.28	01:29:30.400		0.94451			4
2025.01.28	01:29:30.989		0.94450			4
2025.01.28	01:29:31.987	0.94438				2
2025.01.28	01:29:32.304		0.94449			4
2025.01.28	01:29:32.653	0.94439	0.94450			6
2025.01.28	01:29:33.985	0.94436	0.94447			6
2025.01.28	01:29:35.857		0.94448			4
2025.01.28	01:29:36.665	0.94437				2
2025.01.28	01:29:39.537	0.94439	0.94450			6
2025.01.28	01:29:40.369	0.94438				2
2025.01.28	01:29:42.806	0.94441	0.94453			6
2025.01.28	01:29:43.998	0.94442	0.94454			6
2025.01.28	01:29:44.336	0.94441	0.94453			6
2025.01.28	01:29:44.649	0.94443	0.94455			6
2025.01.28	01:29:44.951	0.94449	0.94460			6
2025.01.28	01:29:45.270	0.94451	0.94462			6
2025.01.28	01:29:45.574	0.94449	0.94461			6
2025.01.28	01:29:45.902		0.94460			4
2025.01.28	01:29:46.210		0.94461			4
2025.01.28	01:29:46.515		0.94460			4
2025.01.28	01:29:46.827		0.94461			4
2025.01.28	01:29:47.149	0.94451	0.94463			6
2025.01.28	01:29:47.475	0.94453				2
2025.01.28	01:29:47.777	0.94454	0.94465			6
2025.01.28	01:29:48.349	0.94458	0.94469			6
2025.01.28	01:29:48.990	0.94459	0.94470			6
2025.01.28	01:29:49.303	0.94455	0.94468			6
2025.01.28	01:29:50.303		0.94469			4
2025.01.28	01:29:50.976		0.94468			4
2025.01.28	01:29:52.590	0.94454	0.94466			6
2025.01.28	01:29:55.835	0.94453	0.94463			6
2025.01.28	01:29:56.384		0.94464			4
2025.01.28	01:29:56.731	0.94455	0.94466			6
2025.01.28	01:29:57.133	0.94454	0.94465			6
2025.01.28	01:29:57.904	0.94459	0.94473			6
2025.01.28	01:29:58.207	0.94460				2
2025.01.28	01:29:58.515	0.94461				2
2025.01.28	01:29:58.905	0.94466	0.94478			6
2025.01.28	01:29:59.222	0.94465	0.94477			6
2025.01.28	01:29:59.524	0.94464	0.94475			6
2025.01.28	01:30:00.289	0.94465	0.94476			6
2025.01.28	01:30:00.650	0.94466	0.94477			6
2025.01.28	01:30:00.964		0.94479			4
2025.01.28	01:30:01.727	0.94463	0.94475			6
2025.01.28	01:30:02.045	0.94465	0.94476			6
2025.01.28	01:30:02.373	0.94463	0.94474			6
2025.01.28	01:30:02.678	0.94464	0.94475			6
2025.01.28	01:30:02.981	0.94463	0.94474			6
2025.01.28	01:30:03.282	0.94466	0.94478			6
2025.01.28	01:30:03.586		0.94477			4
2025.01.28	01:30:03.891	0.94465				2
2025.01.28	01:30:04.195	0.94466	0.94479			6
2025.01.28	01:30:04.523		0.94477			4
2025.01.28	01:30:04.854	0.94467	0.94478			6
2025.01.28	01:30:05.669		0.94479			4
2025.01.28	01:30:06.008	0.94465	0.94477			6
2025.01.28	01:30:06.403	0.94469	0.94479			6
2025.01.28	01:30:07.026	0.94474	0.94483			6
2025.01.28	01:30:09.207	0.94478	0.94488			6
2025.01.28	01:30:09.574	0.94480	0.94490			6
2025.01.28	01:30:09.972		0.94491			4
2025.01.28	01:30:10.302	0.94476	0.94489			6
2025.01.28	01:30:10.604	0.94475	0.94486			6
2025.01.28	01:30:10.922	0.94474	0.94485			6
2025.01.28	01:30:11.978	0.94478	0.94488			6
2025.01.28	01:30:13.000	0.94479				2
2025.01.28	01:30:13.968		0.94489			4
2025.01.28	01:30:14.862	0.94480	0.94491			6
2025.01.28	01:30:15.610	0.94477	0.94490			6
2025.01.28	01:30:15.927	0.94476	0.94488			6
2025.01.28	01:30:16.512	0.94480	0.94490			6
2025.01.28	01:30:17.228	0.94478	0.94488			6
2025.01.28	01:30:18.202	0.94483	0.94494			6
2025.01.28	01:30:18.505	0.94482				2
2025.01.28	01:30:19.039	0.94484	0.94493			6
2025.01.28	01:30:19.344	0.94481	0.94490			6
2025.01.28	01:30:19.649	0.94480				2
2025.01.28	01:30:19.980		0.94491			4
2025.01.28	01:30:20.747	0.94483	0.94494			6
2025.01.28	01:30:21.048	0.94486	0.94497			6
2025.01.28	01:30:21.374	0.94480	0.94494			6
2025.01.28	01:30:21.682	0.94486	0.94497			6
2025.01.28	01:30:21.985	0.94488	0.94499			6
2025.01.28	01:30:22.323	0.94489	0.94500			6
2025.01.28	01:30:22.636	0.94488				2
2025.01.28	01:30:22.936	0.94489				2
2025.01.28	01:30:23.376		0.94499			4
2025.01.28	01:30:23.713		0.94500			4
2025.01.28	01:30:24.018	0.94488				2
2025.01.28	01:30:24.374		0.94499			4
2025.01.28	01:30:25.453	0.94489				2
2025.01.28	01:30:26.232	0.94487				2
2025.01.28	01:30:27.706	0.94489	0.94501			6
2025.01.28	01:30:28.119	0.94490				2
2025.01.28	01:30:29.041	0.94491	0.94503			6
2025.01.28	01:30:29.365	0.94494	0.94504			6
2025.01.28	01:30:30.359	0.94492	0.94503			6
2025.01.28	01:30:30.663	0.94490	0.94504			6
2025.01.28	01:30:30.966	0.94491				2
2025.01.28	01:30:31.267	0.94492	0.94505			6
2025.01.28	01:30:31.606	0.94489				2
2025.01.28	01:30:32.350	0.94490				2
2025.01.28	01:30:32.668	0.94495	0.94507			6
2025.01.28	01:30:33.658	0.94498	0.94510			6
2025.01.28	01:30:33.963	0.94494	0.94507			6
2025.01.28	01:30:34.267	0.94491	0.94506			6
2025.01.28	01:30:34.613	0.94492	0.94507			6
2025.01.28	01:30:35.682	0.94493				2
2025.01.28	01:30:36.286	0.94492				2
2025.01.28	01:30:37.291	0.94491	0.94505			6
2025.01.28	01:30:37.603	0.94492	0.94507			6
2025.01.28	01:30:37.933	0.94493	0.94506			6
2025.01.28	01:30:38.553	0.94495	0.94507			6
2025.01.28	01:30:39.772	0.94491				2
2025.01.28	01:30:40.084	0.94493	0.94506			6
2025.01.28	01:30:40.437		0.94507			4
2025.01.28	01:30:40.807	0.94492				2
2025.01.28	01:30:41.322		0.94505			4
2025.01.28	01:30:42.847		0.94504			4
2025.01.28	01:30:43.171	0.94491	0.94505			6
2025.01.28	01:30:43.636	0.94490	0.94501			6
2025.01.28	01:30:44.022		0.94499			4
2025.01.28	01:30:44.344	0.94487	0.94498			6
2025.01.28	01:30:46.666	0.94486				2
2025.01.28	01:30:48.203	0.94480	0.94491			6
2025.01.28	01:30:50.263		0.94493			4
2025.01.28	01:30:51.006		0.94492			4
2025.01.28	01:30:52.740	0.94479	0.94493			6
2025.01.28	01:30:53.368	0.94485	0.94496			6
2025.01.28	01:30:53.683	0.94481	0.94494			6
2025.01.28	01:30:53.990		0.94495			4
2025.01.28	01:30:55.013	0.94482	0.94493			6
2025.01.28	01:30:55.391		0.94494			4
2025.01.28	01:30:55.770	0.94480	0.94492			6
2025.01.28	01:30:56.084	0.94479	0.94491			6
2025.01.28	01:30:56.502	0.94477	0.94489			6
2025.01.28	01:30:56.806	0.94471	0.94482			6
2025.01.28	01:30:57.458	0.94470				2
2025.01.28	01:30:57.761	0.94467	0.94478			6
2025.01.28	01:30:58.100	0.94466	0.94479			6
2025.01.28	01:30:58.406	0.94469	0.94484			6
2025.01.28	01:30:58.707		0.94485			4
2025.01.28	01:30:59.624	0.94468	0.94483			6
2025.01.28	01:30:59.924		0.94480			4
2025.01.28	01:31:00.735	0.94462	0.94476			6
2025.01.28	01:31:01.066	0.94463	0.94474			6
2025.01.28	01:31:01.382	0.94461				2
2025.01.28	01:31:01.751	0.94460				2
2025.01.28	01:31:02.147		0.94471			4
2025.01.28	01:31:02.449	0.94459	0.94472			6
2025.01.28	01:31:02.806		0.94475			4
2025.01.28	01:31:03.106	0.94462	0.94476			6
2025.01.28	01:31:03.734	0.94463	0.94474			6
2025.01.28	01:31:04.044	0.94460	0.94472			6
