<DATE>	<TIME>	<BID>	<ASK>	<LAST>	<VOLUME>	<FLAGS>
2025.05.02	00:03:30.938	0.93614	0.93677			6
2025.05.02	00:05:02.174	0.93590	0.93782			6
2025.05.02	00:05:04.592		0.93781			4
2025.05.02	00:05:05.197		0.93779			4
2025.05.02	00:05:06.402		0.93782			4
2025.05.02	00:05:10.632		0.93781			4
2025.05.02	00:05:14.129		0.93783			4
2025.05.02	00:05:15.271	0.93609	0.93836			6
2025.05.02	00:05:30.912	0.93585	0.93776			6
2025.05.02	00:05:32.043		0.93774			4
2025.05.02	00:05:33.353		0.93775			4
2025.05.02	00:05:54.954	0.93584				2
2025.05.02	00:06:02.104	0.93584	0.93777			6
2025.05.02	00:06:03.260		0.93776			4
2025.05.02	00:06:05.171		0.93772			4
2025.05.02	00:06:12.135		0.93792			4
2025.05.02	00:06:12.482		0.93790			4
2025.05.02	00:06:14.636		0.93788			4
2025.05.02	00:06:15.882	0.93588				2
2025.05.02	00:06:17.087		0.93826			4
2025.05.02	00:06:17.577		0.93791			4
2025.05.02	00:06:20.874		0.93792			4
2025.05.02	00:06:30.142	0.93586	0.93790			6
2025.05.02	00:06:34.978		0.93792			4
2025.05.02	00:06:39.147		0.93789			4
2025.05.02	00:06:39.657		0.93791			4
2025.05.02	00:06:44.283		0.93790			4
2025.05.02	00:06:48.940		0.93793			4
2025.05.02	00:06:59.490		0.93790			4
2025.05.02	00:07:00.415	0.93586	0.93794			6
2025.05.02	00:07:02.677		0.93793			4
2025.05.02	00:07:05.246		0.93789			4
2025.05.02	00:07:05.802		0.93793			4
2025.05.02	00:07:14.882		0.93791			4
2025.05.02	00:07:16.792	0.93585				2
2025.05.02	00:07:18.953		0.93792			4
2025.05.02	00:07:25.699		0.93791			4
2025.05.02	00:07:26.394		0.93792			4
2025.05.02	00:10:28.115	0.93592	0.93825			6
2025.05.02	00:10:29.939	0.93591	0.93823			6
2025.05.02	00:10:35.091	0.93592				2
2025.05.02	00:10:37.820	0.93591				2
2025.05.02	00:10:38.430		0.93821			4
2025.05.02	00:10:39.339	0.93592	0.93823			6
2025.05.02	00:10:42.374	0.93591	0.93821			6
2025.05.02	00:10:48.440	0.93592				2
2025.05.02	00:10:51.777	0.93591	0.93819			6
2025.05.02	00:10:53.900	0.93592				2
2025.05.02	00:10:56.632	0.93591	0.93817			6
2025.05.02	00:10:59.666	0.93592				2
2025.05.02	00:11:00.269	0.93592				2
2025.05.02	00:11:00.879	0.93591				2
2025.05.02	00:11:02.092	0.93592	0.93819			6
2025.05.02	00:11:02.392	0.93591	0.93817			6
2025.05.02	00:11:04.823	0.93592				2
2025.05.02	00:11:05.730	0.93591				2
2025.05.02	00:11:06.642	0.93592	0.93815			6
2025.05.02	00:11:07.247	0.93591				2
2025.05.02	00:11:09.675	0.93592				2
2025.05.02	00:11:11.192	0.93591				2
2025.05.02	00:11:11.796	0.93592				2
2025.05.02	00:11:12.403	0.93591				2
2025.05.02	00:11:15.133	0.93592				2
2025.05.02	00:11:15.438	0.93591				2
2025.05.02	00:11:16.951	0.93592				2
2025.05.02	00:11:26.304		0.93819			4
2025.05.02	00:11:26.607	0.93591				2
2025.05.02	00:11:26.912	0.93592				2
2025.05.02	00:11:29.337	0.93591	0.93817			6
2025.05.02	00:11:31.160		0.93819			4
2025.05.02	00:11:31.463	0.93592	0.93821			6
2025.05.02	00:11:33.584	0.93591	0.93817			6
2025.05.02	00:11:38.438	0.93592				2
2025.05.02	00:11:41.471	0.93591	0.93807			6
2025.05.02	00:11:46.628	0.93592				2
2025.05.02	00:11:49.054	0.93591	0.93805			6
2025.05.02	00:11:54.817	0.93592				2
2025.05.02	00:11:56.332		0.93791			4
2025.05.02	00:11:56.938	0.93591	0.93813			6
2025.05.02	00:11:58.457	0.93592				2
2025.05.02	00:12:00.275	0.93592				2
2025.05.02	00:12:02.402	0.93591	0.93811			6
2025.05.02	00:12:03.006	0.93592	0.93809			6
2025.05.02	00:12:03.309		0.93789			4
2025.05.02	00:12:04.218	0.93583	0.93814			6
2025.05.02	00:12:12.613	0.93592	0.93817			6
2025.05.02	00:12:12.916		0.93821			4
2025.05.02	00:12:15.343	0.93591	0.93819			6
2025.05.02	00:12:17.770	0.93592				2
2025.05.02	00:12:19.287	0.93591	0.93817			6
2025.05.02	00:12:20.196	0.93592	0.93819			6
2025.05.02	00:12:21.410		0.93821			4
2025.05.02	00:12:23.532	0.93591	0.93819			6
2025.05.02	00:12:25.352		0.93803			4
2025.05.02	00:12:25.957		0.93797			4
2025.05.02	00:12:26.566	0.93592	0.93803			6
2025.05.02	00:12:26.867	0.93591	0.93815			6
2025.05.02	00:12:27.171		0.93811			4
2025.05.02	00:12:28.083	0.93592	0.93791			6
2025.05.02	00:12:28.691	0.93596	0.93817			6
2025.05.02	00:12:31.723	0.93595	0.93815			6
2025.05.02	00:12:34.757	0.93596	0.93814			6
2025.05.02	00:12:40.825	0.93592	0.93804			6
2025.05.02	00:12:41.131	0.93591	0.93801			6
2025.05.02	00:12:41.431	0.93598	0.93807			6
2025.05.02	00:12:42.038	0.93591	0.93797			6
2025.05.02	00:12:42.344	0.93592	0.93799			6
2025.05.02	00:12:43.254		0.93797			4
2025.05.02	00:12:43.860	0.93600	0.93805			6
2025.05.02	00:12:44.163	0.93593	0.93827			6
2025.05.02	00:12:44.741	0.93591				2
2025.05.02	00:12:45.494	0.93601	0.93803			6
2025.05.02	00:12:45.828	0.93592	0.93813			6
2025.05.02	00:12:48.496	0.93591	0.93773			6
2025.05.02	00:12:48.812	0.93599	0.93797			6
2025.05.02	00:12:49.117	0.93596	0.93830			6
2025.05.02	00:12:49.417	0.93591	0.93787			6
2025.05.02	00:12:49.724		0.93781			4
2025.05.02	00:12:50.328	0.93596	0.93823			6
2025.05.02	00:12:55.197	0.93598	0.93793			6
2025.05.02	00:12:55.535	0.93597	0.93792			6
2025.05.02	00:12:56.145	0.93598	0.93793			6
2025.05.02	00:12:57.356	0.93592	0.93777			6
2025.05.02	00:12:57.658	0.93591	0.93773			6
2025.05.02	00:12:57.965	0.93596	0.93811			6
2025.05.02	00:13:01.633	0.93607	0.93799			6
2025.05.02	00:13:02.261	0.93591	0.93779			6
2025.05.02	00:13:02.562	0.93592	0.93783			6
2025.05.02	00:13:02.867	0.93597	0.93834			6
2025.05.02	00:13:09.939	0.93598				2
2025.05.02	00:13:18.397	0.93589	0.93803			6
2025.05.02	00:13:19.408	0.93599				2
2025.05.02	00:13:20.161	0.93598				2
2025.05.02	00:13:21.218	0.93599				2
2025.05.02	00:13:21.519	0.93597				2
2025.05.02	00:13:22.191	0.93598				2
2025.05.02	00:13:22.747	0.93599				2
2025.05.02	00:13:28.841	0.93600				2
2025.05.02	00:13:39.638	0.93601				2
2025.05.02	00:13:46.541	0.93602				2
2025.05.02	00:13:53.669	0.93601				2
2025.05.02	00:13:54.040	0.93602				2
2025.05.02	00:13:55.263	0.93601				2
2025.05.02	00:13:57.635	0.93589				2
2025.05.02	00:14:00.366	0.93589				2
2025.05.02	00:14:07.251	0.93590				2
2025.05.02	00:14:12.694	0.93591				2
2025.05.02	00:14:13.094	0.93590				2
2025.05.02	00:14:14.490	0.93592				2
2025.05.02	00:14:14.941	0.93590				2
2025.05.02	00:14:16.202	0.93591				2
2025.05.02	00:14:18.573		0.93803			4
2025.05.02	00:14:19.535	0.93592				2
2025.05.02	00:14:20.297	0.93590				2
2025.05.02	00:14:21.037	0.93591				2
2025.05.02	00:14:21.783	0.93590				2
2025.05.02	00:14:22.199	0.93591				2
2025.05.02	00:14:24.186	0.93592				2
2025.05.02	00:14:35.443	0.93593				2
2025.05.02	00:14:40.771	0.93596	0.93765			6
2025.05.02	00:14:42.917	0.93593	0.93803			6
2025.05.02	00:14:43.246	0.93592	0.93774			6
2025.05.02	00:14:44.293	0.93593				2
2025.05.02	00:14:55.579	0.93594				2
2025.05.02	00:15:00.446	0.93598	0.93795			6
2025.05.02	00:15:02.226	0.93573	0.93755			6
2025.05.02	00:15:05.207	0.93571				2
2025.05.02	00:15:21.339	0.93572				2
2025.05.02	00:15:31.540	0.93573				2
2025.05.02	00:15:41.982	0.93572				2
2025.05.02	00:15:43.956	0.93585	0.93727			6
2025.05.02	00:16:00.426	0.93585				2
2025.05.02	00:16:38.961	0.93579	0.93721			6
2025.05.02	00:17:04.620	0.93579				2
2025.05.02	00:17:33.957	0.93585	0.93716			6
2025.05.02	00:18:02.191	0.93585				2
2025.05.02	00:18:34.553		0.93716			4
2025.05.02	00:18:48.563		0.93709			4
2025.05.02	00:18:51.987		0.93707			4
2025.05.02	00:19:02.190	0.93585				2
2025.05.02	00:19:12.190		0.93709			4
2025.05.02	00:19:31.941		0.93707			4
2025.05.02	00:19:43.615	0.93574	0.93704			6
2025.05.02	00:19:43.918		0.93699			4
2025.05.02	00:20:01.620	0.93574				2
2025.05.02	00:20:28.858	0.93583	0.93695			6
2025.05.02	00:20:31.429	0.93577	0.93690			6
2025.05.02	00:21:01.317	0.93577				2
2025.05.02	00:21:02.477	0.93572	0.93684			6
2025.05.02	00:21:21.622	0.93566	0.93678			6
2025.05.02	00:21:39.430	0.93584				2
2025.05.02	00:22:00.198	0.93584				2
2025.05.02	00:22:02.613		0.93684			4
2025.05.02	00:22:02.923		0.93673			4
2025.05.02	00:23:00.964	0.93584				2
2025.05.02	00:23:02.960		0.93673			4
2025.05.02	00:23:21.157		0.93684			4
2025.05.02	00:23:21.564		0.93667			4
2025.05.02	00:24:00.552	0.93584				2
2025.05.02	00:24:11.266		0.93666			4
2025.05.02	00:24:11.843		0.93669			4
2025.05.02	00:24:18.270		0.93667			4
2025.05.02	00:24:21.531		0.93669			4
2025.05.02	00:24:24.681		0.93667			4
2025.05.02	00:24:31.145		0.93684			4
2025.05.02	00:24:42.846	0.93585	0.93686			6
2025.05.02	00:24:56.143		0.93687			4
2025.05.02	00:24:58.251		0.93686			4
2025.05.02	00:25:00.310	0.93585				2
2025.05.02	00:25:04.809		0.93687			4
2025.05.02	00:25:06.206		0.93689			4
2025.05.02	00:25:17.996		0.93686			4
2025.05.02	00:25:31.144		0.93689			4
2025.05.02	00:26:00.433	0.93585				2
2025.05.02	00:26:32.113		0.93689			4
2025.05.02	00:26:41.955		0.93697			4
2025.05.02	00:26:42.960		0.93703			4
2025.05.02	00:26:43.463		0.93710			4
2025.05.02	00:26:43.967		0.93718			4
2025.05.02	00:26:44.358	0.93583	0.93814			6
2025.05.02	00:26:49.101	0.93585	0.93822			6
2025.05.02	00:26:53.271	0.93588	0.93814			6
2025.05.02	00:26:53.573	0.93585	0.93787			6
2025.05.02	00:26:53.878		0.93816			4
2025.05.02	00:26:54.374		0.93810			4
2025.05.02	00:27:01.475	0.93585				2
2025.05.02	00:27:53.259		0.93811			4
2025.05.02	00:27:53.562	0.93584	0.93771			6
2025.05.02	00:27:54.013		0.93786			4
2025.05.02	00:27:54.338		0.93758			4
2025.05.02	00:27:54.843		0.93783			4
2025.05.02	00:27:55.396	0.93586	0.93785			6
2025.05.02	00:27:55.840	0.93584	0.93788			6
2025.05.02	00:28:00.043	0.93584				2
2025.05.02	00:28:04.459		0.93789			4
2025.05.02	00:28:05.199		0.93787			4
2025.05.02	00:28:11.440		0.93786			4
2025.05.02	00:28:32.267		0.93784			4
2025.05.02	00:28:41.708		0.93774			4
2025.05.02	00:28:42.348		0.93757			4
2025.05.02	00:28:53.738	0.93585				2
2025.05.02	00:28:59.938		0.93812			4
2025.05.02	00:29:01.241	0.93585				2
2025.05.02	00:29:49.006		0.93755			4
2025.05.02	00:30:00.329	0.93585				2
2025.05.02	00:30:00.827	0.93572	0.93742			6
2025.05.02	00:30:02.741	0.93585	0.93755			6
2025.05.02	00:30:05.675	0.93574	0.93744			6
2025.05.02	00:30:10.752	0.93585	0.93755			6
2025.05.02	00:30:11.258	0.93574	0.93744			6
2025.05.02	00:30:12.618	0.93585	0.93755			6
2025.05.02	00:31:01.239	0.93585				2
2025.05.02	00:31:05.685	0.93572	0.93741			6
2025.05.02	00:31:11.254	0.93574				2
2025.05.02	00:31:20.703	0.93572				2
2025.05.02	00:31:55.930	0.93571				2
2025.05.02	00:32:00.338	0.93571				2
2025.05.02	00:32:00.700	0.93570	0.93740			6
2025.05.02	00:33:00.942	0.93570	0.93740			6
2025.05.02	00:33:05.704	0.93572				2
2025.05.02	00:33:23.414	0.93574				2
2025.05.02	00:33:24.781	0.93572				2
2025.05.02	00:33:35.440	0.93570				2
2025.05.02	00:33:50.702	0.93571	0.93741			6
2025.05.02	00:34:01.319	0.93571				2
2025.05.02	00:34:51.042		0.93741			4
2025.05.02	00:35:00.686	0.93571				2
2025.05.02	00:35:36.519	0.93578	0.93742			6
2025.05.02	00:36:00.638	0.93578				2
2025.05.02	00:36:13.560	0.93576	0.93733			6
2025.05.02	00:36:55.890	0.93591	0.93721			6
2025.05.02	00:36:56.759	0.93585	0.93710			6
2025.05.02	00:36:57.071	0.93587	0.93712			6
2025.05.02	00:36:58.837	0.93580	0.93705			6
2025.05.02	00:37:00.009	0.93580				2
2025.05.02	00:37:30.588	0.93574	0.93734			6
2025.05.02	00:38:03.339	0.93574				2
2025.05.02	00:38:32.246		0.93734			4
2025.05.02	00:39:00.384	0.93574				2
2025.05.02	00:39:05.124	0.93573				2
2025.05.02	00:39:10.670		0.93724			4
2025.05.02	00:39:10.977		0.93723			4
2025.05.02	00:39:14.345		0.93733			4
2025.05.02	00:40:00.373	0.93573				2
2025.05.02	00:40:09.549		0.93728			4
2025.05.02	00:40:32.543	0.93568				2
2025.05.02	00:40:33.031	0.93572	0.93723			6
2025.05.02	00:40:38.128		0.93735			4
2025.05.02	00:40:48.628		0.93733			4
2025.05.02	00:40:53.601	0.93575				2
2025.05.02	00:40:59.739	0.93574				2
2025.05.02	00:41:01.839	0.93574				2
2025.05.02	00:41:05.090	0.93579				2
2025.05.02	00:41:06.972	0.93575				2
2025.05.02	00:41:08.134	0.93574				2
2025.05.02	00:41:14.360	0.93572				2
2025.05.02	00:41:17.139	0.93574				2
2025.05.02	00:41:25.391	0.93575				2
2025.05.02	00:41:25.845	0.93574				2
2025.05.02	00:41:34.386	0.93576				2
2025.05.02	00:41:37.351	0.93575				2
2025.05.02	00:41:39.341	0.93574				2
2025.05.02	00:41:41.139	0.93576				2
2025.05.02	00:41:41.462	0.93574				2
2025.05.02	00:41:43.636		0.93734			4
2025.05.02	00:41:44.143	0.93576				2
2025.05.02	00:41:44.662	0.93575				2
2025.05.02	00:41:45.564	0.93574				2
2025.05.02	00:41:51.640	0.93576				2
2025.05.02	00:41:51.963	0.93574				2
2025.05.02	00:42:02.192	0.93575				2
2025.05.02	00:42:02.893	0.93576				2
2025.05.02	00:42:05.904	0.93575				2
2025.05.02	00:42:10.394	0.93576				2
2025.05.02	00:42:20.930	0.93575				2
2025.05.02	00:42:43.711	0.93576	0.93734			6
2025.05.02	00:42:44.225	0.93575				2
2025.05.02	00:42:47.903	0.93577				2
2025.05.02	00:42:48.225	0.93576				2
2025.05.02	00:42:49.537	0.93575				2
2025.05.02	00:42:50.153	0.93577				2
2025.05.02	00:42:57.215	0.93575				2
2025.05.02	00:42:59.905	0.93577				2
2025.05.02	00:43:00.343	0.93576				2
2025.05.02	00:43:01.237	0.93575				2
2025.05.02	00:43:02.156	0.93577				2
2025.05.02	00:43:10.640	0.93576				2
2025.05.02	00:43:14.907	0.93577				2
2025.05.02	00:43:19.346	0.93576				2
2025.05.02	00:43:23.440	0.93575				2
2025.05.02	00:43:26.158	0.93577				2
2025.05.02	00:43:29.909	0.93576				2
2025.05.02	00:43:31.838	0.93575				2
2025.05.02	00:43:33.721		0.93732			4
2025.05.02	00:43:46.239	0.93576				2
2025.05.02	00:43:46.920	0.93577				2
2025.05.02	00:43:48.481	0.93576				2
2025.05.02	00:43:52.191	0.93573				2
2025.05.02	00:44:03.643	0.93573				2
2025.05.02	00:44:08.441	0.93572				2
2025.05.02	00:44:10.588	0.93575				2
2025.05.02	00:44:13.428	0.93574				2
2025.05.02	00:44:28.726		0.93730			4
2025.05.02	00:44:42.871		0.93723			4
2025.05.02	00:44:43.311	0.93575				2
2025.05.02	00:44:45.558		0.93730			4
2025.05.02	00:44:45.944	0.93574				2
2025.05.02	00:44:59.181	0.93573				2
2025.05.02	00:45:00.374	0.93573				2
2025.05.02	00:45:02.136	0.93575	0.93724			6
2025.05.02	00:45:04.597	0.93573	0.93730			6
2025.05.02	00:45:08.693	0.93591	0.93712			6
2025.05.02	00:45:09.641	0.93592				2
2025.05.02	00:45:14.196	0.93591				2
2025.05.02	00:45:32.757	0.93592				2
2025.05.02	00:45:40.019	0.93591				2
2025.05.02	00:45:40.419		0.93708			4
2025.05.02	00:45:58.170	0.93590				2
2025.05.02	00:46:00.163	0.93590				2
2025.05.02	00:46:40.839		0.93708			4
2025.05.02	00:47:01.688	0.93590				2
2025.05.02	00:47:04.667	0.93588				2
2025.05.02	00:47:05.836	0.93589				2
2025.05.02	00:47:13.711	0.93586				2
2025.05.02	00:47:17.711	0.93588				2
2025.05.02	00:47:20.138	0.93589				2
2025.05.02	00:47:21.338	0.93588				2
2025.05.02	00:47:42.958		0.93708			4
2025.05.02	00:48:00.230	0.93588				2
2025.05.02	00:48:16.475	0.93585				2
2025.05.02	00:48:20.981	0.93588				2
2025.05.02	00:48:22.972	0.93585				2
2025.05.02	00:48:23.438	0.93584				2
2025.05.02	00:48:25.883	0.93585				2
2025.05.02	00:48:46.840	0.93584	0.93708			6
2025.05.02	00:49:00.361	0.93584				2
2025.05.02	00:49:05.885	0.93606	0.93796			6
2025.05.02	00:49:06.699		0.93789			4
2025.05.02	00:49:07.513		0.93788			4
2025.05.02	00:49:08.109	0.93575	0.93775			6
2025.05.02	00:49:08.422	0.93577	0.93776			6
2025.05.02	00:49:08.726	0.93580	0.93768			6
2025.05.02	00:49:09.331	0.93578	0.93760			6
2025.05.02	00:49:09.635	0.93583	0.93765			6
2025.05.02	00:49:10.542	0.93584				2
2025.05.02	00:49:12.360	0.93593	0.93753			6
2025.05.02	00:49:22.667		0.93754			4
2025.05.02	00:49:27.819	0.93609	0.93753			6
2025.05.02	00:49:38.128	0.93606	0.93796			6
2025.05.02	00:50:00.734	0.93606				2
2025.05.02	00:50:01.941		0.93795			4
2025.05.02	00:50:03.138		0.93794			4
2025.05.02	00:50:04.642		0.93793			4
2025.05.02	00:50:07.635		0.93792			4
2025.05.02	00:50:09.404		0.93791			4
2025.05.02	00:50:14.836		0.93790			4
2025.05.02	00:50:16.828	0.93610	0.93777			6
2025.05.02	00:50:19.557		0.93769			4
2025.05.02	00:50:22.893	0.93609	0.93757			6
2025.05.02	00:50:24.107	0.93589				2
2025.05.02	00:50:24.409		0.93758			4
2025.05.02	00:50:35.625	0.93609	0.93757			6
2025.05.02	00:50:38.356	0.93589				2
2025.05.02	00:50:39.568	0.93609				2
2025.05.02	00:50:44.115	0.93610				2
2025.05.02	00:50:50.481	0.93609	0.93755			6
2025.05.02	00:51:00.182	0.93609				2
2025.05.02	00:51:05.938	0.93610	0.93757			6
2025.05.02	00:51:09.577	0.93609	0.93755			6
2025.05.02	00:51:23.827		0.93765			4
2025.05.02	00:51:24.127	0.93605	0.93794			6
2025.05.02	00:52:02.193	0.93605				2
2025.05.02	00:52:26.139		0.93794			4
2025.05.02	00:52:39.215	0.93568	0.93758			6
2025.05.02	00:52:45.319	0.93575	0.93765			6
2025.05.02	00:52:45.623	0.93574	0.93753			6
2025.05.02	00:52:45.924	0.93581	0.93759			6
2025.05.02	00:52:46.529	0.93583	0.93760			6
2025.05.02	00:52:53.200	0.93582	0.93758			6
2025.05.02	00:52:57.139	0.93584	0.93759			6
2025.05.02	00:52:57.748		0.93758			4
2025.05.02	00:53:00.172	0.93584				2
2025.05.02	00:53:00.476	0.93585	0.93759			6
2025.05.02	00:53:03.811	0.93586	0.93758			6
2025.05.02	00:53:13.510	0.93587				2
2025.05.02	00:53:20.179	0.93588	0.93757			6
2025.05.02	00:53:27.153	0.93586	0.93754			6
2025.05.02	00:53:28.060	0.93585	0.93753			6
2025.05.02	00:53:35.038	0.93586	0.93752			6
2025.05.02	00:53:37.463		0.93753			4
2025.05.02	00:53:39.283	0.93588				2
2025.05.02	00:53:39.890	0.93587	0.93752			6
2025.05.02	00:53:41.403	0.93604	0.93794			6
2025.05.02	00:54:01.317	0.93604				2
2025.05.02	00:54:09.856	0.93596				2
2025.05.02	00:54:11.724	0.93603				2
2025.05.02	00:54:41.728		0.93794			4
2025.05.02	00:54:52.648	0.93605				2
2025.05.02	00:54:56.717	0.93602				2
2025.05.02	00:54:58.938	0.93604				2
2025.05.02	00:55:01.110	0.93604				2
2025.05.02	00:55:09.022	0.93600				2
2025.05.02	00:55:09.391	0.93606				2
2025.05.02	00:55:12.814	0.93593				2
2025.05.02	00:55:13.313	0.93606				2
2025.05.02	00:55:14.166	0.93604				2
2025.05.02	00:55:14.547	0.93607				2
2025.05.02	00:55:18.317	0.93609				2
2025.05.02	00:55:18.932	0.93595				2
2025.05.02	00:55:19.433	0.93606				2
2025.05.02	00:55:19.933	0.93595				2
2025.05.02	00:55:20.357	0.93606				2
2025.05.02	00:55:20.938	0.93597				2
2025.05.02	00:55:43.802		0.93794			4
2025.05.02	00:55:53.850	0.93592	0.93736			6
2025.05.02	00:56:00.250	0.93592				2
2025.05.02	00:56:06.009	0.93594	0.93737			6
2025.05.02	00:56:10.558	0.93593	0.93735			6
2025.05.02	00:56:18.740	0.93595	0.93736			6
2025.05.02	00:56:23.289	0.93594	0.93734			6
2025.05.02	00:56:25.106	0.93593	0.93733			6
2025.05.02	00:56:26.623	0.93592	0.93794			6
2025.05.02	00:56:43.100	0.93593				2
2025.05.02	00:57:00.041	0.93594				2
2025.05.02	00:57:19.740	0.93599				2
2025.05.02	00:57:27.945		0.93794			4
2025.05.02	00:57:40.106	0.93594				2
2025.05.02	00:58:03.871	0.93594				2
2025.05.02	00:58:27.790	0.93599				2
2025.05.02	00:58:29.172		0.93794			4
2025.05.02	00:58:33.958	0.93601				2
2025.05.02	00:58:34.469	0.93594				2
2025.05.02	00:58:49.467	0.93595	0.93731			6
2025.05.02	00:58:52.203	0.93594	0.93794			6
2025.05.02	00:59:01.312	0.93594				2
2025.05.02	00:59:11.852	0.93595				2
2025.05.02	00:59:15.322	0.93612				2
2025.05.02	00:59:16.009	0.93613				2
2025.05.02	00:59:34.792	0.93615				2
2025.05.02	00:59:41.138		0.93755			4
2025.05.02	00:59:43.490	0.93601	0.93796			6
2025.05.02	00:59:46.935		0.93795			4
2025.05.02	00:59:47.538		0.93793			4
2025.05.02	00:59:48.434		0.93790			4
2025.05.02	00:59:49.341		0.93789			4
2025.05.02	00:59:49.941		0.93788			4
2025.05.02	00:59:50.538		0.93787			4
2025.05.02	00:59:51.435		0.93786			4
2025.05.02	00:59:52.030		0.93767			4
2025.05.02	00:59:55.281	0.93563	0.93765			6
2025.05.02	00:59:55.585	0.93567	0.93766			6
2025.05.02	00:59:56.192	0.93569				2
2025.05.02	00:59:56.493	0.93570	0.93764			6
2025.05.02	00:59:56.799	0.93575	0.93763			6
2025.05.02	00:59:57.404	0.93601	0.93799			6
2025.05.02	01:00:00.305	0.93590	0.93786			6
2025.05.02	01:00:00.619	0.93588	0.93736			6
2025.05.02	01:00:00.946	0.93594	0.93749			6
2025.05.02	01:00:01.247	0.93599	0.93747			6
2025.05.02	01:00:01.549		0.93761			4
2025.05.02	01:00:01.860		0.93759			4
2025.05.02	01:00:02.266	0.93568	0.93705			6
2025.05.02	01:00:03.229	0.93567	0.93702			6
2025.05.02	01:00:03.838	0.93564	0.93698			6
2025.05.02	01:00:04.139	0.93566	0.93700			6
2025.05.02	01:00:04.442	0.93568				2
2025.05.02	01:00:05.056	0.93604	0.93716			6
2025.05.02	01:00:05.362	0.93602	0.93711			6
2025.05.02	01:00:05.797	0.93604	0.93709			6
2025.05.02	01:00:06.098	0.93606	0.93706			6
2025.05.02	01:00:06.403		0.93704			4
2025.05.02	01:00:06.783		0.93699			4
2025.05.02	01:00:07.108	0.93608				2
2025.05.02	01:00:07.850	0.93602	0.93691			6
2025.05.02	01:00:08.218	0.93605	0.93689			6
2025.05.02	01:00:08.908		0.93688			4
2025.05.02	01:00:09.572	0.93607	0.93692			6
2025.05.02	01:00:11.559	0.93609	0.93691			6
2025.05.02	01:00:11.862	0.93607	0.93690			6
2025.05.02	01:00:13.689	0.93608				2
2025.05.02	01:00:14.710	0.93611	0.93692			6
2025.05.02	01:00:16.239	0.93609	0.93690			6
2025.05.02	01:00:16.575		0.93686			4
2025.05.02	01:00:16.891		0.93685			4
2025.05.02	01:00:17.993	0.93632	0.93682			6
2025.05.02	01:00:18.919	0.93613	0.93677			6
2025.05.02	01:00:20.176	0.93615	0.93678			6
2025.05.02	01:00:20.512	0.93614	0.93679			6
2025.05.02	01:00:20.814	0.93616	0.93681			6
2025.05.02	01:00:21.130	0.93619	0.93682			6
2025.05.02	01:00:21.958	0.93620				2
2025.05.02	01:00:23.097	0.93624				2
2025.05.02	01:00:23.440	0.93623	0.93713			6
2025.05.02	01:00:25.576	0.93621				2
2025.05.02	01:00:25.914	0.93626	0.93693			6
2025.05.02	01:00:26.879		0.93694			4
2025.05.02	01:00:27.221	0.93629	0.93688			6
2025.05.02	01:00:27.589	0.93623	0.93690			6
2025.05.02	01:00:27.925	0.93631	0.93689			6
2025.05.02	01:00:29.065		0.93686			4
2025.05.02	01:00:30.401		0.93681			4
2025.05.02	01:00:30.990		0.93683			4
2025.05.02	01:00:32.439	0.93630				2
2025.05.02	01:00:33.641		0.93681			4
2025.05.02	01:00:34.399		0.93686			4
2025.05.02	01:00:35.408	0.93631	0.93685			6
2025.05.02	01:00:35.717	0.93614				2
2025.05.02	01:00:36.027	0.93609	0.93686			6
2025.05.02	01:00:36.390	0.93629	0.93694			6
2025.05.02	01:00:37.258	0.93630				2
2025.05.02	01:00:37.576	0.93629	0.93695			6
2025.05.02	01:00:38.139	0.93632	0.93696			6
2025.05.02	01:00:38.447	0.93633	0.93698			6
2025.05.02	01:00:38.795	0.93636	0.93694			6
2025.05.02	01:00:39.515	0.93629	0.93688			6
2025.05.02	01:00:40.278		0.93687			4
2025.05.02	01:00:40.605	0.93626	0.93685			6
2025.05.02	01:00:41.139	0.93624	0.93681			6
2025.05.02	01:00:41.439	0.93622				2
2025.05.02	01:00:42.360	0.93618	0.93682			6
2025.05.02	01:00:43.199	0.93624	0.93681			6
2025.05.02	01:00:43.538	0.93634	0.93675			6
2025.05.02	01:00:44.043	0.93633				2
2025.05.02	01:00:44.567	0.93634	0.93704			6
2025.05.02	01:00:44.905		0.93696			4
2025.05.02	01:00:45.227		0.93694			4
2025.05.02	01:00:45.646	0.93644	0.93689			6
2025.05.02	01:00:45.962	0.93642	0.93686			6
2025.05.02	01:00:46.316		0.93684			4
2025.05.02	01:00:46.668	0.93641	0.93687			6
2025.05.02	01:00:48.260	0.93642				2
2025.05.02	01:00:51.347	0.93640	0.93678			6
2025.05.02	01:00:51.938	0.93636	0.93675			6
2025.05.02	01:00:52.266		0.93676			4
2025.05.02	01:00:53.260		0.93677			4
2025.05.02	01:00:55.840	0.93638	0.93678			6
2025.05.02	01:00:56.514		0.93679			4
2025.05.02	01:00:57.168	0.93636	0.93678			6
2025.05.02	01:00:57.813	0.93637				2
2025.05.02	01:00:58.138		0.93689			4
2025.05.02	01:00:58.444	0.93641	0.93684			6
2025.05.02	01:00:58.779		0.93687			4
2025.05.02	01:01:00.239	0.93641				2
2025.05.02	01:01:00.542		0.93681			4
2025.05.02	01:01:01.406		0.93680			4
2025.05.02	01:01:02.462	0.93634	0.93687			6
2025.05.02	01:01:03.815		0.93686			4
2025.05.02	01:01:04.397		0.93685			4
2025.05.02	01:01:05.145		0.93686			4
2025.05.02	01:01:09.211	0.93633	0.93702			6
2025.05.02	01:01:09.575		0.93696			4
2025.05.02	01:01:09.897	0.93635	0.93691			6
2025.05.02	01:01:10.198	0.93634	0.93689			6
2025.05.02	01:01:10.893	0.93635	0.93686			6
2025.05.02	01:01:11.208		0.93687			4
2025.05.02	01:01:11.738		0.93686			4
2025.05.02	01:01:12.054		0.93687			4
2025.05.02	01:01:21.484	0.93636	0.93700			6
2025.05.02	01:01:21.805	0.93635	0.93694			6
2025.05.02	01:01:22.131		0.93691			4
2025.05.02	01:01:22.922	0.93634	0.93687			6
2025.05.02	01:01:23.559	0.93635				2
2025.05.02	01:01:24.708	0.93643				2
2025.05.02	01:01:25.030		0.93693			4
2025.05.02	01:01:27.910		0.93689			4
2025.05.02	01:01:29.455		0.93688			4
2025.05.02	01:01:31.358		0.93687			4
2025.05.02	01:01:32.408		0.93685			4
2025.05.02	01:01:34.939	0.93642	0.93702			6
2025.05.02	01:01:36.938		0.93701			4
2025.05.02	01:01:37.245	0.93643	0.93696			6
2025.05.02	01:01:37.558	0.93644	0.93694			6
2025.05.02	01:01:38.630		0.93689			4
2025.05.02	01:01:38.955	0.93654	0.93692			6
2025.05.02	01:01:39.706	0.93644	0.93690			6
2025.05.02	01:01:40.039	0.93651	0.93693			6
2025.05.02	01:01:40.360	0.93653				2
2025.05.02	01:01:40.833	0.93644	0.93690			6
2025.05.02	01:01:41.414	0.93654	0.93697			6
2025.05.02	01:01:41.724		0.93695			4
2025.05.02	01:01:43.821	0.93644	0.93688			6
2025.05.02	01:01:46.486		0.93687			4
2025.05.02	01:01:52.764		0.93688			4
2025.05.02	01:01:53.105		0.93687			4
2025.05.02	01:01:57.230	0.93651	0.93689			6
2025.05.02	01:01:57.551	0.93645	0.93688			6
2025.05.02	01:01:57.873	0.93644	0.93687			6
2025.05.02	01:01:58.852		0.93685			4
2025.05.02	01:02:00.527	0.93644	0.93686			6
2025.05.02	01:02:00.841		0.93687			4
2025.05.02	01:02:01.258		0.93686			4
2025.05.02	01:02:02.162	0.93643	0.93683			6
2025.05.02	01:02:05.002	0.93635	0.93681			6
2025.05.02	01:02:05.333	0.93634	0.93679			6
2025.05.02	01:02:10.903	0.93630				2
2025.05.02	01:02:11.203	0.93624	0.93676			6
2025.05.02	01:02:12.608		0.93674			4
2025.05.02	01:02:13.406	0.93625				2
2025.05.02	01:02:18.709	0.93624				2
2025.05.02	01:02:19.018	0.93625				2
2025.05.02	01:02:19.329	0.93624	0.93671			6
2025.05.02	01:02:28.987	0.93623	0.93669			6
2025.05.02	01:02:30.844	0.93624				2
2025.05.02	01:02:39.046	0.93623	0.93673			6
2025.05.02	01:02:39.366	0.93624	0.93669			6
2025.05.02	01:02:44.852	0.93621				2
2025.05.02	01:02:45.658	0.93616	0.93667			6
2025.05.02	01:02:46.430		0.93669			4
2025.05.02	01:02:49.474	0.93614				2
2025.05.02	01:02:49.796	0.93613	0.93667			6
2025.05.02	01:02:50.098	0.93614	0.93669			6
2025.05.02	01:02:51.323	0.93615	0.93666			6
2025.05.02	01:03:00.163	0.93614	0.93664			6
2025.05.02	01:03:10.269	0.93613	0.93665			6
2025.05.02	01:03:10.592	0.93614				2
2025.05.02	01:03:10.915		0.93664			4
2025.05.02	01:03:20.918	0.93613	0.93666			6
2025.05.02	01:03:21.558	0.93614	0.93664			6
2025.05.02	01:03:27.359	0.93628	0.93647			6
2025.05.02	01:03:28.352		0.93646			4
2025.05.02	01:03:29.825	0.93614	0.93659			6
2025.05.02	01:03:30.356		0.93664			4
2025.05.02	01:03:30.719		0.93663			4
2025.05.02	01:03:31.318	0.93613				2
2025.05.02	01:03:31.994	0.93614				2
2025.05.02	01:03:35.218	0.93615				2
2025.05.02	01:03:36.413	0.93614				2
2025.05.02	01:03:40.357		0.93662			4
2025.05.02	01:03:42.088		0.93660			4
2025.05.02	01:03:45.972		0.93659			4
2025.05.02	01:03:49.761		0.93658			4
2025.05.02	01:03:53.500	0.93615				2
2025.05.02	01:04:00.039	0.93615				2
2025.05.02	01:04:05.741	0.93616				2
2025.05.02	01:04:07.219	0.93617				2
2025.05.02	01:04:23.066	0.93623				2
2025.05.02	01:04:25.392	0.93621				2
2025.05.02	01:04:25.712	0.93622				2
2025.05.02	01:04:35.739	0.93621				2
2025.05.02	01:04:39.247	0.93627	0.93659			6
2025.05.02	01:04:39.560	0.93626				2
2025.05.02	01:04:40.236	0.93628				2
2025.05.02	01:04:48.536		0.93656			4
2025.05.02	01:04:50.622	0.93634	0.93665			6
2025.05.02	01:04:58.353		0.93664			4
2025.05.02	01:05:01.354	0.93634	0.93666			6
2025.05.02	01:05:15.041		0.93665			4
2025.05.02	01:05:22.597		0.93666			4
2025.05.02	01:05:25.317	0.93643	0.93670			6
2025.05.02	01:05:25.840		0.93669			4
2025.05.02	01:05:28.557		0.93668			4
2025.05.02	01:05:29.239		0.93673			4
2025.05.02	01:05:29.559		0.93669			4
2025.05.02	01:05:36.817		0.93672			4
2025.05.02	01:05:37.929		0.93669			4
2025.05.02	01:05:39.777		0.93673			4
2025.05.02	01:05:40.098		0.93669			4
2025.05.02	01:05:44.395	0.93644				2
2025.05.02	01:05:47.741	0.93650	0.93675			6
2025.05.02	01:05:48.102	0.93647				2
2025.05.02	01:05:48.601		0.93676			4
2025.05.02	01:05:49.960		0.93669			4
2025.05.02	01:05:50.313		0.93674			4
2025.05.02	01:05:50.630		0.93671			4
2025.05.02	01:05:51.378		0.93674			4
2025.05.02	01:05:52.352	0.93637	0.93668			6
2025.05.02	01:05:53.009	0.93640				2
2025.05.02	01:05:53.595		0.93666			4
2025.05.02	01:05:54.043		0.93670			4
2025.05.02	01:05:54.352	0.93630				2
2025.05.02	01:05:56.442		0.93669			4
2025.05.02	01:05:57.919	0.93631				2
2025.05.02	01:05:59.300	0.93632				2
2025.05.02	01:06:00.008	0.93632				2
2025.05.02	01:06:00.370	0.93635	0.93666			6
2025.05.02	01:06:02.356	0.93632				2
2025.05.02	01:06:04.240	0.93639				2
2025.05.02	01:06:04.542		0.93663			4
2025.05.02	01:06:05.730	0.93633	0.93657			6
2025.05.02	01:06:06.038		0.93656			4
2025.05.02	01:06:06.341	0.93624	0.93655			6
2025.05.02	01:06:08.356	0.93626				2
2025.05.02	01:06:10.612	0.93621				2
2025.05.02	01:06:12.014		0.93658			4
2025.05.02	01:06:12.553		0.93659			4
2025.05.02	01:06:15.339		0.93661			4
2025.05.02	01:06:15.937		0.93660			4
2025.05.02	01:06:16.362	0.93622				2
2025.05.02	01:06:17.137		0.93661			4
2025.05.02	01:06:18.356	0.93624	0.93660			6
2025.05.02	01:06:19.481	0.93623				2
2025.05.02	01:06:23.858	0.93627	0.93663			6
2025.05.02	01:06:24.803	0.93629				2
2025.05.02	01:06:29.510	0.93631	0.93664			6
2025.05.02	01:06:39.041	0.93630				2
2025.05.02	01:06:39.361		0.93662			4
2025.05.02	01:06:40.306	0.93631				2
2025.05.02	01:06:41.070		0.93661			4
2025.05.02	01:06:41.744		0.93660			4
2025.05.02	01:06:43.403	0.93630	0.93659			6
2025.05.02	01:06:43.716	0.93629				2
2025.05.02	01:06:49.242	0.93633	0.93660			6
2025.05.02	01:06:50.357		0.93661			4
2025.05.02	01:06:57.991		0.93660			4
2025.05.02	01:07:00.639	0.93633				2
2025.05.02	01:07:02.466	0.93630	0.93659			6
2025.05.02	01:07:02.904	0.93628				2
2025.05.02	01:07:06.038	0.93630	0.93660			6
2025.05.02	01:07:11.262		0.93658			4
2025.05.02	01:07:15.364	0.93629				2
2025.05.02	01:07:18.361	0.93630	0.93660			6
2025.05.02	01:07:18.846	0.93621	0.93657			6
2025.05.02	01:07:19.160	0.93622	0.93649			6
2025.05.02	01:07:19.559	0.93630	0.93655			6
2025.05.02	01:07:21.042		0.93656			4
2025.05.02	01:07:28.135	0.93635	0.93663			6
2025.05.02	01:07:31.317	0.93636				2
2025.05.02	01:07:33.415	0.93635	0.93662			6
2025.05.02	01:07:35.318	0.93627	0.93661			6
2025.05.02	01:07:35.752		0.93657			4
2025.05.02	01:07:38.139		0.93655			4
2025.05.02	01:08:00.417	0.93627				2
2025.05.02	01:08:05.431	0.93625	0.93653			6
2025.05.02	01:08:19.735		0.93652			4
2025.05.02	01:08:27.519	0.93622	0.93651			6
2025.05.02	01:08:31.076	0.93620	0.93649			6
2025.05.02	01:08:31.838	0.93619	0.93648			6
2025.05.02	01:08:33.039	0.93618	0.93647			6
2025.05.02	01:08:33.642	0.93619	0.93648			6
2025.05.02	01:08:42.339		0.93642			4
2025.05.02	01:08:42.921		0.93643			4
2025.05.02	01:08:43.972		0.93641			4
2025.05.02	01:08:44.439	0.93620				2
2025.05.02	01:08:51.393	0.93621	0.93643			6
2025.05.02	01:08:54.543		0.93642			4
2025.05.02	01:08:54.940	0.93620				2
2025.05.02	01:09:00.044	0.93620				2
2025.05.02	01:09:07.562	0.93621	0.93640			6
2025.05.02	01:09:21.965	0.93627	0.93648			6
2025.05.02	01:09:22.269	0.93625	0.93647			6
2025.05.02	01:09:27.799		0.93646			4
2025.05.02	01:09:29.139	0.93624				2
2025.05.02	01:09:34.238	0.93625				2
2025.05.02	01:09:39.340	0.93624	0.93647			6
2025.05.02	01:09:39.699	0.93626				2
2025.05.02	01:09:40.680	0.93623	0.93649			6
2025.05.02	01:09:41.138	0.93625				2
2025.05.02	01:09:43.841	0.93628				2
2025.05.02	01:09:44.662	0.93627				2
2025.05.02	01:09:45.039	0.93630				2
2025.05.02	01:09:45.371		0.93650			4
2025.05.02	01:09:46.223	0.93631				2
2025.05.02	01:09:48.606		0.93651			4
2025.05.02	01:09:49.413	0.93632	0.93652			6
2025.05.02	01:10:00.391	0.93632				2
2025.05.02	01:10:02.150	0.93633	0.93653			6
2025.05.02	01:10:17.821		0.93654			4
2025.05.02	01:10:18.941	0.93632				2
2025.05.02	01:10:21.014	0.93633	0.93653			6
2025.05.02	01:10:24.342	0.93632				2
2025.05.02	01:10:26.403		0.93652			4
2025.05.02	01:10:41.365		0.93653			4
2025.05.02	01:10:57.791	0.93633				2
2025.05.02	01:11:00.098	0.93632				2
2025.05.02	01:11:02.738	0.93631				2
2025.05.02	01:11:06.647	0.93632				2
2025.05.02	01:11:10.823	0.93640	0.93658			6
2025.05.02	01:11:11.161	0.93639				2
2025.05.02	01:11:14.506	0.93638				2
2025.05.02	01:11:14.816	0.93639				2
2025.05.02	01:11:20.704	0.93637				2
2025.05.02	01:11:21.037	0.93634				2
2025.05.02	01:11:27.040	0.93636				2
2025.05.02	01:11:34.839	0.93637				2
2025.05.02	01:11:37.670	0.93638	0.93654			6
2025.05.02	01:11:38.023	0.93634	0.93653			6
2025.05.02	01:11:39.939	0.93632	0.93656			6
2025.05.02	01:11:40.276	0.93638				2
2025.05.02	01:11:49.247	0.93639	0.93655			6
2025.05.02	01:11:49.837	0.93637				2
2025.05.02	01:11:51.053		0.93657			4
2025.05.02	01:11:52.453	0.93633	0.93653			6
2025.05.02	01:11:53.747	0.93632				2
2025.05.02	01:11:55.458		0.93654			4
2025.05.02	01:11:56.066	0.93633				2
2025.05.02	01:12:00.322	0.93633				2
2025.05.02	01:12:07.964	0.93634				2
2025.05.02	01:12:08.741	0.93633				2
2025.05.02	01:12:15.016	0.93632				2
2025.05.02	01:12:22.883	0.93637	0.93655			6
2025.05.02	01:12:25.399	0.93633				2
2025.05.02	01:12:25.839	0.93637				2
2025.05.02	01:12:29.216	0.93638				2
2025.05.02	01:12:29.733	0.93643	0.93658			6
2025.05.02	01:12:30.342	0.93641				2
2025.05.02	01:12:38.721	0.93639	0.93657			6
2025.05.02	01:12:49.573	0.93649	0.93660			6
2025.05.02	01:12:59.775	0.93648				2
2025.05.02	01:13:00.112	0.93650				2
2025.05.02	01:13:00.418	0.93648				2
2025.05.02	01:13:06.941	0.93649	0.93661			6
2025.05.02	01:13:07.247		0.93660			4
2025.05.02	01:13:09.605		0.93662			4
2025.05.02	01:13:15.851		0.93659			4
2025.05.02	01:13:16.251		0.93658			4
2025.05.02	01:13:20.853	0.93648				2
2025.05.02	01:13:24.337		0.93659			4
2025.05.02	01:13:28.248		0.93661			4
2025.05.02	01:13:30.869	0.93649				2
2025.05.02	01:13:36.389	0.93651	0.93663			6
2025.05.02	01:14:00.423	0.93651				2
2025.05.02	01:14:08.934		0.93664			4
2025.05.02	01:14:16.007		0.93660			4
2025.05.02	01:14:20.643	0.93649	0.93659			6
2025.05.02	01:14:47.403	0.93651	0.93660			6
2025.05.02	01:14:50.622	0.93650				2
2025.05.02	01:14:51.313	0.93649				2
2025.05.02	01:14:52.070	0.93650				2
2025.05.02	01:14:54.775	0.93651				2
2025.05.02	01:15:00.340	0.93650	0.93659			6
2025.05.02	01:15:00.640	0.93651				2
2025.05.02	01:15:01.378	0.93650				2
2025.05.02	01:15:02.045	0.93649				2
2025.05.02	01:15:03.468	0.93650				2
2025.05.02	01:15:04.193	0.93649				2
2025.05.02	01:15:05.136	0.93650				2
2025.05.02	01:15:11.436	0.93646				2
2025.05.02	01:15:11.803	0.93647				2
2025.05.02	01:15:14.535	0.93650	0.93663			6
2025.05.02	01:15:17.773	0.93648				2
2025.05.02	01:15:18.086	0.93649				2
2025.05.02	01:15:19.861	0.93648				2
2025.05.02	01:15:20.173	0.93649				2
2025.05.02	01:15:20.906	0.93648				2
2025.05.02	01:15:21.218	0.93649				2
2025.05.02	01:15:24.350	0.93650				2
2025.05.02	01:15:25.081	0.93649				2
2025.05.02	01:15:27.864	0.93650	0.93662			6
2025.05.02	01:15:30.813	0.93648	0.93660			6
2025.05.02	01:15:32.365		0.93659			4
2025.05.02	01:15:34.164	0.93649	0.93660			6
2025.05.02	01:15:34.584	0.93648				2
2025.05.02	01:15:35.728		0.93659			4
2025.05.02	01:15:36.463	0.93649				2
2025.05.02	01:15:36.857		0.93662			4
2025.05.02	01:15:38.172	0.93648	0.93663			6
2025.05.02	01:15:38.542	0.93649				2
2025.05.02	01:15:39.773	0.93650				2
2025.05.02	01:15:40.289	0.93649				2
2025.05.02	01:15:43.480	0.93648				2
2025.05.02	01:15:45.047	0.93647				2
2025.05.02	01:15:47.187	0.93645				2
2025.05.02	01:15:47.544	0.93647				2
2025.05.02	01:15:48.239	0.93645				2
2025.05.02	01:15:51.273	0.93651				2
2025.05.02	01:15:51.636	0.93645				2
2025.05.02	01:15:52.729		0.93662			4
2025.05.02	01:15:53.425	0.93644				2
2025.05.02	01:15:54.929	0.93645				2
2025.05.02	01:15:55.245		0.93663			4
2025.05.02	01:15:55.545		0.93662			4
2025.05.02	01:15:58.034	0.93644				2
2025.05.02	01:15:58.413	0.93645	0.93663			6
2025.05.02	01:16:00.235	0.93645				2
2025.05.02	01:16:01.146		0.93662			4
2025.05.02	01:16:02.180	0.93637	0.93657			6
2025.05.02	01:16:02.500	0.93630	0.93650			6
2025.05.02	01:16:03.864	0.93631	0.93651			6
2025.05.02	01:16:05.747	0.93630	0.93649			6
2025.05.02	01:16:08.761	0.93632				2
2025.05.02	01:16:09.828	0.93631				2
2025.05.02	01:16:13.585	0.93632				2
2025.05.02	01:16:16.241	0.93629	0.93650			6
2025.05.02	01:16:17.167	0.93632				2
2025.05.02	01:16:17.822	0.93631				2
2025.05.02	01:16:18.459	0.93632				2
2025.05.02	01:16:19.086	0.93629				2
2025.05.02	01:16:19.442	0.93631				2
2025.05.02	01:16:19.796	0.93629				2
2025.05.02	01:16:20.505	0.93630				2
2025.05.02	01:16:20.832	0.93633				2
2025.05.02	01:16:21.425	0.93629				2
2025.05.02	01:16:22.538	0.93632				2
2025.05.02	01:16:23.555	0.93631				2
2025.05.02	01:16:24.174	0.93633				2
2025.05.02	01:16:24.477	0.93629				2
2025.05.02	01:16:25.511	0.93630	0.93651			6
2025.05.02	01:16:25.875	0.93629	0.93650			6
2025.05.02	01:16:26.311	0.93633	0.93651			6
2025.05.02	01:16:27.153	0.93629	0.93650			6
2025.05.02	01:16:28.325	0.93633				2
2025.05.02	01:16:29.345	0.93629				2
2025.05.02	01:16:30.359	0.93633				2
2025.05.02	01:16:31.375	0.93627				2
2025.05.02	01:16:31.676	0.93628				2
2025.05.02	01:16:32.308	0.93629				2
2025.05.02	01:16:33.396	0.93630				2
2025.05.02	01:16:33.711	0.93629				2
2025.05.02	01:16:34.408	0.93633	0.93651			6
2025.05.02	01:16:34.821	0.93629	0.93650			6
2025.05.02	01:16:35.335	0.93626				2
2025.05.02	01:16:35.661	0.93628				2
2025.05.02	01:16:35.986	0.93631				2
2025.05.02	01:16:36.290	0.93628				2
2025.05.02	01:16:36.917	0.93632	0.93651			6
2025.05.02	01:16:37.232	0.93628	0.93650			6
2025.05.02	01:16:38.029	0.93630				2
2025.05.02	01:16:38.998	0.93628				2
2025.05.02	01:16:40.607	0.93633	0.93653			6
2025.05.02	01:16:41.438	0.93631				2
2025.05.02	01:16:41.753	0.93633				2
2025.05.02	01:16:42.058	0.93634				2
2025.05.02	01:16:42.723		0.93654			4
2025.05.02	01:16:43.030	0.93635				2
2025.05.02	01:16:43.345	0.93636				2
2025.05.02	01:16:43.785	0.93633				2
2025.05.02	01:16:44.128	0.93632				2
2025.05.02	01:16:44.802	0.93634				2
2025.05.02	01:16:45.306	0.93633	0.93652			6
2025.05.02	01:16:45.659	0.93634				2
2025.05.02	01:16:46.379	0.93635				2
2025.05.02	01:16:52.136	0.93633				2
2025.05.02	01:16:53.681	0.93635				2
2025.05.02	01:16:54.714	0.93633				2
2025.05.02	01:17:00.514	0.93633	0.93651			6
2025.05.02	01:17:07.156	0.93635	0.93652			6
2025.05.02	01:17:08.447	0.93633				2
2025.05.02	01:17:10.383	0.93634				2
2025.05.02	01:17:11.388	0.93636	0.93653			6
2025.05.02	01:17:12.416	0.93634	0.93652			6
2025.05.02	01:17:18.854	0.93635				2
2025.05.02	01:17:19.162	0.93636				2
2025.05.02	01:17:20.055	0.93634				2
2025.05.02	01:17:21.084	0.93632	0.93650			6
2025.05.02	01:17:21.548	0.93633	0.93653			6
2025.05.02	01:17:22.348	0.93631				2
2025.05.02	01:17:23.201	0.93630				2
2025.05.02	01:17:23.516	0.93633				2
2025.05.02	01:17:24.429	0.93631				2
2025.05.02	01:17:25.150	0.93633				2
2025.05.02	01:17:27.673		0.93652			4
2025.05.02	01:17:29.464	0.93632	0.93651			6
2025.05.02	01:17:29.847	0.93633				2
2025.05.02	01:17:30.389		0.93652			4
2025.05.02	01:17:37.417	0.93632				2
2025.05.02	01:17:38.446	0.93633				2
2025.05.02	01:17:43.997	0.93631				2
2025.05.02	01:17:44.445		0.93650			4
2025.05.02	01:17:45.407	0.93630	0.93652			6
2025.05.02	01:17:45.707	0.93628				2
2025.05.02	01:17:46.034	0.93632				2
2025.05.02	01:17:46.426	0.93633				2
2025.05.02	01:17:48.095	0.93630				2
2025.05.02	01:17:48.507	0.93629				2
2025.05.02	01:17:48.832	0.93631				2
2025.05.02	01:17:49.538	0.93633				2
2025.05.02	01:17:50.021	0.93631				2
2025.05.02	01:17:51.990	0.93629	0.93648			6
2025.05.02	01:17:53.030	0.93630				2
2025.05.02	01:17:53.339	0.93628				2
2025.05.02	01:17:53.915	0.93629				2
2025.05.02	01:17:54.223	0.93630				2
2025.05.02	01:17:55.154	0.93629				2
2025.05.02	01:17:55.746	0.93628				2
2025.05.02	01:17:56.139	0.93630				2
2025.05.02	01:17:57.177	0.93629				2
2025.05.02	01:17:57.580	0.93630				2
2025.05.02	01:17:58.177		0.93651			4
2025.05.02	01:17:58.543	0.93631				2
2025.05.02	01:17:59.382	0.93632				2
2025.05.02	01:18:00.430	0.93632				2
2025.05.02	01:18:01.467	0.93631				2
2025.05.02	01:18:02.505	0.93632				2
2025.05.02	01:18:04.575	0.93629	0.93649			6
2025.05.02	01:18:05.443	0.93630				2
2025.05.02	01:18:05.874	0.93629				2
2025.05.02	01:18:07.537	0.93630				2
2025.05.02	01:18:09.517	0.93631				2
2025.05.02	01:18:09.944	0.93630				2
2025.05.02	01:18:12.496	0.93631				2
2025.05.02	01:18:13.162	0.93630				2
2025.05.02	01:18:14.676	0.93629				2
2025.05.02	01:18:15.148		0.93648			4
2025.05.02	01:18:16.971	0.93630				2
2025.05.02	01:18:17.647	0.93629				2
2025.05.02	01:18:18.437	0.93628				2
2025.05.02	01:18:20.593	0.93629				2
2025.05.02	01:18:21.393	0.93630	0.93650			6
2025.05.02	01:18:22.345	0.93629				2
2025.05.02	01:18:22.672	0.93630				2
2025.05.02	01:18:32.671	0.93631				2
2025.05.02	01:18:34.636	0.93630				2
2025.05.02	01:18:39.341	0.93631				2
2025.05.02	01:18:40.410	0.93630				2
2025.05.02	01:18:41.746	0.93631				2
2025.05.02	01:18:42.695	0.93630				2
2025.05.02	01:18:45.480		0.93651			4
2025.05.02	01:18:45.814	0.93631				2
2025.05.02	01:18:47.184	0.93630				2
2025.05.02	01:18:49.373	0.93631	0.93650			6
2025.05.02	01:18:50.441	0.93630				2
2025.05.02	01:18:50.805		0.93651			4
2025.05.02	01:18:52.237	0.93631				2
2025.05.02	01:18:54.175	0.93630				2
2025.05.02	01:18:55.020	0.93631				2
2025.05.02	01:18:56.332	0.93632				2
2025.05.02	01:18:57.896	0.93633				2
2025.05.02	01:19:00.801	0.93633				2
2025.05.02	01:19:05.254	0.93632				2
2025.05.02	01:19:07.651	0.93633				2
2025.05.02	01:19:10.416	0.93632	0.93652			6
2025.05.02	01:19:11.863	0.93631				2
2025.05.02	01:19:12.489	0.93632				2
2025.05.02	01:19:15.164	0.93631				2
2025.05.02	01:19:22.191	0.93632				2
2025.05.02	01:19:22.540	0.93631				2
2025.05.02	01:19:23.334	0.93632				2
2025.05.02	01:19:23.737	0.93631				2
2025.05.02	01:19:24.814	0.93639	0.93657			6
2025.05.02	01:19:27.918	0.93638	0.93656			6
2025.05.02	01:19:31.037	0.93639				2
2025.05.02	01:19:31.612		0.93657			4
2025.05.02	01:19:32.443	0.93638				2
2025.05.02	01:19:34.474		0.93658			4
2025.05.02	01:19:39.535		0.93659			4
2025.05.02	01:19:39.990	0.93639	0.93658			6
2025.05.02	01:19:40.304		0.93657			4
2025.05.02	01:19:40.759		0.93658			4
2025.05.02	01:19:46.409	0.93638				2
2025.05.02	01:19:47.500	0.93639	0.93659			6
2025.05.02	01:19:51.044		0.93658			4
2025.05.02	01:19:55.945	0.93638				2
2025.05.02	01:19:56.376	0.93639				2
2025.05.02	01:20:00.493	0.93639				2
2025.05.02	01:20:09.418		0.93659			4
2025.05.02	01:20:12.562	0.93640				2
2025.05.02	01:20:19.154	0.93638	0.93657			6
2025.05.02	01:20:19.780		0.93658			4
2025.05.02	01:20:25.482		0.93657			4
2025.05.02	01:20:29.327	0.93640				2
2025.05.02	01:20:30.345	0.93639	0.93659			6
2025.05.02	01:20:32.040	0.93640				2
2025.05.02	01:20:33.341	0.93639				2
2025.05.02	01:20:33.714	0.93640				2
2025.05.02	01:20:36.642		0.93660			4
2025.05.02	01:20:38.441		0.93659			4
2025.05.02	01:20:42.691		0.93660			4
2025.05.02	01:20:44.277	0.93638	0.93658			6
2025.05.02	01:20:44.590	0.93639	0.93659			6
2025.05.02	01:20:44.911	0.93640				2
2025.05.02	01:20:50.092	0.93641				2
2025.05.02	01:20:57.406	0.93639	0.93658			6
2025.05.02	01:20:58.140	0.93640	0.93659			6
2025.05.02	01:20:58.446		0.93658			4
2025.05.02	01:20:58.751		0.93659			4
2025.05.02	01:20:59.316	0.93639				2
2025.05.02	01:21:00.277	0.93639				2
2025.05.02	01:21:05.761	0.93640				2
2025.05.02	01:21:07.113	0.93639				2
2025.05.02	01:21:07.705	0.93640				2
2025.05.02	01:21:08.323	0.93642	0.93661			6
2025.05.02	01:21:09.230		0.93662			4
2025.05.02	01:21:09.640	0.93641	0.93661			6
2025.05.02	01:21:10.238		0.93662			4
2025.05.02	01:21:10.846	0.93642				2
2025.05.02	01:21:14.569		0.93661			4
2025.05.02	01:21:16.820	0.93643	0.93662			6
2025.05.02	01:21:17.434	0.93644				2
2025.05.02	01:21:19.393	0.93642	0.93660			6
2025.05.02	01:21:28.946	0.93641	0.93661			6
2025.05.02	01:21:29.266	0.93642				2
2025.05.02	01:21:36.052	0.93641				2
2025.05.02	01:21:36.358		0.93660			4
2025.05.02	01:21:36.678	0.93639				2
2025.05.02	01:21:37.098	0.93638				2
2025.05.02	01:21:38.141	0.93639				2
2025.05.02	01:21:38.521	0.93638				2
2025.05.02	01:21:38.854	0.93639				2
2025.05.02	01:21:39.191	0.93638				2
2025.05.02	01:21:40.276	0.93639				2
2025.05.02	01:21:40.960	0.93638				2
2025.05.02	01:21:41.464	0.93639	0.93659			6
2025.05.02	01:21:41.796	0.93638	0.93661			6
2025.05.02	01:21:42.203	0.93639				2
2025.05.02	01:21:42.583	0.93640	0.93660			6
2025.05.02	01:21:44.846		0.93659			4
2025.05.02	01:21:45.421	0.93639	0.93660			6
2025.05.02	01:21:48.885	0.93640	0.93659			6
2025.05.02	01:21:49.627		0.93661			4
2025.05.02	01:21:49.982	0.93641	0.93660			6
2025.05.02	01:21:51.016	0.93640				2
2025.05.02	01:21:54.161	0.93639				2
2025.05.02	01:21:55.175	0.93641				2
2025.05.02	01:22:02.439	0.93641				2
2025.05.02	01:22:05.711	0.93640	0.93661			6
2025.05.02	01:22:07.477		0.93659			4
2025.05.02	01:22:07.825	0.93639				2
2025.05.02	01:22:08.384	0.93640				2
2025.05.02	01:22:08.700	0.93639	0.93658			6
2025.05.02	01:22:14.140	0.93640	0.93659			6
2025.05.02	01:22:14.462	0.93634	0.93654			6
2025.05.02	01:22:14.808	0.93635	0.93653			6
2025.05.02	01:22:20.750	0.93634				2
2025.05.02	01:22:21.792	0.93635				2
2025.05.02	01:22:22.206		0.93654			4
2025.05.02	01:22:22.779	0.93636				2
2025.05.02	01:22:23.301	0.93635				2
2025.05.02	01:22:24.576		0.93653			4
2025.05.02	01:22:31.402		0.93654			4
2025.05.02	01:22:36.342	0.93636				2
2025.05.02	01:22:39.508		0.93655			4
2025.05.02	01:22:43.687	0.93637	0.93656			6
2025.05.02	01:22:45.339		0.93655			4
2025.05.02	01:22:46.673		0.93656			4
2025.05.02	01:22:49.362		0.93655			4
2025.05.02	01:22:50.548		0.93656			4
2025.05.02	01:22:52.281	0.93630	0.93653			6
2025.05.02	01:22:55.839		0.93652			4
2025.05.02	01:22:56.631		0.93653			4
2025.05.02	01:23:00.266	0.93630				2
2025.05.02	01:23:02.141	0.93633	0.93652			6
2025.05.02	01:23:04.704		0.93653			4
2025.05.02	01:23:05.276	0.93634	0.93652			6
2025.05.02	01:23:05.588	0.93633	0.93653			6
2025.05.02	01:23:09.953	0.93634				2
2025.05.02	01:23:10.285	0.93633				2
2025.05.02	01:23:11.440		0.93654			4
2025.05.02	01:23:12.022		0.93653			4
2025.05.02	01:23:13.218		0.93654			4
2025.05.02	01:23:14.675	0.93634	0.93655			6
2025.05.02	01:23:15.386	0.93635	0.93654			6
2025.05.02	01:23:15.773		0.93653			4
2025.05.02	01:23:20.471	0.93634				2
2025.05.02	01:23:21.040		0.93654			4
2025.05.02	01:23:21.524	0.93637	0.93656			6
2025.05.02	01:23:21.833	0.93636				2
2025.05.02	01:23:22.238	0.93635				2
2025.05.02	01:23:23.957	0.93634				2
2025.05.02	01:23:24.910	0.93636	0.93655			6
2025.05.02	01:23:26.027		0.93656			4
2025.05.02	01:23:29.553	0.93635				2
2025.05.02	01:23:30.450	0.93637				2
2025.05.02	01:23:32.202		0.93655			4
2025.05.02	01:23:32.538		0.93656			4
2025.05.02	01:23:35.354		0.93655			4
2025.05.02	01:23:36.556		0.93656			4
2025.05.02	01:23:38.683	0.93635				2
2025.05.02	01:23:39.551	0.93636	0.93655			6
2025.05.02	01:23:40.683	0.93635	0.93656			6
2025.05.02	01:23:41.715	0.93636				2
2025.05.02	01:23:42.400	0.93638				2
2025.05.02	01:23:54.989	0.93639	0.93657			6
2025.05.02	01:24:01.171	0.93639				2
2025.05.02	01:24:04.474	0.93638				2
2025.05.02	01:24:07.868		0.93656			4
2025.05.02	01:24:08.562		0.93657			4
2025.05.02	01:24:10.898		0.93656			4
2025.05.02	01:24:11.917	0.93640	0.93657			6
2025.05.02	01:24:15.896	0.93639				2
2025.05.02	01:24:22.732		0.93658			4
2025.05.02	01:24:33.417	0.93636	0.93656			6
2025.05.02	01:24:35.838	0.93635				2
2025.05.02	01:24:36.586	0.93637	0.93655			6
2025.05.02	01:24:37.095	0.93636	0.93657			6
2025.05.02	01:24:37.541	0.93637				2
2025.05.02	01:24:37.916		0.93656			4
2025.05.02	01:24:38.753		0.93657			4
2025.05.02	01:24:39.723	0.93639				2
2025.05.02	01:24:45.978	0.93638				2
2025.05.02	01:24:47.993	0.93639				2
2025.05.02	01:24:48.938	0.93637				2
2025.05.02	01:24:49.240	0.93639				2
2025.05.02	01:24:50.143	0.93636				2
2025.05.02	01:24:50.477	0.93637				2
2025.05.02	01:24:51.038	0.93639				2
2025.05.02	01:24:51.345	0.93631	0.93652			6
2025.05.02	01:24:52.346		0.93651			4
2025.05.02	01:24:53.399	0.93632				2
2025.05.02	01:24:54.551	0.93631				2
2025.05.02	01:24:55.270		0.93652			4
2025.05.02	01:24:55.636	0.93632	0.93651			6
2025.05.02	01:24:57.079	0.93631				2
2025.05.02	01:24:58.668	0.93630	0.93652			6
2025.05.02	01:24:59.088	0.93631				2
2025.05.02	01:24:59.794	0.93633	0.93651			6
2025.05.02	01:25:00.185	0.93631				2
2025.05.02	01:25:00.938		0.93652			4
2025.05.02	01:25:02.916		0.93651			4
2025.05.02	01:25:04.231		0.93652			4
2025.05.02	01:25:05.672	0.93632	0.93650			6
2025.05.02	01:25:06.335	0.93630	0.93652			6
2025.05.02	01:25:06.659	0.93631	0.93651			6
2025.05.02	01:25:07.287	0.93630	0.93652			6
2025.05.02	01:25:07.906	0.93631	0.93651			6
2025.05.02	01:25:08.290	0.93630	0.93652			6
2025.05.02	01:25:08.948	0.93631	0.93651			6
2025.05.02	01:25:10.455	0.93632	0.93650			6
2025.05.02	01:25:10.792	0.93631	0.93651			6
2025.05.02	01:25:11.560	0.93632				2
2025.05.02	01:25:14.631		0.93650			4
2025.05.02	01:25:14.949		0.93651			4
2025.05.02	01:25:15.324	0.93631	0.93652			6
2025.05.02	01:25:16.362	0.93632				2
2025.05.02	01:25:16.847	0.93631				2
2025.05.02	01:25:19.990		0.93651			4
2025.05.02	01:25:20.435		0.93652			4
2025.05.02	01:25:20.991	0.93632	0.93651			6
2025.05.02	01:25:22.457	0.93631				2
2025.05.02	01:25:25.559		0.93652			4
2025.05.02	01:25:26.611		0.93651			4
2025.05.02	01:25:27.340		0.93652			4
2025.05.02	01:25:27.746		0.93651			4
2025.05.02	01:25:28.793	0.93632				2
2025.05.02	01:25:29.399	0.93630	0.93650			6
2025.05.02	01:25:30.969		0.93651			4
2025.05.02	01:25:31.503		0.93650			4
2025.05.02	01:25:34.427	0.93633	0.93651			6
2025.05.02	01:25:35.883		0.93652			4
2025.05.02	01:25:36.671	0.93632	0.93651			6
2025.05.02	01:25:37.236		0.93650			4
2025.05.02	01:25:37.659		0.93651			4
2025.05.02	01:25:47.138	0.93633				2
2025.05.02	01:25:48.638	0.93632				2
2025.05.02	01:25:55.411	0.93631				2
2025.05.02	01:25:56.438	0.93632	0.93650			6
2025.05.02	01:25:58.008	0.93631	0.93651			6
2025.05.02	01:25:59.017	0.93632	0.93650			6
2025.05.02	01:25:59.780	0.93633	0.93651			6
2025.05.02	01:26:00.107	0.93632				2
2025.05.02	01:26:00.483	0.93634				2
2025.05.02	01:26:01.583		0.93652			4
2025.05.02	01:26:03.439	0.93630				2
2025.05.02	01:26:04.508	0.93631	0.93651			6
2025.05.02	01:26:06.801		0.93653			4
2025.05.02	01:26:07.118		0.93651			4
2025.05.02	01:26:08.112	0.93632				2
2025.05.02	01:26:08.630	0.93634				2
2025.05.02	01:26:09.941	0.93633				2
2025.05.02	01:26:15.055		0.93652			4
2025.05.02	01:26:16.240	0.93632				2
2025.05.02	01:26:17.315	0.93633				2
2025.05.02	01:26:18.943	0.93632				2
2025.05.02	01:26:19.261	0.93631	0.93653			6
2025.05.02	01:26:21.150	0.93632				2
2025.05.02	01:26:21.819	0.93631				2
2025.05.02	01:26:22.172	0.93632	0.93652			6
2025.05.02	01:26:22.872	0.93633				2
2025.05.02	01:26:23.439	0.93632				2
2025.05.02	01:26:24.711	0.93633				2
2025.05.02	01:26:25.090	0.93632	0.93653			6
2025.05.02	01:26:26.140		0.93652			4
2025.05.02	01:26:28.240	0.93633				2
2025.05.02	01:26:32.743	0.93632				2
2025.05.02	01:26:33.586	0.93633				2
2025.05.02	01:26:38.173	0.93634				2
2025.05.02	01:26:39.058		0.93653			4
2025.05.02	01:26:39.627	0.93636	0.93655			6
2025.05.02	01:26:40.003		0.93654			4
2025.05.02	01:26:40.393	0.93635	0.93655			6
2025.05.02	01:26:40.752	0.93633	0.93656			6
2025.05.02	01:26:41.875		0.93655			4
2025.05.02	01:26:43.544	0.93634				2
2025.05.02	01:26:47.064		0.93654			4
2025.05.02	01:26:47.721		0.93655			4
2025.05.02	01:26:48.089		0.93654			4
2025.05.02	01:26:48.430	0.93635	0.93653			6
2025.05.02	01:26:48.764		0.93654			4
2025.05.02	01:26:49.477	0.93634	0.93655			6
2025.05.02	01:26:51.319	0.93635	0.93654			6
2025.05.02	01:26:51.687	0.93634	0.93655			6
2025.05.02	01:26:53.407		0.93654			4
2025.05.02	01:26:53.777		0.93655			4
2025.05.02	01:26:58.759	0.93638	0.93656			6
2025.05.02	01:26:59.903		0.93655			4
2025.05.02	01:27:00.984	0.93639	0.93656			6
2025.05.02	01:27:01.582	0.93638	0.93655			6
2025.05.02	01:27:03.082		0.93656			4
2025.05.02	01:27:03.803	0.93637	0.93657			6
2025.05.02	01:27:04.143	0.93638	0.93656			6
2025.05.02	01:27:04.846	0.93637				2
2025.05.02	01:27:05.162	0.93638				2
2025.05.02	01:27:06.457		0.93655			4
2025.05.02	01:27:08.213	0.93637	0.93654			6
2025.05.02	01:27:09.250	0.93636	0.93653			6
2025.05.02	01:27:10.279	0.93637	0.93654			6
2025.05.02	01:27:11.632	0.93635				2
2025.05.02	01:27:11.941	0.93634	0.93652			6
2025.05.02	01:27:12.274	0.93635	0.93653			6
2025.05.02	01:27:14.372		0.93652			4
2025.05.02	01:27:15.602	0.93630	0.93649			6
2025.05.02	01:27:16.408	0.93632	0.93650			6
2025.05.02	01:27:16.744	0.93630				2
2025.05.02	01:27:17.697	0.93631	0.93649			6
2025.05.02	01:27:19.449	0.93630				2
2025.05.02	01:27:19.926		0.93648			4
2025.05.02	01:27:20.444		0.93649			4
2025.05.02	01:27:20.842	0.93631	0.93648			6
2025.05.02	01:27:21.637	0.93630	0.93649			6
2025.05.02	01:27:21.969	0.93631	0.93648			6
2025.05.02	01:27:22.277		0.93650			4
2025.05.02	01:27:22.671	0.93632				2
2025.05.02	01:27:23.226	0.93631	0.93649			6
2025.05.02	01:27:41.742		0.93648			4
2025.05.02	01:27:43.239		0.93649			4
2025.05.02	01:27:45.030		0.93648			4
2025.05.02	01:27:46.242		0.93649			4
2025.05.02	01:27:53.517	0.93630	0.93648			6
2025.05.02	01:27:53.859		0.93647			4
2025.05.02	01:27:54.341		0.93648			4
2025.05.02	01:27:57.999		0.93647			4
2025.05.02	01:27:59.583		0.93648			4
2025.05.02	01:28:00.183	0.93630				2
2025.05.02	01:28:00.884	0.93629				2
2025.05.02	01:28:01.239		0.93649			4
2025.05.02	01:28:01.887	0.93631	0.93648			6
2025.05.02	01:28:03.953	0.93629	0.93647			6
2025.05.02	01:28:04.264	0.93630				2
2025.05.02	01:28:04.778	0.93629				2
2025.05.02	01:28:06.685	0.93630				2
2025.05.02	01:28:07.064	0.93629				2
2025.05.02	01:28:07.437	0.93630				2
2025.05.02	01:28:09.241	0.93629				2
2025.05.02	01:28:09.728	0.93630				2
2025.05.02	01:28:11.682		0.93648			4
2025.05.02	01:28:12.372		0.93647			4
2025.05.02	01:28:12.746	0.93631	0.93648			6
2025.05.02	01:28:13.801	0.93630				2
2025.05.02	01:28:19.545	0.93631				2
2025.05.02	01:28:29.316	0.93630				2
2025.05.02	01:28:30.358		0.93647			4
2025.05.02	01:28:33.368	0.93631				2
2025.05.02	01:28:37.545	0.93630				2
2025.05.02	01:28:38.234	0.93633	0.93650			6
2025.05.02	01:28:39.645	0.93634	0.93651			6
2025.05.02	01:28:46.714		0.93650			4
2025.05.02	01:28:47.795	0.93635	0.93652			6
2025.05.02	01:28:54.380	0.93634	0.93651			6
2025.05.02	01:29:00.594	0.93634				2
2025.05.02	01:29:03.523		0.93652			4
2025.05.02	01:29:04.520		0.93651			4
2025.05.02	01:29:14.540	0.93632	0.93650			6
2025.05.02	01:29:15.039	0.93633				2
2025.05.02	01:29:15.577	0.93631				2
2025.05.02	01:29:16.417	0.93633	0.93651			6
2025.05.02	01:29:21.998	0.93632	0.93652			6
2025.05.02	01:29:22.669	0.93634	0.93650			6
2025.05.02	01:29:23.133	0.93632	0.93652			6
2025.05.02	01:29:23.906	0.93633	0.93651			6
2025.05.02	01:29:25.030		0.93652			4
2025.05.02	01:29:25.842		0.93651			4
2025.05.02	01:29:26.446		0.93652			4
2025.05.02	01:29:26.892	0.93632				2
2025.05.02	01:29:27.338	0.93633				2
2025.05.02	01:29:30.211	0.93632	0.93653			6
2025.05.02	01:29:30.692	0.93633	0.93652			6
2025.05.02	01:29:32.418	0.93632	0.93653			6
2025.05.02	01:29:32.985	0.93633	0.93652			6
2025.05.02	01:29:36.889	0.93632	0.93651			6
2025.05.02	01:29:37.260	0.93633				2
2025.05.02	01:29:37.594	0.93632	0.93652			6
2025.05.02	01:29:38.503		0.93651			4
2025.05.02	01:29:39.334	0.93633				2
2025.05.02	01:29:39.668	0.93632				2
2025.05.02	01:29:40.576		0.93652			4
2025.05.02	01:29:41.463	0.93631				2
2025.05.02	01:29:41.817	0.93635	0.93655			6
2025.05.02	01:29:43.863	0.93636	0.93654			6
2025.05.02	01:29:45.638		0.93653			4
2025.05.02	01:29:46.892	0.93637	0.93654			6
2025.05.02	01:29:48.581	0.93634	0.93653			6
2025.05.02	01:29:48.981	0.93636				2
2025.05.02	01:29:50.025	0.93635				2
2025.05.02	01:29:50.731	0.93632	0.93654			6
2025.05.02	01:29:51.549	0.93635	0.93655			6
2025.05.02	01:29:52.928		0.93653			4
2025.05.02	01:29:54.201	0.93637	0.93654			6
2025.05.02	01:29:58.376	0.93636				2
2025.05.02	01:29:58.692	0.93637				2
2025.05.02	01:29:59.413	0.93633	0.93653			6
2025.05.02	01:30:00.304	0.93635	0.93652			6
2025.05.02	01:30:01.241	0.93636	0.93653			6
2025.05.02	01:30:02.164	0.93642	0.93650			6
2025.05.02	01:30:04.296	0.93643	0.93651			6
2025.05.02	01:30:04.599	0.93636	0.93653			6
2025.05.02	01:30:05.447	0.93638				2
2025.05.02	01:30:06.486	0.93636				2
2025.05.02	01:30:06.809	0.93638				2
2025.05.02	01:30:07.167	0.93636				2
2025.05.02	01:30:11.099	0.93638	0.93658			6
2025.05.02	01:30:11.419	0.93639	0.93655			6
2025.05.02	01:30:11.861		0.93656			4
2025.05.02	01:30:12.192	0.93638	0.93658			6
2025.05.02	01:30:12.558	0.93640	0.93657			6
2025.05.02	01:30:12.917		0.93656			4
2025.05.02	01:30:13.395	0.93639				2
2025.05.02	01:30:14.946	0.93636	0.93653			6
2025.05.02	01:30:18.209	0.93637				2
2025.05.02	01:30:25.967	0.93638				2
2025.05.02	01:30:26.292	0.93637				2
2025.05.02	01:30:27.338	0.93638				2
2025.05.02	01:30:28.065	0.93639				2
2025.05.02	01:30:29.739	0.93638				2
2025.05.02	01:30:37.601	0.93639	0.93654			6
2025.05.02	01:30:46.447	0.93640	0.93657			6
2025.05.02	01:30:48.342	0.93641	0.93658			6
2025.05.02	01:30:51.411	0.93640	0.93657			6
2025.05.02	01:30:52.448	0.93638	0.93655			6
2025.05.02	01:30:53.140	0.93639	0.93656			6
2025.05.02	01:30:57.337	0.93637	0.93657			6
2025.05.02	01:31:00.409	0.93638	0.93656			6
2025.05.02	01:31:00.861	0.93637	0.93657			6
2025.05.02	01:31:02.185	0.93638	0.93656			6
2025.05.02	01:31:03.040	0.93637	0.93657			6
2025.05.02	01:31:06.316	0.93639				2
2025.05.02	01:31:11.489	0.93638	0.93656			6
2025.05.02	01:31:15.798	0.93639				2
2025.05.02	01:31:18.329	0.93640	0.93657			6
2025.05.02	01:31:25.351	0.93641				2
2025.05.02	01:31:27.339	0.93640	0.93655			6
2025.05.02	01:31:27.667	0.93641				2
2025.05.02	01:31:30.157	0.93640				2
2025.05.02	01:31:34.854	0.93641				2
2025.05.02	01:31:35.251		0.93656			4
2025.05.02	01:31:35.561	0.93640	0.93655			6
2025.05.02	01:31:35.862	0.93642				2
2025.05.02	01:31:37.540	0.93641				2
2025.05.02	01:31:38.741	0.93640				2
2025.05.02	01:31:40.039	0.93641				2
2025.05.02	01:31:40.373	0.93640				2
2025.05.02	01:31:41.740	0.93641	0.93656			6
2025.05.02	01:31:43.652	0.93638	0.93652			6
2025.05.02	01:31:43.985	0.93637	0.93651			6
2025.05.02	01:31:44.293	0.93636	0.93650			6
2025.05.02	01:31:52.410	0.93635	0.93649			6
2025.05.02	01:31:53.126		0.93652			4
2025.05.02	01:31:54.226	0.93636	0.93649			6
2025.05.02	01:31:55.839	0.93635				2
2025.05.02	01:31:56.439	0.93636	0.93653			6
2025.05.02	01:31:56.812	0.93635	0.93652			6
2025.05.02	01:31:57.192		0.93649			4
2025.05.02	01:31:57.847	0.93636	0.93653			6
2025.05.02	01:31:58.688		0.93650			4
2025.05.02	01:31:59.920		0.93653			4
2025.05.02	01:32:01.181	0.93636	0.93649			6
2025.05.02	01:32:03.810		0.93653			4
2025.05.02	01:32:09.857	0.93633	0.93651			6
2025.05.02	01:32:11.141	0.93634				2
2025.05.02	01:32:11.443		0.93652			4
2025.05.02	01:32:12.351		0.93651			4
2025.05.02	01:32:12.939		0.93652			4
2025.05.02	01:32:14.019	0.93641	0.93655			6
2025.05.02	01:32:17.681		0.93656			4
2025.05.02	01:32:18.961		0.93655			4
2025.05.02	01:32:20.431	0.93639	0.93653			6
2025.05.02	01:32:21.640		0.93654			4
2025.05.02	01:32:28.509	0.93638				2
2025.05.02	01:32:30.940	0.93642	0.93657			6
2025.05.02	01:32:31.262		0.93658			4
2025.05.02	01:32:36.532	0.93643				2
2025.05.02	01:32:39.376	0.93640	0.93655			6
2025.05.02	01:32:40.263	0.93632	0.93653			6
2025.05.02	01:32:42.354	0.93635	0.93650			6
2025.05.02	01:32:45.630	0.93634	0.93649			6
2025.05.02	01:33:00.781	0.93635	0.93650			6
2025.05.02	01:33:06.852	0.93638	0.93649			6
2025.05.02	01:33:07.162		0.93650			4
2025.05.02	01:33:10.346	0.93637	0.93651			6
2025.05.02	01:33:10.693	0.93638				2
2025.05.02	01:33:11.523	0.93637				2
2025.05.02	01:33:31.676	0.93639	0.93654			6
2025.05.02	01:33:32.429	0.93640	0.93655			6
2025.05.02	01:33:32.736	0.93638	0.93653			6
2025.05.02	01:33:45.799		0.93652			4
2025.05.02	01:34:00.686	0.93638				2
2025.05.02	01:34:03.345	0.93637				2
2025.05.02	01:34:03.670	0.93638				2
2025.05.02	01:34:12.040	0.93639				2
2025.05.02	01:34:20.976	0.93641				2
2025.05.02	01:34:24.577	0.93640				2
2025.05.02	01:34:30.535	0.93634	0.93649			6
2025.05.02	01:34:30.861	0.93636				2
2025.05.02	01:34:31.180	0.93639	0.93651			6
2025.05.02	01:34:36.127		0.93650			4
2025.05.02	01:34:39.038	0.93640	0.93653			6
2025.05.02	01:34:44.358		0.93652			4
2025.05.02	01:34:46.543		0.93651			4
2025.05.02	01:34:50.373		0.93652			4
2025.05.02	01:34:52.317		0.93654			4
2025.05.02	01:34:56.437	0.93639	0.93650			6
2025.05.02	01:34:57.185	0.93640	0.93653			6
2025.05.02	01:34:57.616		0.93652			4
2025.05.02	01:35:00.012	0.93640				2
2025.05.02	01:35:02.141		0.93654			4
2025.05.02	01:35:03.181	0.93639	0.93653			6
2025.05.02	01:35:04.943	0.93638				2
2025.05.02	01:35:08.787	0.93639				2
2025.05.02	01:35:10.563	0.93638	0.93656			6
2025.05.02	01:35:10.910		0.93652			4
2025.05.02	01:35:20.986	0.93637	0.93651			6
2025.05.02	01:35:24.270		0.93650			4
2025.05.02	01:35:24.692	0.93638				2
2025.05.02	01:35:26.139	0.93637				2
2025.05.02	01:35:29.409	0.93638	0.93651			6
2025.05.02	01:35:29.734		0.93655			4
2025.05.02	01:35:30.638		0.93654			4
2025.05.02	01:35:31.379		0.93652			4
2025.05.02	01:35:31.794		0.93654			4
2025.05.02	01:35:33.041		0.93653			4
2025.05.02	01:35:42.006		0.93652			4
2025.05.02	01:35:42.940	0.93637				2
2025.05.02	01:35:48.599	0.93636	0.93651			6
2025.05.02	01:35:51.989	0.93637	0.93652			6
2025.05.02	01:35:56.560	0.93639				2
2025.05.02	01:35:56.871		0.93653			4
2025.05.02	01:36:00.892	0.93639				2
2025.05.02	01:36:08.725	0.93637	0.93650			6
2025.05.02	01:36:09.082		0.93651			4
2025.05.02	01:36:12.448	0.93638				2
2025.05.02	01:36:14.120	0.93637				2
2025.05.02	01:36:31.055	0.93635	0.93649			6
2025.05.02	01:36:31.841		0.93648			4
2025.05.02	01:36:41.299		0.93649			4
2025.05.02	01:36:41.686	0.93639	0.93651			6
2025.05.02	01:36:42.006		0.93650			4
2025.05.02	01:36:44.792	0.93636	0.93649			6
2025.05.02	01:36:48.263	0.93635				2
2025.05.02	01:36:59.124	0.93639	0.93653			6
2025.05.02	01:37:00.358	0.93639				2
2025.05.02	01:37:01.837	0.93638	0.93651			6
2025.05.02	01:37:02.157	0.93639	0.93652			6
2025.05.02	01:37:06.660	0.93641	0.93654			6
2025.05.02	01:37:07.411	0.93636	0.93651			6
2025.05.02	01:37:10.506		0.93652			4
2025.05.02	01:37:17.495	0.93639				2
2025.05.02	01:37:17.885	0.93636				2
2025.05.02	01:37:22.403	0.93637				2
2025.05.02	01:37:23.486	0.93641	0.93655			6
2025.05.02	01:37:24.629	0.93637	0.93653			6
2025.05.02	01:37:26.442		0.93652			4
2025.05.02	01:37:32.925	0.93636				2
2025.05.02	01:37:38.079	0.93640				2
2025.05.02	01:37:39.117		0.93653			4
2025.05.02	01:37:41.082	0.93641				2
2025.05.02	01:37:47.798		0.93654			4
2025.05.02	01:37:48.355		0.93653			4
2025.05.02	01:37:54.078	0.93640				2
2025.05.02	01:37:55.325		0.93652			4
2025.05.02	01:38:00.546	0.93640				2
2025.05.02	01:38:03.040		0.93653			4
2025.05.02	01:38:05.498	0.93641				2
2025.05.02	01:38:06.341		0.93654			4
2025.05.02	01:38:06.685		0.93653			4
2025.05.02	01:38:08.653	0.93644	0.93655			6
2025.05.02	01:38:08.954	0.93642				2
2025.05.02	01:38:09.260	0.93641	0.93653			6
2025.05.02	01:38:12.341		0.93652			4
2025.05.02	01:38:13.273		0.93653			4
2025.05.02	01:38:18.661	0.93640	0.93652			6
2025.05.02	01:38:18.996	0.93638	0.93651			6
2025.05.02	01:38:20.444		0.93650			4
2025.05.02	01:38:24.040		0.93651			4
2025.05.02	01:38:26.738		0.93650			4
2025.05.02	01:38:27.379	0.93637	0.93651			6
2025.05.02	01:38:27.683	0.93638	0.93650			6
2025.05.02	01:38:31.278		0.93649			4
2025.05.02	01:38:31.586		0.93650			4
2025.05.02	01:38:32.892	0.93636	0.93649			6
2025.05.02	01:38:33.594	0.93638	0.93650			6
2025.05.02	01:38:37.400	0.93636	0.93649			6
2025.05.02	01:38:38.356		0.93650			4
2025.05.02	01:38:42.111		0.93649			4
2025.05.02	01:38:44.148		0.93650			4
2025.05.02	01:38:45.248		0.93649			4
2025.05.02	01:38:47.172		0.93650			4
2025.05.02	01:38:48.672		0.93649			4
2025.05.02	01:38:50.301		0.93650			4
2025.05.02	01:38:52.530		0.93649			4
2025.05.02	01:38:57.215		0.93650			4
2025.05.02	01:38:57.922	0.93638				2
2025.05.02	01:38:59.494		0.93651			4
2025.05.02	01:39:00.176	0.93638	0.93650			6
2025.05.02	01:39:01.732		0.93651			4
2025.05.02	01:39:02.467		0.93650			4
2025.05.02	01:39:02.846	0.93636	0.93649			6
2025.05.02	01:39:08.270	0.93637				2
2025.05.02	01:39:09.792		0.93650			4
2025.05.02	01:39:11.744		0.93649			4
2025.05.02	01:39:13.157		0.93650			4
2025.05.02	01:39:14.140		0.93649			4
2025.05.02	01:39:16.256	0.93638	0.93650			6
2025.05.02	01:39:38.592		0.93649			4
2025.05.02	01:39:41.621	0.93636	0.93648			6
2025.05.02	01:39:52.124	0.93638	0.93650			6
2025.05.02	01:40:00.292	0.93637	0.93649			6
2025.05.02	01:40:00.599		0.93650			4
2025.05.02	01:40:01.780	0.93638				2
2025.05.02	01:40:04.838	0.93634				2
2025.05.02	01:40:05.591	0.93638	0.93649			6
2025.05.02	01:40:06.478	0.93632	0.93647			6
2025.05.02	01:40:13.252		0.93646			4
2025.05.02	01:40:15.193		0.93647			4
2025.05.02	01:40:16.546		0.93646			4
2025.05.02	01:40:22.781	0.93631				2
2025.05.02	01:40:30.616	0.93632				2
2025.05.02	01:40:38.642		0.93647			4
2025.05.02	01:40:41.654	0.93633				2
2025.05.02	01:40:46.237		0.93646			4
2025.05.02	01:40:50.294		0.93645			4
2025.05.02	01:40:50.801	0.93634				2
2025.05.02	01:40:52.873		0.93646			4
2025.05.02	01:40:59.359	0.93633				2
2025.05.02	01:41:00.783	0.93633				2
2025.05.02	01:41:18.823	0.93635	0.93647			6
2025.05.02	01:41:20.588		0.93648			4
2025.05.02	01:41:27.283	0.93636	0.93649			6
2025.05.02	01:41:28.325		0.93648			4
2025.05.02	01:41:30.415		0.93649			4
2025.05.02	01:41:34.538		0.93648			4
2025.05.02	01:41:36.269		0.93649			4
2025.05.02	01:41:38.098	0.93635				2
2025.05.02	01:42:00.210	0.93630	0.93647			6
2025.05.02	01:42:00.523	0.93631	0.93649			6
2025.05.02	01:42:00.866	0.93634				2
2025.05.02	01:42:01.375	0.93632	0.93648			6
2025.05.02	01:42:01.837	0.93631				2
2025.05.02	01:42:02.723		0.93649			4
2025.05.02	01:42:04.239	0.93630	0.93648			6
2025.05.02	01:42:05.315		0.93647			4
2025.05.02	01:42:08.741	0.93631	0.93648			6
2025.05.02	01:42:10.511	0.93632				2
2025.05.02	01:42:12.358	0.93631	0.93649			6
2025.05.02	01:42:13.468	0.93630	0.93647			6
2025.05.02	01:42:15.880	0.93635				2
2025.05.02	01:42:16.387	0.93629				2
2025.05.02	01:42:21.638	0.93630				2
2025.05.02	01:42:22.840	0.93629				2
2025.05.02	01:42:23.228	0.93631				2
2025.05.02	01:42:29.138	0.93633				2
2025.05.02	01:42:29.756	0.93631	0.93648			6
2025.05.02	01:42:34.183	0.93632				2
2025.05.02	01:42:35.103	0.93629	0.93643			6
2025.05.02	01:42:36.226	0.93626	0.93640			6
2025.05.02	01:42:40.683	0.93627	0.93641			6
2025.05.02	01:42:42.620	0.93626	0.93640			6
2025.05.02	01:42:52.472	0.93628	0.93642			6
2025.05.02	01:43:00.062	0.93628				2
2025.05.02	01:43:02.322	0.93630	0.93643			6
2025.05.02	01:43:25.357	0.93627	0.93642			6
2025.05.02	01:43:27.458		0.93641			4
2025.05.02	01:43:32.709		0.93642			4
2025.05.02	01:43:34.000		0.93641			4
2025.05.02	01:43:34.594		0.93642			4
2025.05.02	01:43:35.738		0.93643			4
2025.05.02	01:43:36.342		0.93641			4
2025.05.02	01:43:39.640		0.93642			4
2025.05.02	01:43:41.137		0.93641			4
2025.05.02	01:43:42.377		0.93642			4
2025.05.02	01:43:43.580		0.93641			4
2025.05.02	01:43:44.745		0.93642			4
2025.05.02	01:43:48.614		0.93640			4
2025.05.02	01:43:49.959		0.93641			4
2025.05.02	01:43:52.690		0.93642			4
2025.05.02	01:43:55.359		0.93641			4
2025.05.02	01:43:56.283	0.93623	0.93638			6
2025.05.02	01:43:56.611	0.93621				2
2025.05.02	01:43:57.959		0.93637			4
2025.05.02	01:43:58.433	0.93623				2
2025.05.02	01:43:58.738	0.93621				2
2025.05.02	01:43:59.512	0.93623				2
2025.05.02	01:44:01.034	0.93623				2
2025.05.02	01:44:02.323	0.93624				2
2025.05.02	01:44:07.937		0.93638			4
2025.05.02	01:44:08.969		0.93637			4
2025.05.02	01:44:09.998	0.93625	0.93638			6
2025.05.02	01:44:12.261	0.93624				2
2025.05.02	01:44:14.390		0.93637			4
2025.05.02	01:44:17.238	0.93623				2
2025.05.02	01:44:17.635	0.93620				2
2025.05.02	01:44:18.249	0.93623				2
2025.05.02	01:44:20.056	0.93620				2
2025.05.02	01:44:20.429	0.93623	0.93638			6
2025.05.02	01:44:22.158		0.93637			4
2025.05.02	01:44:22.459		0.93638			4
2025.05.02	01:44:25.362	0.93626	0.93641			6
2025.05.02	01:44:33.638		0.93640			4
2025.05.02	01:44:35.048		0.93641			4
2025.05.02	01:44:35.426	0.93629	0.93643			6
2025.05.02	01:44:37.194		0.93644			4
2025.05.02	01:44:40.574		0.93643			4
2025.05.02	01:44:41.669		0.93644			4
2025.05.02	01:44:52.747	0.93627	0.93641			6
2025.05.02	01:44:55.337		0.93640			4
2025.05.02	01:45:00.129	0.93627				2
2025.05.02	01:45:07.656		0.93641			4
2025.05.02	01:45:12.279	0.93626				2
2025.05.02	01:45:45.746	0.93627				2
2025.05.02	01:45:53.056	0.93626	0.93639			6
2025.05.02	01:45:53.362	0.93627	0.93641			6
2025.05.02	01:46:00.487	0.93627				2
2025.05.02	01:46:06.793	0.93626				2
2025.05.02	01:46:16.777	0.93625	0.93639			6
2025.05.02	01:46:21.239	0.93624				2
2025.05.02	01:46:31.173	0.93623	0.93638			6
2025.05.02	01:46:32.118	0.93624	0.93639			6
2025.05.02	01:46:32.532		0.93638			4
2025.05.02	01:46:34.212		0.93639			4
2025.05.02	01:46:35.758		0.93638			4
2025.05.02	01:46:36.153	0.93625	0.93639			6
2025.05.02	01:46:37.158	0.93624	0.93638			6
2025.05.02	01:46:51.072	0.93626	0.93639			6
2025.05.02	01:46:51.646	0.93623	0.93638			6
2025.05.02	01:46:54.882	0.93622	0.93637			6
2025.05.02	01:46:56.519	0.93624	0.93638			6
2025.05.02	01:46:59.101		0.93636			4
2025.05.02	01:47:00.338	0.93621	0.93637			6
2025.05.02	01:47:00.992	0.93620	0.93639			6
2025.05.02	01:47:04.398	0.93622				2
2025.05.02	01:47:05.645		0.93640			4
2025.05.02	01:47:06.723	0.93621	0.93636			6
2025.05.02	01:47:07.238	0.93622				2
2025.05.02	01:47:20.163	0.93621				2
2025.05.02	01:47:24.038	0.93622				2
2025.05.02	01:47:25.517	0.93621				2
2025.05.02	01:47:28.570	0.93622				2
2025.05.02	01:47:38.689	0.93620				2
2025.05.02	01:47:48.885	0.93621				2
2025.05.02	01:47:50.376	0.93620				2
2025.05.02	01:47:50.745	0.93621	0.93638			6
2025.05.02	01:47:51.682	0.93622				2
2025.05.02	01:48:00.497	0.93622				2
2025.05.02	01:48:01.538	0.93621				2
2025.05.02	01:48:04.673	0.93622				2
2025.05.02	01:48:10.283	0.93621				2
2025.05.02	01:48:12.651	0.93620	0.93637			6
2025.05.02	01:48:17.934	0.93622	0.93638			6
2025.05.02	01:48:28.281	0.93624	0.93637			6
2025.05.02	01:48:29.576	0.93622	0.93636			6
2025.05.02	01:48:32.757	0.93621	0.93634			6
2025.05.02	01:48:36.180	0.93620	0.93633			6
2025.05.02	01:48:36.562		0.93632			4
2025.05.02	01:48:37.281	0.93619	0.93633			6
2025.05.02	01:48:38.292		0.93632			4
2025.05.02	01:48:39.561	0.93618				2
2025.05.02	01:48:45.636	0.93619				2
2025.05.02	01:48:46.983	0.93618				2
2025.05.02	01:48:48.743	0.93619				2
2025.05.02	01:48:52.225	0.93617				2
2025.05.02	01:48:52.794	0.93619				2
2025.05.02	01:48:53.560	0.93615	0.93628			6
2025.05.02	01:48:53.861	0.93613				2
2025.05.02	01:48:55.578	0.93614	0.93627			6
2025.05.02	01:49:00.112	0.93614				2
2025.05.02	01:49:02.952	0.93612				2
2025.05.02	01:49:05.501	0.93613	0.93628			6
2025.05.02	01:49:20.095	0.93614				2
2025.05.02	01:49:20.862	0.93613				2
2025.05.02	01:49:24.210	0.93615				2
2025.05.02	01:49:31.884		0.93629			4
2025.05.02	01:49:33.637	0.93616				2
2025.05.02	01:49:42.155	0.93615	0.93628			6
2025.05.02	01:49:48.046	0.93614				2
2025.05.02	01:49:49.162	0.93615	0.93629			6
2025.05.02	01:49:49.487	0.93616				2
2025.05.02	01:49:54.373	0.93617				2
2025.05.02	01:49:59.346	0.93618	0.93630			6
2025.05.02	01:50:00.491	0.93618				2
2025.05.02	01:50:06.130	0.93619	0.93631			6
2025.05.02	01:50:06.497	0.93618				2
2025.05.02	01:50:07.457	0.93619				2
2025.05.02	01:50:07.759	0.93618				2
2025.05.02	01:50:13.038	0.93619				2
2025.05.02	01:50:17.809	0.93618				2
2025.05.02	01:50:18.811	0.93619				2
2025.05.02	01:50:21.032	0.93618				2
2025.05.02	01:50:33.493	0.93619				2
2025.05.02	01:50:38.584	0.93618				2
2025.05.02	01:50:39.617	0.93619				2
2025.05.02	01:50:48.740	0.93618				2
2025.05.02	01:51:01.583	0.93618				2
2025.05.02	01:51:02.527	0.93619				2
2025.05.02	01:51:07.583		0.93631			4
2025.05.02	01:51:20.691	0.93618				2
2025.05.02	01:51:21.241	0.93619				2
2025.05.02	01:51:23.259		0.93632			4
2025.05.02	01:51:27.388		0.93633			4
2025.05.02	01:51:28.386	0.93617	0.93631			6
2025.05.02	01:51:28.752	0.93618	0.93632			6
2025.05.02	01:51:31.293	0.93620	0.93633			6
2025.05.02	01:51:37.568		0.93634			4
2025.05.02	01:51:41.811	0.93619	0.93633			6
2025.05.02	01:51:42.342	0.93620	0.93634			6
2025.05.02	01:51:46.876	0.93619	0.93635			6
2025.05.02	01:51:49.657	0.93621	0.93636			6
2025.05.02	01:51:50.138	0.93619	0.93635			6
2025.05.02	01:51:53.200	0.93622	0.93636			6
2025.05.02	01:52:00.533	0.93622				2
2025.05.02	01:52:11.912	0.93620				2
2025.05.02	01:52:36.280	0.93623				2
2025.05.02	01:52:38.738		0.93637			4
2025.05.02	01:52:41.050	0.93626	0.93639			6
2025.05.02	01:52:45.750		0.93640			4
2025.05.02	01:52:46.071	0.93624	0.93638			6
2025.05.02	01:52:50.756	0.93623	0.93637			6
2025.05.02	01:52:56.184	0.93624	0.93638			6
2025.05.02	01:53:00.363	0.93624				2
2025.05.02	01:53:17.461	0.93622	0.93636			6
2025.05.02	01:53:18.650		0.93635			4
2025.05.02	01:53:21.376	0.93619	0.93638			6
2025.05.02	01:53:21.895	0.93622	0.93635			6
2025.05.02	01:53:22.906	0.93621	0.93638			6
2025.05.02	01:53:23.785	0.93624				2
2025.05.02	01:53:29.074	0.93625	0.93639			6
2025.05.02	01:53:45.885	0.93623	0.93637			6
2025.05.02	01:53:47.860	0.93624	0.93638			6
2025.05.02	01:53:51.468	0.93623	0.93637			6
2025.05.02	01:53:54.268	0.93622	0.93636			6
2025.05.02	01:54:00.310	0.93622				2
2025.05.02	01:54:42.770	0.93623	0.93637			6
2025.05.02	01:54:52.192	0.93624	0.93638			6
2025.05.02	01:54:59.706	0.93625				2
2025.05.02	01:55:01.508	0.93625				2
2025.05.02	01:55:05.890		0.93639			4
2025.05.02	01:55:08.139		0.93638			4
2025.05.02	01:55:09.080	0.93620	0.93636			6
2025.05.02	01:55:09.390		0.93634			4
2025.05.02	01:55:14.276	0.93621	0.93635			6
2025.05.02	01:55:23.848	0.93623	0.93636			6
2025.05.02	01:55:28.590		0.93635			4
2025.05.02	01:55:29.820	0.93621	0.93636			6
2025.05.02	01:55:30.570		0.93635			4
2025.05.02	01:55:30.879		0.93633			4
2025.05.02	01:55:42.446	0.93620				2
2025.05.02	01:55:48.375	0.93621				2
2025.05.02	01:55:48.766		0.93634			4
2025.05.02	01:55:50.595	0.93619	0.93631			6
2025.05.02	01:55:53.739	0.93618				2
2025.05.02	01:55:56.917	0.93619				2
2025.05.02	01:56:00.574	0.93619				2
2025.05.02	01:56:00.877	0.93618				2
2025.05.02	01:56:01.802	0.93619				2
2025.05.02	01:56:02.167		0.93632			4
2025.05.02	01:56:03.814	0.93618				2
2025.05.02	01:56:05.801		0.93631			4
2025.05.02	01:56:08.929	0.93619				2
2025.05.02	01:56:09.241	0.93618	0.93632			6
2025.05.02	01:56:11.138	0.93619				2
2025.05.02	01:56:17.108	0.93618				2
2025.05.02	01:56:19.223	0.93620				2
2025.05.02	01:56:29.656	0.93621	0.93634			6
2025.05.02	01:56:30.172	0.93620				2
2025.05.02	01:56:34.863	0.93622	0.93635			6
2025.05.02	01:56:44.065	0.93619	0.93633			6
2025.05.02	01:56:53.976	0.93622				2
2025.05.02	01:57:00.792	0.93620				2
2025.05.02	01:57:03.359	0.93621				2
2025.05.02	01:57:13.275	0.93618	0.93631			6
2025.05.02	01:57:13.578	0.93617				2
2025.05.02	01:57:14.390	0.93618	0.93632			6
2025.05.02	01:57:15.705		0.93631			4
2025.05.02	01:57:25.068		0.93630			4
2025.05.02	01:57:25.544	0.93616				2
2025.05.02	01:57:26.834	0.93617	0.93631			6
2025.05.02	01:57:36.008	0.93618				2
2025.05.02	01:57:38.094		0.93630			4
2025.05.02	01:57:39.128	0.93617				2
2025.05.02	01:57:42.855	0.93616	0.93629			6
2025.05.02	01:57:54.753	0.93617	0.93630			6
2025.05.02	01:58:00.648	0.93617				2
2025.05.02	01:58:02.739	0.93618				2
2025.05.02	01:58:16.813	0.93619	0.93632			6
2025.05.02	01:58:23.951	0.93620				2
2025.05.02	01:58:25.108	0.93619				2
2025.05.02	01:58:25.413	0.93614	0.93627			6
2025.05.02	01:58:25.716	0.93615	0.93629			6
2025.05.02	01:58:32.026	0.93614	0.93628			6
2025.05.02	01:58:35.482	0.93613	0.93627			6
2025.05.02	01:58:42.039	0.93614				2
2025.05.02	01:58:46.514		0.93628			4
2025.05.02	01:58:47.172	0.93611	0.93625			6
2025.05.02	01:58:47.491	0.93612				2
2025.05.02	01:58:51.474	0.93614				2
2025.05.02	01:58:51.788	0.93612				2
2025.05.02	01:58:52.957	0.93613				2
2025.05.02	01:59:00.440	0.93613				2
2025.05.02	01:59:01.428	0.93614	0.93628			6
2025.05.02	01:59:02.138	0.93612	0.93627			6
2025.05.02	01:59:03.790		0.93625			4
2025.05.02	01:59:04.149		0.93622			4
2025.05.02	01:59:09.565		0.93621			4
2025.05.02	01:59:09.897	0.93611				2
2025.05.02	01:59:36.736	0.93610				2
2025.05.02	01:59:43.086	0.93611				2
2025.05.02	01:59:58.006	0.93610				2
2025.05.02	02:00:00.346	0.93609	0.93620			6
2025.05.02	02:00:00.986	0.93611	0.93621			6
2025.05.02	02:00:01.622		0.93624			4
2025.05.02	02:00:01.948	0.93612				2
2025.05.02	02:00:04.155		0.93623			4
2025.05.02	02:00:06.373	0.93615	0.93625			6
2025.05.02	02:00:09.620	0.93611	0.93623			6
2025.05.02	02:00:11.310	0.93612				2
2025.05.02	02:00:11.754		0.93624			4
2025.05.02	02:00:15.340	0.93610	0.93623			6
2025.05.02	02:00:21.190	0.93611				2
2025.05.02	02:00:25.186	0.93610				2
2025.05.02	02:00:27.402	0.93611				2
2025.05.02	02:00:31.320		0.93624			4
2025.05.02	02:00:42.411	0.93612	0.93625			6
2025.05.02	02:00:43.509		0.93624			4
2025.05.02	02:00:57.051		0.93625			4
2025.05.02	02:01:00.588	0.93611				2
2025.05.02	02:01:01.404	0.93612	0.93626			6
2025.05.02	02:01:02.759	0.93614	0.93625			6
2025.05.02	02:01:03.078	0.93613				2
2025.05.02	02:01:03.423		0.93626			4
2025.05.02	02:01:04.098	0.93614				2
2025.05.02	02:01:04.741	0.93613	0.93625			6
2025.05.02	02:01:05.913	0.93612				2
2025.05.02	02:01:10.958	0.93614				2
2025.05.02	02:01:12.008	0.93613				2
2025.05.02	02:01:12.961		0.93627			4
2025.05.02	02:01:28.393	0.93614				2
2025.05.02	02:01:30.581	0.93613				2
2025.05.02	02:01:33.429	0.93614	0.93628			6
2025.05.02	02:01:33.737	0.93613	0.93627			6
2025.05.02	02:01:34.363	0.93612	0.93626			6
2025.05.02	02:01:36.389	0.93613				2
2025.05.02	02:01:37.800	0.93612				2
2025.05.02	02:01:38.704	0.93613				2
2025.05.02	02:01:41.907		0.93627			4
2025.05.02	02:01:42.317	0.93614	0.93628			6
2025.05.02	02:01:44.629	0.93613	0.93627			6
2025.05.02	02:01:45.928		0.93626			4
2025.05.02	02:01:50.515	0.93612				2
2025.05.02	02:01:51.244	0.93615	0.93627			6
2025.05.02	02:01:51.584	0.93616	0.93629			6
2025.05.02	02:01:55.177	0.93617	0.93630			6
2025.05.02	02:01:56.236	0.93615	0.93628			6
2025.05.02	02:01:57.328	0.93614				2
2025.05.02	02:02:00.460	0.93614	0.93627			6
2025.05.02	02:02:01.294	0.93616	0.93629			6
2025.05.02	02:02:02.959	0.93618	0.93630			6
2025.05.02	02:02:03.557		0.93631			4
2025.05.02	02:02:07.024	0.93620	0.93632			6
2025.05.02	02:02:08.227		0.93631			4
2025.05.02	02:02:10.310		0.93632			4
2025.05.02	02:02:11.530	0.93616	0.93630			6
2025.05.02	02:02:25.692	0.93617	0.93631			6
2025.05.02	02:02:27.428	0.93620	0.93630			6
2025.05.02	02:02:29.597	0.93622	0.93632			6
2025.05.02	02:02:29.900	0.93619				2
2025.05.02	02:02:30.209		0.93633			4
2025.05.02	02:02:30.852		0.93632			4
2025.05.02	02:02:32.444		0.93633			4
2025.05.02	02:02:35.691	0.93620	0.93634			6
2025.05.02	02:02:49.479	0.93619	0.93633			6
2025.05.02	02:02:49.802	0.93620				2
2025.05.02	02:02:50.334		0.93634			4
2025.05.02	02:02:54.385	0.93618	0.93633			6
2025.05.02	02:02:55.361	0.93620	0.93634			6
2025.05.02	02:03:00.231	0.93620				2
2025.05.02	02:03:01.440	0.93621				2
2025.05.02	02:03:01.764	0.93625	0.93637			6
2025.05.02	02:03:03.237	0.93626				2
2025.05.02	02:03:04.508	0.93628	0.93638			6
2025.05.02	02:03:08.393	0.93623	0.93634			6
2025.05.02	02:03:08.700		0.93633			4
2025.05.02	02:03:16.538		0.93634			4
2025.05.02	02:03:17.355	0.93621	0.93635			6
2025.05.02	02:03:20.740		0.93634			4
2025.05.02	02:03:21.052		0.93635			4
2025.05.02	02:03:24.449		0.93633			4
2025.05.02	02:03:25.231		0.93634			4
2025.05.02	02:03:30.460		0.93635			4
2025.05.02	02:03:41.642		0.93634			4
2025.05.02	02:03:46.840		0.93635			4
2025.05.02	02:03:55.412		0.93633			4
2025.05.02	02:04:00.048	0.93621				2
2025.05.02	02:04:01.586	0.93625	0.93636			6
2025.05.02	02:04:17.481	0.93624				2
2025.05.02	02:04:20.250	0.93626	0.93638			6
2025.05.02	02:04:26.887	0.93625				2
2025.05.02	02:04:38.015		0.93633			4
2025.05.02	02:04:39.249		0.93634			4
2025.05.02	02:04:40.460	0.93621	0.93636			6
2025.05.02	02:04:41.810	0.93620	0.93635			6
2025.05.02	02:04:45.024	0.93621				2
2025.05.02	02:04:45.531	0.93620				2
2025.05.02	02:04:50.256	0.93621				2
2025.05.02	02:04:52.817	0.93623	0.93636			6
2025.05.02	02:04:53.163	0.93618	0.93632			6
2025.05.02	02:04:54.376	0.93621	0.93635			6
2025.05.02	02:04:59.647	0.93619	0.93633			6
2025.05.02	02:05:00.369	0.93620	0.93634			6
2025.05.02	02:05:00.919		0.93635			4
2025.05.02	02:05:01.269		0.93634			4
2025.05.02	02:05:01.721		0.93635			4
2025.05.02	02:05:03.773	0.93618	0.93633			6
2025.05.02	02:05:05.489	0.93619	0.93632			6
2025.05.02	02:05:07.038	0.93617	0.93628			6
2025.05.02	02:05:16.631		0.93629			4
2025.05.02	02:05:20.330	0.93619	0.93631			6
2025.05.02	02:05:20.639	0.93618	0.93632			6
2025.05.02	02:05:21.046	0.93619				2
2025.05.02	02:05:21.364	0.93618	0.93631			6
2025.05.02	02:05:21.665	0.93619				2
2025.05.02	02:05:25.846		0.93632			4
2025.05.02	02:05:37.020	0.93618				2
2025.05.02	02:05:38.184	0.93619				2
2025.05.02	02:05:39.298	0.93618				2
2025.05.02	02:05:40.234	0.93619				2
2025.05.02	02:05:47.816	0.93618				2
2025.05.02	02:05:48.292	0.93619				2
2025.05.02	02:05:49.686		0.93631			4
2025.05.02	02:05:50.773		0.93630			4
2025.05.02	02:05:51.924	0.93616	0.93627			6
2025.05.02	02:05:52.246	0.93617				2
2025.05.02	02:05:53.042	0.93616	0.93628			6
2025.05.02	02:05:55.720	0.93615	0.93627			6
2025.05.02	02:05:56.621	0.93616				2
2025.05.02	02:05:59.046	0.93615				2
2025.05.02	02:05:59.679	0.93613	0.93625			6
2025.05.02	02:06:00.426	0.93613				2
2025.05.02	02:06:01.252	0.93615	0.93628			6
2025.05.02	02:06:01.582	0.93616				2
2025.05.02	02:06:04.978		0.93626			4
2025.05.02	02:06:08.334	0.93612	0.93624			6
2025.05.02	02:06:12.616	0.93614	0.93625			6
2025.05.02	02:06:14.802	0.93612	0.93624			6
2025.05.02	02:06:15.209	0.93613	0.93625			6
2025.05.02	02:06:17.084	0.93615	0.93626			6
2025.05.02	02:06:20.376	0.93614				2
2025.05.02	02:06:24.363		0.93627			4
2025.05.02	02:06:25.845	0.93615				2
2025.05.02	02:06:26.651		0.93628			4
2025.05.02	02:06:27.711	0.93616				2
2025.05.02	02:06:45.605		0.93626			4
2025.05.02	02:06:53.428	0.93615	0.93624			6
2025.05.02	02:06:54.119		0.93626			4
2025.05.02	02:07:01.319	0.93615				2
2025.05.02	02:07:05.393		0.93627			4
2025.05.02	02:07:07.425		0.93626			4
2025.05.02	02:07:32.516		0.93625			4
2025.05.02	02:07:32.875	0.93613	0.93624			6
2025.05.02	02:07:37.093		0.93625			4
2025.05.02	02:07:41.845	0.93614				2
2025.05.02	02:07:50.854	0.93615				2
2025.05.02	02:07:51.409	0.93614				2
2025.05.02	02:07:52.016	0.93615				2
2025.05.02	02:07:52.706	0.93614				2
2025.05.02	02:07:53.718		0.93627			4
2025.05.02	02:08:00.346	0.93614				2
2025.05.02	02:08:01.380	0.93615				2
2025.05.02	02:08:07.525	0.93613	0.93625			6
2025.05.02	02:08:12.739	0.93616	0.93627			6
2025.05.02	02:08:13.081	0.93615				2
2025.05.02	02:08:17.004	0.93614				2
2025.05.02	02:08:22.385		0.93625			4
2025.05.02	02:08:26.750	0.93615				2
2025.05.02	02:08:50.350		0.93626			4
2025.05.02	02:08:50.654	0.93617	0.93628			6
2025.05.02	02:08:53.644	0.93618				2
2025.05.02	02:08:53.974	0.93619				2
2025.05.02	02:08:54.980	0.93617				2
2025.05.02	02:09:02.736	0.93617				2
2025.05.02	02:09:07.559		0.93627			4
2025.05.02	02:09:13.869	0.93615	0.93626			6
2025.05.02	02:09:17.290	0.93616				2
2025.05.02	02:09:24.348	0.93615				2
2025.05.02	02:09:34.465		0.93625			4
2025.05.02	02:09:41.511	0.93616	0.93626			6
2025.05.02	02:09:42.553	0.93613	0.93623			6
2025.05.02	02:10:00.360	0.93613				2
2025.05.02	02:10:05.508	0.93612				2
2025.05.02	02:10:10.277	0.93615	0.93626			6
2025.05.02	02:10:11.266	0.93614	0.93625			6
2025.05.02	02:10:11.579	0.93612	0.93622			6
2025.05.02	02:10:11.891	0.93611				2
2025.05.02	02:10:12.281	0.93613				2
2025.05.02	02:10:12.937	0.93616	0.93625			6
2025.05.02	02:10:20.504	0.93613	0.93623			6
2025.05.02	02:10:21.657	0.93614				2
2025.05.02	02:10:22.412	0.93616	0.93625			6
2025.05.02	02:10:28.368	0.93614				2
2025.05.02	02:10:42.189	0.93615				2
2025.05.02	02:10:43.372	0.93614				2
2025.05.02	02:10:45.056	0.93615	0.93624			6
2025.05.02	02:10:46.160	0.93617				2
2025.05.02	02:10:46.534		0.93623			4
2025.05.02	02:10:47.318	0.93612				2
2025.05.02	02:10:49.069	0.93617				2
2025.05.02	02:10:50.852	0.93616	0.93625			6
2025.05.02	02:10:52.407	0.93617				2
2025.05.02	02:11:02.486	0.93619	0.93627			6
2025.05.02	02:11:02.824	0.93620	0.93628			6
2025.05.02	02:11:03.141	0.93621	0.93629			6
2025.05.02	02:11:03.728	0.93619	0.93628			6
2025.05.02	02:11:04.045	0.93621				2
2025.05.02	02:11:04.777	0.93620				2
2025.05.02	02:11:05.862		0.93629			4
2025.05.02	02:11:07.786	0.93621				2
2025.05.02	02:11:17.471	0.93616	0.93626			6
2025.05.02	02:11:18.671	0.93617				2
2025.05.02	02:11:21.416		0.93625			4
2025.05.02	02:11:22.941		0.93626			4
2025.05.02	02:11:27.164		0.93625			4
2025.05.02	02:11:30.766	0.93621	0.93627			6
2025.05.02	02:11:31.082		0.93628			4
2025.05.02	02:11:47.848	0.93620				2
2025.05.02	02:11:48.530	0.93621				2
2025.05.02	02:11:52.255	0.93620				2
2025.05.02	02:11:58.419	0.93630	0.93638			6
2025.05.02	02:11:58.760	0.93629				2
2025.05.02	02:12:00.362	0.93629				2
2025.05.02	02:12:01.167	0.93630	0.93639			6
2025.05.02	02:12:01.485	0.93632				2
2025.05.02	02:12:01.954	0.93634	0.93642			6
2025.05.02	02:12:02.259	0.93633				2
2025.05.02	02:12:05.245	0.93638	0.93646			6
2025.05.02	02:12:08.351	0.93637				2
2025.05.02	02:12:16.172	0.93640				2
2025.05.02	02:12:19.720	0.93637	0.93644			6
2025.05.02	02:12:24.774	0.93638				2
2025.05.02	02:12:25.075	0.93639				2
2025.05.02	02:12:25.384	0.93638				2
2025.05.02	02:12:28.807		0.93643			4
2025.05.02	02:12:29.112		0.93644			4
2025.05.02	02:12:31.140	0.93639				2
2025.05.02	02:12:31.610	0.93638				2
2025.05.02	02:12:36.624	0.93637				2
2025.05.02	02:12:46.023	0.93639	0.93648			6
2025.05.02	02:12:46.338	0.93640				2
2025.05.02	02:12:48.947	0.93639				2
2025.05.02	02:12:51.211		0.93647			4
2025.05.02	02:13:00.019	0.93638				2
2025.05.02	02:13:01.046	0.93640	0.93648			6
2025.05.02	02:13:01.616	0.93639				2
2025.05.02	02:13:04.554	0.93637	0.93647			6
2025.05.02	02:13:05.362		0.93646			4
2025.05.02	02:13:05.670		0.93648			4
2025.05.02	02:13:06.041	0.93638	0.93647			6
2025.05.02	02:13:06.343		0.93646			4
2025.05.02	02:13:08.815		0.93648			4
2025.05.02	02:13:14.737	0.93637				2
2025.05.02	02:13:15.643	0.93638				2
2025.05.02	02:13:17.779		0.93647			4
2025.05.02	02:13:18.685	0.93637				2
2025.05.02	02:13:21.832	0.93638	0.93646			6
2025.05.02	02:13:22.354	0.93639				2
2025.05.02	02:13:23.009	0.93638				2
2025.05.02	02:13:26.254	0.93639				2
2025.05.02	02:13:36.891	0.93637	0.93644			6
2025.05.02	02:14:01.967	0.93638				2
2025.05.02	02:14:03.406	0.93637				2
2025.05.02	02:14:07.378	0.93638				2
2025.05.02	02:14:07.782	0.93637				2
2025.05.02	02:14:17.627	0.93639	0.93646			6
2025.05.02	02:14:28.197	0.93640				2
2025.05.02	02:14:32.326		0.93647			4
2025.05.02	02:14:37.349	0.93638	0.93646			6
2025.05.02	02:14:39.439	0.93639				2
2025.05.02	02:14:40.370	0.93638				2
2025.05.02	02:14:42.111		0.93645			4
2025.05.02	02:14:43.171	0.93637				2
2025.05.02	02:14:43.782	0.93638				2
2025.05.02	02:14:47.274	0.93637				2
2025.05.02	02:14:48.678		0.93644			4
2025.05.02	02:14:51.146	0.93634	0.93642			6
2025.05.02	02:15:00.540	0.93634				2
2025.05.02	02:15:03.424	0.93633				2
2025.05.02	02:15:06.075	0.93632				2
2025.05.02	02:15:08.161	0.93633				2
2025.05.02	02:15:09.501	0.93632				2
2025.05.02	02:15:10.737	0.93633				2
2025.05.02	02:15:11.977	0.93632	0.93639			6
2025.05.02	02:15:12.641	0.93631				2
2025.05.02	02:15:31.869	0.93633	0.93640			6
2025.05.02	02:15:32.608		0.93641			4
2025.05.02	02:15:36.183	0.93632				2
2025.05.02	02:15:36.998	0.93633				2
2025.05.02	02:15:38.866	0.93632	0.93640			6
2025.05.02	02:15:39.884		0.93639			4
2025.05.02	02:15:40.201	0.93631	0.93640			6
2025.05.02	02:15:45.371	0.93634	0.93642			6
2025.05.02	02:15:49.296	0.93631	0.93641			6
2025.05.02	02:15:51.436	0.93634	0.93643			6
2025.05.02	02:15:52.547	0.93635				2
2025.05.02	02:15:55.226	0.93630				2
2025.05.02	02:15:55.546	0.93631				2
2025.05.02	02:15:56.288	0.93634				2
2025.05.02	02:15:57.767	0.93635	0.93645			6
2025.05.02	02:15:59.362	0.93634				2
2025.05.02	02:16:00.116	0.93635				2
2025.05.02	02:16:03.423	0.93634				2
2025.05.02	02:16:32.766	0.93635				2
2025.05.02	02:17:00.716	0.93635	0.93645			6
2025.05.02	02:17:10.058	0.93634	0.93644			6
2025.05.02	02:17:15.183	0.93633				2
2025.05.02	02:17:16.179	0.93632				2
2025.05.02	02:17:18.483		0.93642			4
2025.05.02	02:17:19.975		0.93643			4
2025.05.02	02:17:20.287		0.93642			4
2025.05.02	02:17:25.065	0.93628	0.93637			6
2025.05.02	02:17:26.718		0.93638			4
2025.05.02	02:17:37.335	0.93630	0.93639			6
2025.05.02	02:17:41.871	0.93629				2
2025.05.02	02:17:49.672	0.93630				2
2025.05.02	02:17:51.809		0.93638			4
2025.05.02	02:17:53.029	0.93631	0.93640			6
2025.05.02	02:17:53.512	0.93632				2
2025.05.02	02:17:54.448	0.93631				2
2025.05.02	02:17:58.840	0.93630	0.93638			6
2025.05.02	02:18:01.076	0.93630				2
2025.05.02	02:18:01.898	0.93632	0.93640			6
2025.05.02	02:18:04.614	0.93629				2
2025.05.02	02:18:04.924	0.93630				2
2025.05.02	02:18:05.758	0.93631	0.93642			6
2025.05.02	02:18:06.754	0.93632	0.93643			6
2025.05.02	02:18:14.012	0.93631				2
2025.05.02	02:18:20.742	0.93632				2
2025.05.02	02:18:23.976	0.93633	0.93644			6
2025.05.02	02:18:25.517	0.93634				2
2025.05.02	02:18:32.958	0.93627	0.93638			6
2025.05.02	02:18:36.534		0.93639			4
2025.05.02	02:18:46.106		0.93638			4
2025.05.02	02:18:47.844	0.93626	0.93636			6
2025.05.02	02:18:48.148	0.93625				2
2025.05.02	02:18:50.524	0.93626				2
2025.05.02	02:18:51.893	0.93627				2
2025.05.02	02:18:55.966	0.93626				2
2025.05.02	02:18:57.380	0.93628	0.93637			6
2025.05.02	02:18:58.900		0.93638			4
2025.05.02	02:19:00.358	0.93628				2
2025.05.02	02:19:02.234		0.93637			4
2025.05.02	02:19:04.712	0.93626	0.93638			6
2025.05.02	02:19:07.269	0.93628				2
2025.05.02	02:19:08.186	0.93627				2
2025.05.02	02:19:09.505		0.93637			4
2025.05.02	02:19:10.045	0.93628	0.93638			6
2025.05.02	02:19:56.430	0.93627				2
2025.05.02	02:19:58.340		0.93639			4
2025.05.02	02:20:01.447	0.93629				2
2025.05.02	02:20:08.561		0.93641			4
2025.05.02	02:20:33.865	0.93630				2
2025.05.02	02:20:42.122	0.93629				2
2025.05.02	02:20:42.534		0.93640			4
2025.05.02	02:20:44.486	0.93630				2
2025.05.02	02:20:54.349	0.93629				2
2025.05.02	02:20:55.206	0.93630				2
2025.05.02	02:20:55.535	0.93626	0.93636			6
2025.05.02	02:20:55.841		0.93637			4
2025.05.02	02:21:02.413	0.93626				2
2025.05.02	02:21:18.395	0.93624	0.93636			6
2025.05.02	02:21:20.351	0.93625				2
2025.05.02	02:21:25.717		0.93635			4
2025.05.02	02:21:26.755	0.93623				2
2025.05.02	02:21:27.192	0.93625				2
2025.05.02	02:21:31.302	0.93623				2
2025.05.02	02:21:32.275	0.93625				2
2025.05.02	02:21:36.783	0.93624	0.93634			6
2025.05.02	02:21:37.288	0.93627	0.93637			6
2025.05.02	02:21:40.404	0.93626				2
2025.05.02	02:21:52.757	0.93629	0.93638			6
2025.05.02	02:21:57.379	0.93631	0.93641			6
2025.05.02	02:22:00.350	0.93631				2
2025.05.02	02:22:00.858		0.93640			4
2025.05.02	02:22:06.340	0.93632				2
2025.05.02	02:22:07.196		0.93642			4
2025.05.02	02:22:10.839	0.93631				2
2025.05.02	02:22:17.380	0.93633				2
2025.05.02	02:22:25.308	0.93632				2
2025.05.02	02:22:26.672	0.93633	0.93643			6
2025.05.02	02:22:32.011	0.93632	0.93642			6
2025.05.02	02:22:51.317	0.93633				2
2025.05.02	02:23:00.330	0.93633				2
2025.05.02	02:23:01.437	0.93634	0.93643			6
2025.05.02	02:23:05.943		0.93644			4
2025.05.02	02:23:10.240	0.93633				2
2025.05.02	02:23:14.990	0.93634				2
2025.05.02	02:23:19.795	0.93633				2
2025.05.02	02:23:25.840	0.93634				2
2025.05.02	02:23:29.123	0.93633				2
2025.05.02	02:23:33.456	0.93634				2
2025.05.02	02:23:39.086		0.93645			4
2025.05.02	02:23:42.984	0.93637	0.93648			6
2025.05.02	02:23:57.463	0.93635	0.93645			6
2025.05.02	02:23:59.072	0.93634				2
2025.05.02	02:24:00.217	0.93634				2
2025.05.02	02:24:03.894	0.93633	0.93643			6
2025.05.02	02:24:04.519	0.93634				2
2025.05.02	02:24:07.168		0.93644			4
2025.05.02	02:24:43.674		0.93643			4
2025.05.02	02:24:44.138	0.93635				2
2025.05.02	02:25:00.570	0.93634				2
2025.05.02	02:25:02.373	0.93635				2
2025.05.02	02:25:02.829	0.93634				2
2025.05.02	02:25:04.868	0.93635				2
2025.05.02	02:25:07.991	0.93634	0.93644			6
2025.05.02	02:25:19.111	0.93635	0.93645			6
2025.05.02	02:25:19.440	0.93634	0.93644			6
2025.05.02	02:25:24.046	0.93635	0.93646			6
2025.05.02	02:26:04.021	0.93635				2
2025.05.02	02:26:09.740	0.93634				2
2025.05.02	02:26:24.399		0.93646			4
2025.05.02	02:26:27.146		0.93645			4
2025.05.02	02:26:59.143	0.93633				2
2025.05.02	02:26:59.738	0.93634				2
2025.05.02	02:27:07.404	0.93634				2
2025.05.02	02:27:13.302	0.93635	0.93646			6
2025.05.02	02:27:26.716	0.93634				2
2025.05.02	02:27:31.869		0.93645			4
2025.05.02	02:27:50.224	0.93636				2
2025.05.02	02:27:51.976	0.93635				2
2025.05.02	02:27:56.448	0.93637				2
2025.05.02	02:28:00.716	0.93637				2
2025.05.02	02:28:01.125		0.93646			4
2025.05.02	02:28:02.923	0.93635				2
2025.05.02	02:28:06.585	0.93636				2
2025.05.02	02:28:08.731	0.93634				2
2025.05.02	02:28:15.773	0.93635	0.93645			6
2025.05.02	02:28:20.429	0.93636				2
2025.05.02	02:28:26.338	0.93635				2
2025.05.02	02:28:27.185	0.93645	0.93657			6
2025.05.02	02:28:27.501	0.93643	0.93656			6
2025.05.02	02:28:27.815		0.93655			4
2025.05.02	02:28:28.278	0.93645				2
2025.05.02	02:28:29.017	0.93643				2
2025.05.02	02:28:30.426	0.93644				2
2025.05.02	02:28:31.117	0.93638	0.93648			6
2025.05.02	02:28:31.424		0.93649			4
2025.05.02	02:28:33.481	0.93639				2
2025.05.02	02:28:35.039		0.93648			4
2025.05.02	02:28:36.025	0.93638	0.93649			6
2025.05.02	02:28:40.435	0.93636	0.93647			6
2025.05.02	02:28:45.616	0.93637	0.93648			6
2025.05.02	02:28:46.041	0.93641	0.93650			6
2025.05.02	02:28:46.860	0.93640	0.93652			6
2025.05.02	02:28:47.171	0.93639	0.93651			6
2025.05.02	02:28:47.482	0.93638	0.93648			6
2025.05.02	02:28:47.988	0.93636	0.93647			6
2025.05.02	02:28:48.705	0.93633	0.93643			6
2025.05.02	02:28:49.020	0.93632				2
2025.05.02	02:28:51.098	0.93633				2
2025.05.02	02:28:53.567	0.93636	0.93646			6
2025.05.02	02:28:54.418	0.93638	0.93649			6
2025.05.02	02:28:55.913	0.93639	0.93650			6
2025.05.02	02:28:56.224	0.93638				2
2025.05.02	02:28:57.649	0.93639				2
2025.05.02	02:28:57.960	0.93638				2
2025.05.02	02:28:59.201	0.93639				2
2025.05.02	02:29:00.371	0.93637	0.93649			6
2025.05.02	02:29:02.362	0.93641	0.93651			6
2025.05.02	02:29:02.675		0.93652			4
2025.05.02	02:29:07.134	0.93640	0.93651			6
2025.05.02	02:29:10.266	0.93639				2
2025.05.02	02:29:18.807		0.93650			4
2025.05.02	02:29:20.458	0.93643	0.93654			6
2025.05.02	02:29:23.006	0.93639	0.93650			6
2025.05.02	02:29:23.942	0.93643	0.93653			6
2025.05.02	02:29:27.256	0.93645	0.93656			6
2025.05.02	02:29:36.758		0.93657			4
2025.05.02	02:29:37.112		0.93656			4
2025.05.02	02:29:38.901	0.93644				2
2025.05.02	02:29:39.260	0.93647	0.93659			6
2025.05.02	02:29:42.489	0.93648	0.93658			6
2025.05.02	02:29:42.997	0.93647				2
2025.05.02	02:29:52.250	0.93646				2
2025.05.02	02:29:52.939	0.93647				2
2025.05.02	02:29:57.511	0.93648				2
2025.05.02	02:29:59.136	0.93650	0.93661			6
2025.05.02	02:30:00.811	0.93651				2
2025.05.02	02:30:01.837	0.93654	0.93665			6
2025.05.02	02:30:02.373	0.93653				2
2025.05.02	02:30:03.189	0.93652	0.93663			6
2025.05.02	02:30:03.797	0.93653				2
2025.05.02	02:30:04.434		0.93664			4
2025.05.02	02:30:06.836	0.93648	0.93658			6
2025.05.02	02:30:07.140	0.93647				2
2025.05.02	02:30:08.322	0.93651	0.93661			6
2025.05.02	02:30:09.330	0.93648	0.93659			6
2025.05.02	02:30:11.423	0.93649	0.93661			6
2025.05.02	02:30:36.201	0.93648	0.93660			6
2025.05.02	02:30:37.568		0.93659			4
2025.05.02	02:30:40.720	0.93647	0.93657			6
2025.05.02	02:30:41.167	0.93648	0.93658			6
2025.05.02	02:30:48.384		0.93660			4
2025.05.02	02:31:00.362	0.93648				2
2025.05.02	02:31:02.477	0.93640	0.93651			6
2025.05.02	02:31:02.779		0.93649			4
2025.05.02	02:31:05.536	0.93638	0.93647			6
2025.05.02	02:31:05.854	0.93637				2
2025.05.02	02:31:18.955	0.93634	0.93645			6
2025.05.02	02:31:28.650	0.93637	0.93647			6
2025.05.02	02:31:32.127	0.93635				2
2025.05.02	02:31:33.461	0.93636				2
2025.05.02	02:31:44.162	0.93635				2
2025.05.02	02:31:51.239	0.93636				2
2025.05.02	02:31:52.756	0.93637				2
2025.05.02	02:31:57.447	0.93638	0.93649			6
2025.05.02	02:31:57.761	0.93639	0.93648			6
2025.05.02	02:31:58.830	0.93642	0.93654			6
2025.05.02	02:31:59.137		0.93655			4
2025.05.02	02:32:00.358	0.93642				2
2025.05.02	02:32:16.638		0.93654			4
2025.05.02	02:32:19.350	0.93643				2
2025.05.02	02:32:29.724	0.93642				2
2025.05.02	02:32:38.007	0.93641	0.93655			6
2025.05.02	02:32:38.316		0.93651			4
2025.05.02	02:32:44.203		0.93653			4
2025.05.02	02:32:46.818	0.93643	0.93655			6
2025.05.02	02:32:49.366		0.93656			4
2025.05.02	02:32:56.344	0.93640	0.93650			6
2025.05.02	02:32:59.761	0.93641	0.93653			6
2025.05.02	02:33:00.078	0.93643	0.93654			6
2025.05.02	02:33:02.656	0.93641	0.93653			6
2025.05.02	02:33:09.500		0.93652			4
2025.05.02	02:33:17.651		0.93651			4
2025.05.02	02:33:39.231		0.93650			4
2025.05.02	02:34:00.870	0.93641	0.93652			6
2025.05.02	02:34:02.309	0.93642	0.93654			6
2025.05.02	02:34:03.397	0.93644				2
2025.05.02	02:34:10.921	0.93642				2
2025.05.02	02:35:00.210	0.93642				2
2025.05.02	02:35:05.929	0.93643	0.93654			6
2025.05.02	02:35:08.235		0.93652			4
2025.05.02	02:35:09.914	0.93644	0.93655			6
2025.05.02	02:35:20.017		0.93656			4
2025.05.02	02:35:20.345	0.93645				2
2025.05.02	02:35:24.219	0.93644				2
2025.05.02	02:35:48.670		0.93654			4
2025.05.02	02:35:51.222		0.93655			4
2025.05.02	02:35:59.387	0.93640	0.93652			6
2025.05.02	02:36:00.032	0.93640				2
2025.05.02	02:36:00.672	0.93641				2
2025.05.02	02:36:08.647	0.93640				2
2025.05.02	02:36:19.784	0.93641				2
2025.05.02	02:36:23.430	0.93642	0.93654			6
2025.05.02	02:36:25.962		0.93653			4
