<DATE>	<TIME>	<BID>	<ASK>	<LAST>	<VOLUME>	<FLAGS>
2025.06.27	00:03:30.863	0.93549	0.93671			6
2025.06.27	00:04:00.186	0.93549				2
2025.06.27	00:04:39.356		0.93671			4
2025.06.27	00:05:00.567	0.93549				2
2025.06.27	00:05:39.518		0.93671			4
2025.06.27	00:06:00.196	0.93549				2
2025.06.27	00:06:40.346		0.93671			4
2025.06.27	00:07:05.040	0.93549				2
2025.06.27	00:07:43.136		0.93671			4
2025.06.27	00:08:00.041	0.93549				2
2025.06.27	00:08:26.632	0.93550	0.93732			6
2025.06.27	00:08:28.355		0.93740			4
2025.06.27	00:08:31.468		0.93739			4
2025.06.27	00:08:36.286		0.93740			4
2025.06.27	00:08:38.087		0.93733			4
2025.06.27	00:08:46.358		0.93731			4
2025.06.27	00:09:00.425	0.93550	0.93747			6
2025.06.27	00:09:09.765		0.93750			4
2025.06.27	00:09:21.630	0.93549	0.93747			6
2025.06.27	00:10:00.342	0.93549	0.93742			6
2025.06.27	00:10:01.294		0.93739			4
2025.06.27	00:10:01.603		0.93744			4
2025.06.27	00:10:02.359		0.93745			4
2025.06.27	00:10:02.673		0.93741			4
2025.06.27	00:10:11.621	0.93546	0.93720			6
2025.06.27	00:10:22.092		0.93734			4
2025.06.27	00:10:23.168		0.93735			4
2025.06.27	00:10:24.670		0.93734			4
2025.06.27	00:10:37.168		0.93732			4
2025.06.27	00:10:52.745	0.93549	0.93758			6
2025.06.27	00:10:54.168		0.93729			4
2025.06.27	00:10:58.457	0.93546	0.93731			6
2025.06.27	00:10:59.349	0.93549	0.93729			6
2025.06.27	00:11:00.513	0.93549				2
2025.06.27	00:11:05.602	0.93546	0.93731			6
2025.06.27	00:11:06.497	0.93549	0.93729			6
2025.06.27	00:11:12.474	0.93546	0.93730			6
2025.06.27	00:11:13.367	0.93549	0.93729			6
2025.06.27	00:11:19.658	0.93546	0.93730			6
2025.06.27	00:11:20.045		0.93720			4
2025.06.27	00:11:20.542	0.93549	0.93729			6
2025.06.27	00:11:21.782		0.93731			4
2025.06.27	00:11:26.566	0.93546	0.93720			6
2025.06.27	00:11:27.460	0.93549	0.93731			6
2025.06.27	00:11:27.873		0.93735			4
2025.06.27	00:11:29.299		0.93732			4
2025.06.27	00:11:36.309		0.93735			4
2025.06.27	00:11:37.493		0.93692			4
2025.06.27	00:11:38.613		0.93673			4
2025.06.27	00:11:38.919		0.93675			4
2025.06.27	00:11:39.220	0.93550	0.93734			6
2025.06.27	00:11:39.539		0.93785			4
2025.06.27	00:11:53.243	0.93549	0.93740			6
2025.06.27	00:11:54.802		0.93741			4
2025.06.27	00:11:56.535		0.93740			4
2025.06.27	00:12:00.318	0.93549				2
2025.06.27	00:12:04.714		0.93728			4
2025.06.27	00:12:06.213		0.93729			4
2025.06.27	00:12:11.314		0.93728			4
2025.06.27	00:12:17.303		0.93710			4
2025.06.27	00:12:22.005		0.93722			4
2025.06.27	00:12:30.472		0.93720			4
2025.06.27	00:13:00.360	0.93549				2
2025.06.27	00:13:05.430	0.93553				2
2025.06.27	00:13:22.009		0.93722			4
2025.06.27	00:13:25.136		0.93724			4
2025.06.27	00:13:27.564	0.93549	0.93732			6
2025.06.27	00:13:27.995		0.93729			4
2025.06.27	00:13:29.779	0.93550	0.93785			6
2025.06.27	00:13:44.849		0.93786			4
2025.06.27	00:14:17.660	0.93550				2
2025.06.27	00:14:34.281	0.93547	0.93776			6
2025.06.27	00:14:54.823		0.93770			4
2025.06.27	00:15:12.596	0.93547	0.93776			6
2025.06.27	00:15:13.843		0.93770			4
2025.06.27	00:16:50.944	0.93549	0.93747			6
2025.06.27	00:16:57.324		0.93724			4
2025.06.27	00:17:00.564	0.93549				2
2025.06.27	00:17:33.706	0.93553	0.93722			6
2025.06.27	00:18:00.314	0.93553				2
2025.06.27	00:18:29.781	0.93556				2
2025.06.27	00:18:33.811		0.93722			4
2025.06.27	00:19:00.364	0.93556				2
2025.06.27	00:19:13.635		0.93720			4
2025.06.27	00:19:29.778	0.93557				2
2025.06.27	00:20:01.400	0.93557				2
2025.06.27	00:20:14.539		0.93720			4
2025.06.27	00:20:29.780	0.93553				2
2025.06.27	00:21:00.372	0.93553				2
2025.06.27	00:21:04.704		0.93719			4
2025.06.27	00:21:07.125		0.93720			4
2025.06.27	00:21:10.419		0.93719			4
2025.06.27	00:21:12.611	0.93563	0.93723			6
2025.06.27	00:21:15.991		0.93719			4
2025.06.27	00:21:27.213		0.93718			4
2025.06.27	00:21:39.510		0.93717			4
2025.06.27	00:21:56.911		0.93716			4
2025.06.27	00:22:00.388	0.93563				2
2025.06.27	00:22:12.608	0.93561				2
2025.06.27	00:22:15.519		0.93710			4
2025.06.27	00:22:37.550		0.93709			4
2025.06.27	00:22:46.111		0.93708			4
2025.06.27	00:22:51.755		0.93707			4
2025.06.27	00:23:00.396	0.93561	0.93706			6
2025.06.27	00:23:07.433		0.93705			4
2025.06.27	00:23:19.110		0.93704			4
2025.06.27	00:23:35.311		0.93703			4
2025.06.27	00:23:47.469		0.93704			4
2025.06.27	00:23:49.763	0.93567	0.93718			6
2025.06.27	00:23:53.069		0.93702			4
2025.06.27	00:23:54.754		0.93699			4
2025.06.27	00:24:00.359	0.93567				2
2025.06.27	00:24:00.776	0.93575	0.93703			6
2025.06.27	00:24:13.712		0.93702			4
2025.06.27	00:24:14.655	0.93578	0.93703			6
2025.06.27	00:24:26.611		0.93702			4
2025.06.27	00:24:35.860		0.93701			4
2025.06.27	00:24:37.208		0.93700			4
2025.06.27	00:24:46.438		0.93699			4
2025.06.27	00:24:54.211		0.93698			4
2025.06.27	00:24:58.417		0.93697			4
2025.06.27	00:25:00.114	0.93578				2
2025.06.27	00:25:13.111		0.93696			4
2025.06.27	00:25:15.732		0.93695			4
2025.06.27	00:25:21.933		0.93694			4
2025.06.27	00:25:33.211		0.93693			4
2025.06.27	00:25:44.611		0.93692			4
2025.06.27	00:25:53.417		0.93693			4
2025.06.27	00:25:55.319		0.93692			4
2025.06.27	00:25:56.593		0.93694			4
2025.06.27	00:25:59.159		0.93693			4
2025.06.27	00:25:59.659		0.93691			4
2025.06.27	00:26:01.411	0.93578				2
2025.06.27	00:26:02.011		0.93694			4
2025.06.27	00:26:06.217		0.93693			4
2025.06.27	00:26:09.056	0.93575	0.93692			6
2025.06.27	00:26:11.609		0.93691			4
2025.06.27	00:26:16.203		0.93690			4
2025.06.27	00:26:19.614		0.93689			4
2025.06.27	00:26:44.610		0.93688			4
2025.06.27	00:26:52.068		0.93687			4
2025.06.27	00:27:00.875	0.93575				2
2025.06.27	00:27:06.838		0.93686			4
2025.06.27	00:27:07.256		0.93685			4
2025.06.27	00:27:09.061	0.93572	0.93686			6
2025.06.27	00:27:23.911		0.93685			4
2025.06.27	00:27:46.459		0.93684			4
2025.06.27	00:28:00.564	0.93572				2
2025.06.27	00:28:08.290		0.93683			4
2025.06.27	00:28:09.814		0.93682			4
2025.06.27	00:28:21.511		0.93681			4
2025.06.27	00:28:44.911		0.93680			4
2025.06.27	00:29:00.608	0.93572				2
2025.06.27	00:29:09.065	0.93573				2
2025.06.27	00:29:12.813		0.93679			4
2025.06.27	00:29:17.763		0.93680			4
2025.06.27	00:29:37.716		0.93679			4
2025.06.27	00:29:39.944		0.93678			4
2025.06.27	00:29:41.310		0.93677			4
2025.06.27	00:30:00.118	0.93573				2
2025.06.27	00:30:04.634		0.93675			4
2025.06.27	00:30:49.861	0.93575	0.93678			6
2025.06.27	00:30:56.676		0.93679			4
2025.06.27	00:31:00.356	0.93575				2
2025.06.27	00:31:18.037	0.93573	0.93678			6
2025.06.27	00:31:34.932		0.93679			4
2025.06.27	00:31:51.709		0.93686			4
2025.06.27	00:31:53.312		0.93687			4
2025.06.27	00:32:00.217	0.93573				2
2025.06.27	00:32:18.027	0.93574				2
2025.06.27	00:32:24.285		0.93686			4
2025.06.27	00:32:26.312		0.93685			4
2025.06.27	00:32:30.591	0.93573	0.93686			6
2025.06.27	00:32:38.212		0.93685			4
2025.06.27	00:32:39.192		0.93688			4
2025.06.27	00:32:41.017		0.93689			4
2025.06.27	00:32:42.211		0.93688			4
2025.06.27	00:32:59.259		0.93687			4
2025.06.27	00:33:00.565	0.93573				2
2025.06.27	00:33:12.812		0.93686			4
2025.06.27	00:33:14.842		0.93683			4
2025.06.27	00:33:18.886		0.93676			4
2025.06.27	00:33:20.011		0.93675			4
2025.06.27	00:33:30.211		0.93674			4
2025.06.27	00:33:30.592	0.93575				2
2025.06.27	00:33:31.985		0.93673			4
2025.06.27	00:33:40.113		0.93672			4
2025.06.27	00:33:40.474		0.93671			4
2025.06.27	00:33:44.310		0.93670			4
2025.06.27	00:33:59.010		0.93669			4
2025.06.27	00:34:00.509	0.93575				2
2025.06.27	00:34:02.320	0.93571				2
2025.06.27	00:34:10.788		0.93668			4
2025.06.27	00:34:32.012		0.93667			4
2025.06.27	00:34:43.412		0.93666			4
2025.06.27	00:35:00.131	0.93571				2
2025.06.27	00:35:02.311		0.93665			4
2025.06.27	00:35:10.702		0.93668			4
2025.06.27	00:35:12.849		0.93667			4
2025.06.27	00:35:33.812		0.93666			4
2025.06.27	00:35:36.636		0.93667			4
2025.06.27	00:35:51.514		0.93666			4
2025.06.27	00:36:00.512	0.93571				2
2025.06.27	00:36:12.953		0.93668			4
2025.06.27	00:36:37.039		0.93671			4
2025.06.27	00:37:01.110	0.93571				2
2025.06.27	00:37:14.610		0.93670			4
2025.06.27	00:37:57.188		0.93669			4
2025.06.27	00:37:59.714	0.93549	0.93667			6
2025.06.27	00:38:00.030	0.93568				2
2025.06.27	00:38:01.715		0.93668			4
2025.06.27	00:38:03.812		0.93667			4
2025.06.27	00:38:32.314		0.93668			4
2025.06.27	00:38:42.321		0.93667			4
2025.06.27	00:38:50.012		0.93666			4
2025.06.27	00:38:52.413	0.93558	0.93659			6
2025.06.27	00:38:53.663	0.93545				2
2025.06.27	00:38:54.351	0.93559				2
2025.06.27	00:38:55.770		0.93665			4
2025.06.27	00:38:56.499	0.93562	0.93664			6
2025.06.27	00:39:00.636	0.93562				2
2025.06.27	00:39:01.762	0.93546	0.93655			6
2025.06.27	00:39:06.662	0.93547				2
2025.06.27	00:39:08.628		0.93654			4
2025.06.27	00:39:16.304	0.93555				2
2025.06.27	00:39:17.333	0.93545	0.93642			6
2025.06.27	00:39:17.996		0.93640			4
2025.06.27	00:39:22.067	0.93560	0.93658			6
2025.06.27	00:39:34.712	0.93555	0.93649			6
2025.06.27	00:39:36.529		0.93651			4
2025.06.27	00:39:38.370	0.93543	0.93642			6
2025.06.27	00:39:38.725	0.93546	0.93643			6
2025.06.27	00:39:40.712		0.93642			4
2025.06.27	00:39:45.213	0.93542	0.93637			6
2025.06.27	00:39:48.513		0.93638			4
2025.06.27	00:39:48.820		0.93641			4
2025.06.27	00:39:49.594		0.93640			4
2025.06.27	00:39:52.413		0.93639			4
2025.06.27	00:39:53.702	0.93549	0.93662			6
2025.06.27	00:39:59.853		0.93652			4
2025.06.27	00:40:00.376	0.93549				2
2025.06.27	00:40:08.713		0.93655			4
2025.06.27	00:40:09.866		0.93663			4
2025.06.27	00:40:13.328		0.93646			4
2025.06.27	00:40:15.784		0.93645			4
2025.06.27	00:40:17.593		0.93646			4
2025.06.27	00:40:18.851		0.93638			4
2025.06.27	00:40:23.366		0.93637			4
2025.06.27	00:40:25.778	0.93506	0.93653			6
2025.06.27	00:40:30.318	0.93499	0.93645			6
2025.06.27	00:40:35.878	0.93491	0.93637			6
2025.06.27	00:40:42.026	0.93495	0.93644			6
2025.06.27	00:40:45.396	0.93491	0.93643			6
2025.06.27	00:40:49.184	0.93490	0.93654			6
2025.06.27	00:40:55.892	0.93496				2
2025.06.27	00:41:00.210	0.93496				2
2025.06.27	00:41:07.378	0.93492				2
2025.06.27	00:41:12.524		0.93653			4
2025.06.27	00:41:13.288		0.93652			4
2025.06.27	00:41:13.709		0.93651			4
2025.06.27	00:41:14.612		0.93650			4
2025.06.27	00:41:15.813		0.93649			4
2025.06.27	00:41:16.992		0.93648			4
2025.06.27	00:41:17.594		0.93647			4
2025.06.27	00:41:18.812		0.93646			4
2025.06.27	00:41:20.609		0.93645			4
2025.06.27	00:41:22.544		0.93644			4
2025.06.27	00:41:25.144	0.93489	0.93643			6
2025.06.27	00:41:25.710		0.93630			4
2025.06.27	00:41:26.201		0.93628			4
2025.06.27	00:41:27.353	0.93493				2
2025.06.27	00:41:29.011		0.93629			4
2025.06.27	00:41:40.894	0.93490				2
2025.06.27	00:41:44.913		0.93630			4
2025.06.27	00:41:49.193	0.93493				2
2025.06.27	00:42:00.319	0.93493				2
2025.06.27	00:42:01.412		0.93631			4
2025.06.27	00:42:11.486		0.93630			4
2025.06.27	00:42:12.359	0.93488				2
2025.06.27	00:42:13.712		0.93631			4
2025.06.27	00:42:16.356	0.93491				2
2025.06.27	00:42:29.311	0.93493	0.93677			6
2025.06.27	00:42:29.635	0.93488				2
2025.06.27	00:42:30.030		0.93678			4
2025.06.27	00:42:30.356	0.93493				2
2025.06.27	00:42:30.663		0.93679			4
2025.06.27	00:42:30.980	0.93499	0.93678			6
2025.06.27	00:42:34.447		0.93672			4
2025.06.27	00:42:34.759		0.93670			4
2025.06.27	00:42:35.460	0.93507				2
2025.06.27	00:42:35.886		0.93671			4
2025.06.27	00:42:36.199		0.93678			4
2025.06.27	00:42:37.759	0.93493	0.93670			6
2025.06.27	00:42:38.081		0.93681			4
2025.06.27	00:42:38.629		0.93680			4
2025.06.27	00:42:39.838	0.93504	0.93679			6
2025.06.27	00:42:40.712		0.93682			4
2025.06.27	00:42:41.343	0.93503	0.93669			6
2025.06.27	00:42:42.168		0.93679			4
2025.06.27	00:42:42.594		0.93664			4
2025.06.27	00:42:44.956		0.93666			4
2025.06.27	00:42:45.765	0.93572	0.93684			6
2025.06.27	00:42:46.205	0.93573				2
2025.06.27	00:42:46.505	0.93570	0.93687			6
2025.06.27	00:42:47.107	0.93571				2
2025.06.27	00:42:47.832	0.93572	0.93688			6
2025.06.27	00:42:48.893	0.93571	0.93686			6
2025.06.27	00:42:49.400	0.93569	0.93684			6
2025.06.27	00:42:49.858	0.93570				2
2025.06.27	00:42:50.264	0.93564	0.93670			6
2025.06.27	00:42:50.604		0.93672			4
2025.06.27	00:42:50.913	0.93567	0.93667			6
2025.06.27	00:42:51.818	0.93568	0.93670			6
2025.06.27	00:42:52.312	0.93497	0.93711			6
2025.06.27	00:42:53.009	0.93508	0.93700			6
2025.06.27	00:42:53.843	0.93515	0.93702			6
2025.06.27	00:42:56.313		0.93706			4
2025.06.27	00:42:56.873	0.93505	0.93717			6
2025.06.27	00:42:57.182	0.93504	0.93726			6
2025.06.27	00:42:57.553	0.93505	0.93721			6
2025.06.27	00:42:58.111	0.93504	0.93731			6
2025.06.27	00:42:59.376	0.93502	0.93723			6
2025.06.27	00:43:00.048	0.93502				2
2025.06.27	00:43:04.405		0.93716			4
2025.06.27	00:43:07.710	0.93501	0.93675			6
2025.06.27	00:43:14.437	0.93494	0.93676			6
2025.06.27	00:43:17.800		0.93674			4
2025.06.27	00:43:18.104		0.93673			4
2025.06.27	00:43:18.439		0.93677			4
2025.06.27	00:43:20.946		0.93676			4
2025.06.27	00:43:23.276		0.93672			4
2025.06.27	00:43:25.115		0.93671			4
2025.06.27	00:43:25.713		0.93672			4
2025.06.27	00:43:26.037	0.93495	0.93673			6
2025.06.27	00:43:29.794		0.93671			4
2025.06.27	00:43:30.307		0.93670			4
2025.06.27	00:43:32.185		0.93673			4
2025.06.27	00:43:41.619		0.93672			4
2025.06.27	00:43:44.595	0.93491	0.93647			6
2025.06.27	00:43:45.201		0.93645			4
2025.06.27	00:43:46.358		0.93650			4
2025.06.27	00:43:48.837	0.93485				2
2025.06.27	00:43:50.362		0.93645			4
2025.06.27	00:44:00.595	0.93485				2
2025.06.27	00:44:04.111	0.93486				2
2025.06.27	00:44:09.777	0.93491	0.93643			6
2025.06.27	00:44:17.781		0.93642			4
2025.06.27	00:44:18.669		0.93643			4
2025.06.27	00:44:30.564		0.93649			4
2025.06.27	00:44:33.984		0.93648			4
2025.06.27	00:44:39.635		0.93650			4
2025.06.27	00:44:44.757		0.93640			4
2025.06.27	00:44:45.059	0.93492	0.93646			6
2025.06.27	00:44:45.372	0.93489				2
2025.06.27	00:44:45.680	0.93492	0.93643			6
2025.06.27	00:44:46.035		0.93648			4
2025.06.27	00:44:49.593		0.93652			4
2025.06.27	00:44:50.801		0.93648			4
2025.06.27	00:44:55.549	0.93483				2
2025.06.27	00:45:00.397	0.93483				2
2025.06.27	00:45:00.701		0.93647			4
2025.06.27	00:45:02.204	0.93493				2
2025.06.27	00:45:03.701	0.93494	0.93648			6
2025.06.27	00:45:04.700	0.93483	0.93647			6
2025.06.27	00:45:09.370	0.93501	0.93629			6
2025.06.27	00:45:10.475	0.93505				2
2025.06.27	00:45:17.313		0.93630			4
2025.06.27	00:45:18.906	0.93497				2
2025.06.27	00:45:28.467	0.93507				2
2025.06.27	00:45:30.412	0.93504	0.93633			6
2025.06.27	00:45:30.737	0.93500	0.93631			6
2025.06.27	00:45:37.525		0.93630			4
2025.06.27	00:45:48.406	0.93504	0.93624			6
2025.06.27	00:45:53.918	0.93507	0.93623			6
2025.06.27	00:45:54.759		0.93629			4
2025.06.27	00:46:00.388	0.93507	0.93626			6
2025.06.27	00:46:01.083	0.93505	0.93652			6
2025.06.27	00:46:01.389		0.93653			4
2025.06.27	00:46:04.316		0.93661			4
2025.06.27	00:46:05.338		0.93657			4
2025.06.27	00:46:05.639		0.93646			4
2025.06.27	00:46:06.390		0.93645			4
2025.06.27	00:46:06.707		0.93652			4
2025.06.27	00:46:07.643		0.93654			4
2025.06.27	00:46:08.389		0.93655			4
2025.06.27	00:46:11.152		0.93654			4
2025.06.27	00:46:14.311		0.93653			4
2025.06.27	00:46:18.204		0.93651			4
2025.06.27	00:46:20.790		0.93650			4
2025.06.27	00:46:21.741		0.93644			4
2025.06.27	00:46:22.764		0.93645			4
2025.06.27	00:46:23.758		0.93650			4
2025.06.27	00:46:25.171		0.93649			4
2025.06.27	00:46:26.243	0.93497	0.93636			6
2025.06.27	00:46:28.113		0.93635			4
2025.06.27	00:46:28.763		0.93634			4
2025.06.27	00:46:29.317		0.93631			4
2025.06.27	00:46:29.790	0.93503				2
2025.06.27	00:46:34.096		0.93632			4
2025.06.27	00:46:38.961	0.93502				2
2025.06.27	00:46:52.274	0.93498				2
2025.06.27	00:46:53.795	0.93504	0.93628			6
2025.06.27	00:46:54.314		0.93629			4
2025.06.27	00:46:56.502		0.93632			4
2025.06.27	00:46:56.819		0.93629			4
2025.06.27	00:46:57.417	0.93508				2
2025.06.27	00:47:00.565	0.93508				2
2025.06.27	00:47:02.221	0.93510	0.93625			6
2025.06.27	00:47:03.200	0.93445	0.93646			6
2025.06.27	00:47:03.507	0.93510	0.93635			6
2025.06.27	00:47:04.774	0.93500	0.93633			6
2025.06.27	00:47:05.108	0.93504	0.93636			6
2025.06.27	00:47:10.619	0.93500				2
2025.06.27	00:47:11.150	0.93499	0.93633			6
2025.06.27	00:47:13.525		0.93631			4
2025.06.27	00:47:13.861		0.93636			4
2025.06.27	00:47:19.420	0.93502	0.93629			6
2025.06.27	00:47:20.413		0.93630			4
2025.06.27	00:47:22.285		0.93632			4
2025.06.27	00:47:26.250		0.93636			4
2025.06.27	00:47:27.329	0.93506				2
2025.06.27	00:47:32.466	0.93507	0.93644			6
2025.06.27	00:47:33.611	0.93514				2
2025.06.27	00:47:35.792	0.93509	0.93645			6
2025.06.27	00:47:36.099	0.93508	0.93644			6
2025.06.27	00:47:36.401	0.93513				2
2025.06.27	00:47:38.157	0.93512	0.93649			6
2025.06.27	00:47:39.447		0.93645			4
2025.06.27	00:47:41.320	0.93509	0.93637			6
2025.06.27	00:47:42.152		0.93639			4
2025.06.27	00:47:42.595	0.93507	0.93644			6
2025.06.27	00:47:43.601	0.93514	0.93664			6
2025.06.27	00:47:44.219		0.93663			4
2025.06.27	00:47:44.643	0.93521	0.93662			6
2025.06.27	00:47:58.417	0.93509	0.93663			6
2025.06.27	00:47:58.795	0.93507	0.93669			6
2025.06.27	00:48:00.212	0.93507				2
2025.06.27	00:48:02.274		0.93667			4
2025.06.27	00:48:02.876	0.93518	0.93666			6
2025.06.27	00:48:13.741	0.93504	0.93670			6
2025.06.27	00:48:14.840	0.93508				2
2025.06.27	00:48:16.222	0.93520	0.93671			6
2025.06.27	00:48:20.065	0.93518	0.93667			6
2025.06.27	00:48:20.609	0.93515	0.93671			6
2025.06.27	00:48:28.577	0.93520	0.93673			6
2025.06.27	00:48:31.192		0.93671			4
2025.06.27	00:48:34.062	0.93533	0.93639			6
2025.06.27	00:48:34.378		0.93647			4
2025.06.27	00:48:34.709		0.93646			4
2025.06.27	00:48:35.653	0.93517	0.93668			6
2025.06.27	00:48:36.311		0.93672			4
2025.06.27	00:48:40.270		0.93671			4
2025.06.27	00:48:41.427		0.93670			4
2025.06.27	00:48:42.540	0.93516	0.93671			6
2025.06.27	00:48:43.589		0.93669			4
2025.06.27	00:48:44.353		0.93674			4
2025.06.27	00:48:48.819		0.93673			4
2025.06.27	00:48:54.203		0.93672			4
2025.06.27	00:48:55.611	0.93511	0.93654			6
2025.06.27	00:49:00.316	0.93511				2
2025.06.27	00:49:05.460	0.93523	0.93653			6
2025.06.27	00:49:10.583	0.93520	0.93647			6
2025.06.27	00:49:17.528	0.93514	0.93664			6
2025.06.27	00:49:19.468	0.93516	0.93653			6
2025.06.27	00:49:34.418	0.93511	0.93646			6
2025.06.27	00:49:54.793	0.93506	0.93647			6
2025.06.27	00:50:01.042	0.93506				2
2025.06.27	00:50:06.212		0.93646			4
2025.06.27	00:50:10.292		0.93645			4
2025.06.27	00:50:24.394	0.93510	0.93643			6
2025.06.27	00:50:25.353		0.93644			4
2025.06.27	00:50:39.413		0.93643			4
2025.06.27	00:50:39.908		0.93642			4
2025.06.27	00:50:44.550		0.93644			4
2025.06.27	00:50:45.811		0.93637			4
2025.06.27	00:50:54.414		0.93633			4
2025.06.27	00:51:07.325	0.93510				2
2025.06.27	00:51:09.094		0.93632			4
2025.06.27	00:51:10.918		0.93638			4
2025.06.27	00:51:24.413	0.93503	0.93636			6
2025.06.27	00:51:29.208		0.93635			4
2025.06.27	00:51:37.329		0.93633			4
2025.06.27	00:51:39.405	0.93505				2
2025.06.27	00:51:50.866	0.93504				2
2025.06.27	00:51:55.794		0.93632			4
2025.06.27	00:51:56.296		0.93635			4
2025.06.27	00:52:00.564	0.93504				2
2025.06.27	00:52:04.476	0.93506				2
2025.06.27	00:52:08.085	0.93507				2
2025.06.27	00:52:19.697	0.93506				2
2025.06.27	00:52:34.751	0.93507	0.93636			6
2025.06.27	00:52:35.297		0.93635			4
2025.06.27	00:52:49.475	0.93504				2
2025.06.27	00:53:00.316	0.93504				2
2025.06.27	00:53:02.532	0.93502				2
2025.06.27	00:53:07.796		0.93632			4
2025.06.27	00:53:09.726		0.93635			4
2025.06.27	00:53:14.808	0.93503	0.93636			6
2025.06.27	00:53:15.968		0.93639			4
2025.06.27	00:53:18.039		0.93638			4
2025.06.27	00:53:19.045		0.93635			4
2025.06.27	00:53:21.577	0.93496				2
2025.06.27	00:53:22.758	0.93493	0.93638			6
2025.06.27	00:53:24.726	0.93498	0.93637			6
2025.06.27	00:53:26.051		0.93636			4
2025.06.27	00:53:28.105		0.93639			4
2025.06.27	00:54:02.893	0.93498				2
2025.06.27	00:54:17.912		0.93638			4
2025.06.27	00:54:32.357		0.93637			4
2025.06.27	00:54:33.576		0.93638			4
2025.06.27	00:54:51.900		0.93637			4
2025.06.27	00:55:00.001	0.93498				2
2025.06.27	00:55:05.579	0.93485				2
2025.06.27	00:55:06.407	0.93486	0.93638			6
2025.06.27	00:55:06.742	0.93484	0.93646			6
2025.06.27	00:55:07.708	0.93483	0.93640			6
2025.06.27	00:55:08.022	0.93513				2
2025.06.27	00:55:08.786	0.93480	0.93639			6
2025.06.27	00:55:15.656	0.93483	0.93638			6
2025.06.27	00:55:17.537	0.93484				2
2025.06.27	00:55:18.676		0.93637			4
2025.06.27	00:55:19.317	0.93485	0.93636			6
2025.06.27	00:55:21.365		0.93637			4
2025.06.27	00:55:23.795		0.93636			4
2025.06.27	00:55:26.718	0.93486	0.93633			6
2025.06.27	00:55:27.037		0.93634			4
2025.06.27	00:55:28.481		0.93632			4
2025.06.27	00:55:29.367		0.93634			4
2025.06.27	00:55:35.311		0.93635			4
2025.06.27	00:55:54.878	0.93485				2
2025.06.27	00:56:00.364	0.93485				2
2025.06.27	00:56:00.805	0.93486				2
2025.06.27	00:56:01.538	0.93484	0.93647			6
2025.06.27	00:56:02.662	0.93485	0.93640			6
2025.06.27	00:56:03.510		0.93638			4
2025.06.27	00:56:07.929		0.93639			4
2025.06.27	00:56:09.786		0.93641			4
2025.06.27	00:56:10.825	0.93489	0.93637			6
2025.06.27	00:56:11.744		0.93636			4
2025.06.27	00:56:15.498	0.93486	0.93635			6
2025.06.27	00:56:16.204	0.93485	0.93638			6
2025.06.27	00:56:17.494		0.93636			4
2025.06.27	00:56:17.831	0.93487	0.93649			6
2025.06.27	00:56:19.255		0.93650			4
2025.06.27	00:56:20.518	0.93485				2
2025.06.27	00:56:25.018	0.93487				2
2025.06.27	00:56:25.384	0.93491				2
2025.06.27	00:56:26.010		0.93651			4
2025.06.27	00:56:28.145		0.93653			4
2025.06.27	00:56:28.461		0.93652			4
2025.06.27	00:56:28.874		0.93653			4
2025.06.27	00:56:29.873		0.93652			4
2025.06.27	00:56:33.525		0.93648			4
2025.06.27	00:56:35.314		0.93649			4
2025.06.27	00:56:37.528		0.93646			4
2025.06.27	00:56:38.356	0.93492	0.93639			6
2025.06.27	00:56:38.802	0.93493				2
2025.06.27	00:56:39.542		0.93641			4
2025.06.27	00:56:51.320	0.93491				2
2025.06.27	00:56:54.080		0.93642			4
2025.06.27	00:56:59.747	0.93487				2
2025.06.27	00:57:00.394	0.93487				2
2025.06.27	00:57:20.358	0.93489	0.93651			6
2025.06.27	00:57:22.320		0.93650			4
2025.06.27	00:57:33.121		0.93651			4
2025.06.27	00:57:40.037	0.93484				2
2025.06.27	00:57:41.882		0.93647			4
2025.06.27	00:57:42.238	0.93481	0.93663			6
2025.06.27	00:57:43.413		0.93677			4
2025.06.27	00:57:44.616		0.93676			4
2025.06.27	00:57:45.263		0.93681			4
2025.06.27	00:57:47.454		0.93661			4
2025.06.27	00:57:52.669		0.93678			4
2025.06.27	00:57:53.257		0.93675			4
2025.06.27	00:58:00.511	0.93481				2
2025.06.27	00:58:51.216		0.93671			4
2025.06.27	00:58:58.940		0.93676			4
2025.06.27	00:59:00.313	0.93481				2
2025.06.27	00:59:22.664		0.93681			4
2025.06.27	00:59:26.139		0.93679			4
2025.06.27	00:59:26.889		0.93670			4
2025.06.27	00:59:29.845		0.93678			4
2025.06.27	00:59:30.315		0.93679			4
2025.06.27	00:59:34.726	0.93482	0.93677			6
2025.06.27	00:59:42.427		0.93674			4
2025.06.27	00:59:44.752		0.93675			4
2025.06.27	00:59:49.337	0.93483	0.93670			6
2025.06.27	00:59:53.061		0.93671			4
2025.06.27	01:00:00.308	0.93510	0.93680			6
2025.06.27	01:00:00.614	0.93501	0.93686			6
2025.06.27	01:00:00.925		0.93689			4
2025.06.27	01:00:01.252	0.93510	0.93690			6
2025.06.27	01:00:01.564	0.93513	0.93678			6
2025.06.27	01:00:02.180	0.93527	0.93668			6
2025.06.27	01:00:02.486	0.93526				2
2025.06.27	01:00:02.819	0.93565	0.93622			6
2025.06.27	01:00:03.317	0.93562	0.93624			6
2025.06.27	01:00:03.762	0.93569	0.93616			6
2025.06.27	01:00:04.402	0.93570	0.93618			6
2025.06.27	01:00:05.396	0.93514	0.93668			6
2025.06.27	01:00:05.700	0.93543	0.93639			6
2025.06.27	01:00:06.016		0.93637			4
2025.06.27	01:00:06.664		0.93633			4
2025.06.27	01:00:06.980		0.93637			4
2025.06.27	01:00:07.390	0.93546	0.93634			6
2025.06.27	01:00:07.716	0.93549				2
2025.06.27	01:00:09.211	0.93567				2
2025.06.27	01:00:10.316		0.93635			4
2025.06.27	01:00:10.712		0.93631			4
2025.06.27	01:00:11.034		0.93632			4
2025.06.27	01:00:16.112		0.93635			4
2025.06.27	01:00:16.785		0.93638			4
2025.06.27	01:00:18.432	0.93564				2
2025.06.27	01:00:20.318	0.93563	0.93639			6
2025.06.27	01:00:25.379	0.93565	0.93637			6
2025.06.27	01:00:26.356	0.93568	0.93638			6
2025.06.27	01:00:26.659		0.93631			4
2025.06.27	01:00:27.014	0.93575				2
2025.06.27	01:00:29.039	0.93568				2
2025.06.27	01:00:30.891	0.93570				2
2025.06.27	01:00:34.353		0.93633			4
2025.06.27	01:00:34.660	0.93585	0.93646			6
2025.06.27	01:00:35.090		0.93648			4
2025.06.27	01:00:35.465	0.93598	0.93633			6
2025.06.27	01:00:35.793	0.93605	0.93645			6
2025.06.27	01:00:36.099	0.93599	0.93641			6
2025.06.27	01:00:36.409	0.93598	0.93642			6
2025.06.27	01:00:36.719	0.93597	0.93640			6
2025.06.27	01:00:37.024	0.93598				2
2025.06.27	01:00:37.653	0.93595				2
2025.06.27	01:00:38.795		0.93638			4
2025.06.27	01:00:39.277	0.93597	0.93642			6
2025.06.27	01:00:44.478	0.93595	0.93640			6
2025.06.27	01:00:45.179		0.93642			4
2025.06.27	01:00:47.110	0.93581	0.93634			6
2025.06.27	01:00:48.203	0.93586	0.93636			6
2025.06.27	01:00:48.676	0.93587				2
2025.06.27	01:00:48.984		0.93633			4
2025.06.27	01:00:49.412		0.93631			4
2025.06.27	01:00:50.103	0.93609				2
2025.06.27	01:00:50.564	0.93605				2
2025.06.27	01:00:51.310	0.93607				2
2025.06.27	01:00:52.298	0.93595				2
2025.06.27	01:00:52.612	0.93593				2
2025.06.27	01:00:53.421	0.93591				2
2025.06.27	01:00:54.363	0.93589				2
2025.06.27	01:00:55.499	0.93590	0.93634			6
2025.06.27	01:00:55.803	0.93605	0.93639			6
2025.06.27	01:00:56.865	0.93603				2
2025.06.27	01:00:58.112	0.93604				2
2025.06.27	01:00:58.533	0.93607	0.93643			6
2025.06.27	01:00:58.891	0.93612	0.93644			6
2025.06.27	01:00:59.912	0.93609	0.93639			6
2025.06.27	01:01:00.221	0.93610				2
2025.06.27	01:01:00.526	0.93608	0.93649			6
2025.06.27	01:01:00.915	0.93609	0.93650			6
2025.06.27	01:01:01.556		0.93646			4
2025.06.27	01:01:02.764	0.93610				2
2025.06.27	01:01:03.345		0.93650			4
2025.06.27	01:01:03.732		0.93651			4
2025.06.27	01:01:09.144		0.93650			4
2025.06.27	01:01:12.368	0.93609	0.93649			6
2025.06.27	01:01:13.612		0.93647			4
2025.06.27	01:01:15.388	0.93611	0.93650			6
2025.06.27	01:01:16.459	0.93610	0.93648			6
2025.06.27	01:01:16.779	0.93611	0.93646			6
2025.06.27	01:01:17.985	0.93612				2
2025.06.27	01:01:25.576	0.93609	0.93642			6
2025.06.27	01:01:33.127	0.93610				2
2025.06.27	01:01:33.483	0.93601	0.93638			6
2025.06.27	01:01:33.814	0.93600				2
2025.06.27	01:01:34.351	0.93604	0.93641			6
2025.06.27	01:01:34.659		0.93639			4
2025.06.27	01:01:37.264		0.93637			4
2025.06.27	01:01:37.642		0.93639			4
2025.06.27	01:01:38.825	0.93605	0.93641			6
2025.06.27	01:01:39.731	0.93604				2
2025.06.27	01:01:40.590		0.93639			4
2025.06.27	01:01:41.611	0.93603	0.93636			6
2025.06.27	01:01:41.919	0.93602				2
2025.06.27	01:01:42.702	0.93604	0.93639			6
2025.06.27	01:01:46.711		0.93638			4
2025.06.27	01:01:50.565	0.93605				2
2025.06.27	01:01:51.533	0.93608	0.93642			6
2025.06.27	01:01:51.930	0.93609	0.93643			6
2025.06.27	01:01:53.431	0.93610				2
2025.06.27	01:01:54.080		0.93645			4
2025.06.27	01:01:55.592		0.93642			4
2025.06.27	01:01:56.652	0.93612	0.93643			6
2025.06.27	01:02:00.216	0.93612				2
2025.06.27	01:02:00.812	0.93610	0.93641			6
2025.06.27	01:02:01.742		0.93642			4
2025.06.27	01:02:03.212	0.93609				2
2025.06.27	01:02:10.055	0.93610	0.93646			6
2025.06.27	01:02:11.214	0.93611				2
2025.06.27	01:02:11.733	0.93608	0.93642			6
2025.06.27	01:02:13.027	0.93607	0.93639			6
2025.06.27	01:02:13.344	0.93606				2
2025.06.27	01:02:14.211		0.93640			4
2025.06.27	01:02:14.735		0.93643			4
2025.06.27	01:02:15.216	0.93607	0.93642			6
2025.06.27	01:02:17.215	0.93606				2
2025.06.27	01:02:17.612	0.93607				2
2025.06.27	01:02:18.215	0.93606				2
2025.06.27	01:02:18.541	0.93608	0.93644			6
2025.06.27	01:02:20.841		0.93643			4
2025.06.27	01:02:21.382		0.93641			4
2025.06.27	01:02:21.723		0.93643			4
2025.06.27	01:02:23.012		0.93641			4
2025.06.27	01:02:28.353	0.93609				2
2025.06.27	01:02:28.713	0.93610	0.93640			6
2025.06.27	01:02:29.019	0.93609				2
2025.06.27	01:02:29.383		0.93638			4
2025.06.27	01:02:32.015		0.93639			4
2025.06.27	01:02:33.333	0.93607				2
2025.06.27	01:02:38.323	0.93608	0.93640			6
2025.06.27	01:02:38.632	0.93609	0.93641			6
2025.06.27	01:02:40.117	0.93608				2
2025.06.27	01:02:43.114	0.93599	0.93625			6
2025.06.27	01:02:43.420	0.93596	0.93623			6
2025.06.27	01:02:44.352	0.93590				2
2025.06.27	01:02:45.344	0.93589				2
2025.06.27	01:02:47.933	0.93603	0.93644			6
2025.06.27	01:02:48.239	0.93599	0.93641			6
2025.06.27	01:02:48.944		0.93639			4
2025.06.27	01:02:50.761	0.93601	0.93640			6
2025.06.27	01:02:53.121	0.93605	0.93638			6
2025.06.27	01:02:53.448	0.93604	0.93637			6
2025.06.27	01:02:57.183	0.93609	0.93638			6
2025.06.27	01:02:57.510	0.93610	0.93645			6
2025.06.27	01:02:58.134	0.93612				2
2025.06.27	01:02:58.542	0.93611	0.93643			6
2025.06.27	01:02:58.923	0.93601	0.93637			6
2025.06.27	01:02:59.269	0.93605				2
2025.06.27	01:02:59.784	0.93606				2
2025.06.27	01:03:00.320	0.93604	0.93635			6
2025.06.27	01:03:00.644	0.93595	0.93631			6
2025.06.27	01:03:00.957		0.93630			4
2025.06.27	01:03:01.327	0.93601	0.93632			6
2025.06.27	01:03:01.715	0.93605				2
2025.06.27	01:03:03.520	0.93601				2
2025.06.27	01:03:04.259	0.93595	0.93631			6
2025.06.27	01:03:05.936	0.93597				2
2025.06.27	01:03:06.374	0.93596				2
2025.06.27	01:03:08.447	0.93595				2
2025.06.27	01:03:09.131		0.93632			4
2025.06.27	01:03:09.454		0.93631			4
2025.06.27	01:03:14.753		0.93630			4
2025.06.27	01:03:15.210		0.93631			4
2025.06.27	01:03:15.511	0.93594				2
2025.06.27	01:03:18.589		0.93630			4
2025.06.27	01:03:19.460	0.93593				2
2025.06.27	01:03:21.212	0.93595	0.93631			6
2025.06.27	01:03:22.390	0.93598	0.93634			6
2025.06.27	01:03:26.895	0.93609	0.93639			6
2025.06.27	01:03:28.147		0.93641			4
2025.06.27	01:03:29.779	0.93608	0.93639			6
2025.06.27	01:03:30.445	0.93609				2
2025.06.27	01:03:30.775	0.93608				2
2025.06.27	01:03:33.392	0.93611	0.93641			6
2025.06.27	01:03:40.359	0.93612				2
2025.06.27	01:03:41.831		0.93640			4
2025.06.27	01:03:44.011		0.93642			4
2025.06.27	01:03:47.891	0.93611				2
2025.06.27	01:03:48.887	0.93610				2
2025.06.27	01:03:49.751		0.93643			4
2025.06.27	01:03:51.512		0.93642			4
2025.06.27	01:03:52.550		0.93643			4
2025.06.27	01:03:56.350	0.93612				2
2025.06.27	01:03:59.774	0.93610				2
2025.06.27	01:04:01.111	0.93610				2
2025.06.27	01:04:02.228		0.93644			4
2025.06.27	01:04:03.385	0.93613				2
2025.06.27	01:04:04.350		0.93643			4
2025.06.27	01:04:04.714	0.93615	0.93646			6
2025.06.27	01:04:18.940		0.93645			4
2025.06.27	01:04:26.710		0.93643			4
2025.06.27	01:04:27.029		0.93644			4
2025.06.27	01:04:29.155	0.93612	0.93643			6
2025.06.27	01:04:30.367	0.93613				2
2025.06.27	01:04:32.292		0.93642			4
2025.06.27	01:04:33.158	0.93614	0.93643			6
2025.06.27	01:04:41.904	0.93613				2
2025.06.27	01:04:42.220	0.93611	0.93642			6
2025.06.27	01:04:44.350	0.93612				2
2025.06.27	01:04:48.245	0.93610	0.93641			6
2025.06.27	01:04:57.605	0.93614	0.93643			6
2025.06.27	01:04:57.992	0.93615				2
2025.06.27	01:05:00.400	0.93615				2
2025.06.27	01:05:01.822		0.93644			4
2025.06.27	01:05:02.912	0.93616	0.93645			6
2025.06.27	01:05:03.220	0.93618	0.93647			6
2025.06.27	01:05:03.637		0.93645			4
2025.06.27	01:05:10.915	0.93613	0.93644			6
2025.06.27	01:05:12.213		0.93643			4
2025.06.27	01:05:14.915	0.93614	0.93645			6
2025.06.27	01:05:22.116	0.93616	0.93644			6
2025.06.27	01:05:25.639	0.93617				2
2025.06.27	01:05:27.320	0.93620				2
2025.06.27	01:05:30.059	0.93618				2
2025.06.27	01:05:31.132		0.93645			4
2025.06.27	01:05:32.912		0.93644			4
2025.06.27	01:05:37.339	0.93617	0.93643			6
2025.06.27	01:05:37.660	0.93619				2
2025.06.27	01:05:40.755	0.93618				2
2025.06.27	01:05:41.313	0.93621	0.93644			6
2025.06.27	01:05:42.305		0.93645			4
2025.06.27	01:05:42.752		0.93644			4
2025.06.27	01:05:55.302	0.93615	0.93639			6
2025.06.27	01:05:58.099	0.93613	0.93633			6
2025.06.27	01:05:58.879		0.93635			4
2025.06.27	01:05:59.257	0.93612	0.93634			6
2025.06.27	01:06:00.320	0.93618	0.93640			6
2025.06.27	01:06:00.626		0.93646			4
2025.06.27	01:06:01.000	0.93619				2
2025.06.27	01:06:02.549	0.93618				2
2025.06.27	01:06:08.492	0.93620	0.93647			6
2025.06.27	01:06:09.967	0.93623	0.93649			6
2025.06.27	01:06:11.505		0.93648			4
2025.06.27	01:06:11.906	0.93621				2
2025.06.27	01:06:13.410		0.93647			4
2025.06.27	01:06:19.640	0.93615	0.93645			6
2025.06.27	01:06:20.012		0.93644			4
2025.06.27	01:06:20.314		0.93643			4
2025.06.27	01:06:20.635	0.93617				2
2025.06.27	01:06:23.913		0.93644			4
2025.06.27	01:06:26.064	0.93616				2
2025.06.27	01:06:27.211		0.93643			4
2025.06.27	01:06:29.120	0.93614				2
2025.06.27	01:06:30.674		0.93642			4
2025.06.27	01:06:44.011		0.93643			4
2025.06.27	01:06:44.385		0.93642			4
2025.06.27	01:06:50.914		0.93641			4
2025.06.27	01:06:51.250		0.93642			4
2025.06.27	01:06:52.561		0.93644			4
2025.06.27	01:06:56.469	0.93616	0.93645			6
2025.06.27	01:07:00.107	0.93616				2
2025.06.27	01:07:01.286		0.93646			4
2025.06.27	01:07:03.384	0.93613	0.93643			6
2025.06.27	01:07:04.358	0.93615	0.93645			6
2025.06.27	01:07:04.664		0.93647			4
2025.06.27	01:07:05.382		0.93648			4
2025.06.27	01:07:12.287		0.93647			4
2025.06.27	01:07:12.657		0.93648			4
2025.06.27	01:07:15.676		0.93647			4
2025.06.27	01:07:26.393	0.93617	0.93646			6
2025.06.27	01:07:28.322		0.93648			4
2025.06.27	01:07:32.014		0.93649			4
2025.06.27	01:07:33.855		0.93648			4
2025.06.27	01:07:35.916		0.93649			4
2025.06.27	01:07:37.112		0.93648			4
2025.06.27	01:07:40.525	0.93618	0.93645			6
2025.06.27	01:07:40.839	0.93619	0.93647			6
2025.06.27	01:07:50.975		0.93645			4
2025.06.27	01:07:51.624	0.93622	0.93647			6
2025.06.27	01:07:59.453	0.93621				2
2025.06.27	01:07:59.757		0.93648			4
2025.06.27	01:08:00.210	0.93622				2
2025.06.27	01:08:05.013		0.93647			4
2025.06.27	01:08:08.654	0.93621				2
2025.06.27	01:08:10.201		0.93648			4
2025.06.27	01:08:12.811		0.93649			4
2025.06.27	01:08:15.076	0.93622	0.93650			6
2025.06.27	01:08:17.483	0.93625	0.93653			6
2025.06.27	01:08:19.412	0.93626	0.93654			6
2025.06.27	01:08:22.677	0.93630	0.93653			6
2025.06.27	01:08:22.979	0.93627	0.93657			6
2025.06.27	01:08:23.795		0.93656			4
2025.06.27	01:08:25.468	0.93625	0.93652			6
2025.06.27	01:08:25.789	0.93627				2
2025.06.27	01:08:26.311	0.93626				2
2025.06.27	01:08:27.999	0.93627	0.93654			6
2025.06.27	01:08:28.601		0.93653			4
2025.06.27	01:08:30.675	0.93629				2
2025.06.27	01:08:31.110		0.93654			4
2025.06.27	01:08:31.427	0.93628				2
2025.06.27	01:08:32.870	0.93632	0.93659			6
2025.06.27	01:08:33.501	0.93633				2
2025.06.27	01:08:34.240	0.93629	0.93655			6
2025.06.27	01:08:34.551	0.93628	0.93656			6
2025.06.27	01:08:34.865		0.93655			4
2025.06.27	01:08:35.617		0.93656			4
2025.06.27	01:08:37.110	0.93627	0.93655			6
2025.06.27	01:08:39.921	0.93624	0.93653			6
2025.06.27	01:08:40.893	0.93626	0.93650			6
2025.06.27	01:08:42.812		0.93651			4
2025.06.27	01:08:46.413		0.93650			4
2025.06.27	01:08:48.811		0.93651			4
2025.06.27	01:09:00.677	0.93626				2
2025.06.27	01:09:09.034		0.93654			4
2025.06.27	01:09:15.954		0.93653			4
2025.06.27	01:09:17.083	0.93624	0.93654			6
2025.06.27	01:09:19.564	0.93623				2
2025.06.27	01:09:21.687	0.93624	0.93650			6
2025.06.27	01:09:23.014		0.93651			4
2025.06.27	01:09:25.013	0.93623				2
2025.06.27	01:09:26.681	0.93626				2
2025.06.27	01:09:27.214		0.93652			4
2025.06.27	01:09:27.960	0.93630	0.93654			6
2025.06.27	01:09:28.298	0.93628	0.93656			6
2025.06.27	01:09:28.687	0.93633	0.93659			6
2025.06.27	01:09:30.184	0.93632	0.93660			6
2025.06.27	01:09:30.487		0.93658			4
2025.06.27	01:09:31.917	0.93630				2
2025.06.27	01:09:32.913		0.93659			4
2025.06.27	01:09:35.913		0.93658			4
2025.06.27	01:09:37.963		0.93659			4
2025.06.27	01:09:39.379	0.93631	0.93658			6
2025.06.27	01:09:41.366	0.93632				2
2025.06.27	01:09:54.613		0.93659			4
2025.06.27	01:10:00.530	0.93635	0.93658			6
2025.06.27	01:10:01.109		0.93659			4
2025.06.27	01:10:01.458	0.93634				2
2025.06.27	01:10:02.887	0.93633				2
2025.06.27	01:10:07.714	0.93632				2
2025.06.27	01:10:16.111	0.93633				2
2025.06.27	01:10:20.312	0.93632				2
2025.06.27	01:10:20.950	0.93633				2
2025.06.27	01:10:33.443		0.93658			4
2025.06.27	01:10:35.613		0.93659			4
2025.06.27	01:10:39.514		0.93658			4
2025.06.27	01:10:42.125	0.93632	0.93655			6
2025.06.27	01:10:43.037	0.93633	0.93658			6
2025.06.27	01:10:44.912	0.93634	0.93656			6
2025.06.27	01:10:45.220	0.93637	0.93660			6
2025.06.27	01:10:51.503		0.93659			4
2025.06.27	01:10:52.410		0.93660			4
2025.06.27	01:11:00.316	0.93636				2
2025.06.27	01:11:04.111	0.93635				2
2025.06.27	01:11:08.624	0.93632	0.93655			6
2025.06.27	01:11:10.009	0.93630	0.93652			6
2025.06.27	01:11:10.314	0.93628	0.93649			6
2025.06.27	01:11:12.228	0.93626	0.93647			6
2025.06.27	01:11:13.401	0.93625				2
2025.06.27	01:11:15.512		0.93646			4
2025.06.27	01:11:19.070		0.93647			4
2025.06.27	01:11:31.113		0.93646			4
2025.06.27	01:11:32.194		0.93645			4
2025.06.27	01:11:32.913		0.93646			4
2025.06.27	01:11:38.862	0.93624	0.93645			6
2025.06.27	01:11:42.798	0.93626	0.93649			6
2025.06.27	01:11:43.990	0.93625	0.93645			6
2025.06.27	01:11:45.811	0.93626				2
2025.06.27	01:11:53.626	0.93625	0.93647			6
2025.06.27	01:11:54.003		0.93646			4
2025.06.27	01:11:58.112	0.93624				2
2025.06.27	01:11:58.560	0.93625	0.93648			6
2025.06.27	01:11:59.694	0.93621	0.93641			6
2025.06.27	01:12:00.315	0.93621				2
2025.06.27	01:12:01.526	0.93615	0.93635			6
2025.06.27	01:12:02.008	0.93616	0.93637			6
2025.06.27	01:12:03.432		0.93636			4
2025.06.27	01:12:08.377	0.93614	0.93635			6
2025.06.27	01:12:10.106		0.93633			4
2025.06.27	01:12:11.610	0.93613	0.93636			6
2025.06.27	01:12:11.921		0.93633			4
2025.06.27	01:12:13.400	0.93612	0.93634			6
2025.06.27	01:12:17.988		0.93631			4
2025.06.27	01:12:26.776		0.93633			4
2025.06.27	01:12:28.674		0.93632			4
2025.06.27	01:12:30.211	0.93611				2
2025.06.27	01:12:32.013		0.93633			4
2025.06.27	01:12:33.212		0.93632			4
2025.06.27	01:12:38.010	0.93612				2
2025.06.27	01:12:49.727	0.93615	0.93634			6
2025.06.27	01:12:50.062		0.93636			4
2025.06.27	01:12:50.759	0.93614				2
2025.06.27	01:12:51.812	0.93615				2
2025.06.27	01:12:54.856	0.93614	0.93635			6
2025.06.27	01:12:55.184		0.93634			4
2025.06.27	01:13:00.358	0.93614				2
2025.06.27	01:13:01.565		0.93635			4
2025.06.27	01:13:03.783	0.93613	0.93633			6
2025.06.27	01:13:04.098		0.93631			4
2025.06.27	01:13:04.413	0.93614	0.93632			6
2025.06.27	01:13:04.718	0.93610	0.93633			6
2025.06.27	01:13:07.110	0.93611				2
2025.06.27	01:13:07.703	0.93609	0.93634			6
2025.06.27	01:13:10.213	0.93608				2
2025.06.27	01:13:10.557	0.93607	0.93633			6
2025.06.27	01:13:11.523	0.93610	0.93635			6
2025.06.27	01:13:13.386	0.93606	0.93629			6
2025.06.27	01:13:20.888	0.93608	0.93627			6
2025.06.27	01:13:23.431		0.93626			4
2025.06.27	01:13:25.776	0.93611	0.93631			6
2025.06.27	01:13:27.813	0.93610	0.93632			6
2025.06.27	01:13:30.001	0.93608	0.93627			6
2025.06.27	01:13:36.773	0.93611	0.93635			6
2025.06.27	01:13:45.692		0.93634			4
2025.06.27	01:13:49.076		0.93635			4
2025.06.27	01:13:50.578	0.93612	0.93634			6
2025.06.27	01:13:51.056		0.93633			4
2025.06.27	01:13:55.837		0.93632			4
2025.06.27	01:14:02.311	0.93612				2
2025.06.27	01:14:05.328		0.93631			4
2025.06.27	01:14:05.714	0.93611				2
2025.06.27	01:14:06.814	0.93612				2
2025.06.27	01:14:21.211		0.93632			4
2025.06.27	01:14:37.734		0.93633			4
2025.06.27	01:14:39.517	0.93613	0.93632			6
2025.06.27	01:14:45.813	0.93612				2
2025.06.27	01:14:47.422	0.93613				2
2025.06.27	01:14:55.829		0.93633			4
2025.06.27	01:14:57.426	0.93614	0.93636			6
2025.06.27	01:14:57.732		0.93633			4
2025.06.27	01:14:59.913	0.93613				2
2025.06.27	01:15:00.396	0.93613	0.93635			6
2025.06.27	01:15:03.858	0.93614				2
2025.06.27	01:15:04.171		0.93634			4
2025.06.27	01:15:04.891	0.93613				2
2025.06.27	01:15:06.865	0.93614				2
2025.06.27	01:15:09.072	0.93612	0.93635			6
2025.06.27	01:15:10.413		0.93636			4
2025.06.27	01:15:11.420		0.93635			4
2025.06.27	01:15:12.151	0.93617	0.93633			6
2025.06.27	01:15:12.460	0.93615	0.93634			6
2025.06.27	01:15:12.981		0.93635			4
2025.06.27	01:15:14.259	0.93614				2
2025.06.27	01:15:14.640	0.93615				2
2025.06.27	01:15:19.010	0.93618	0.93638			6
2025.06.27	01:15:19.325	0.93617	0.93641			6
2025.06.27	01:15:20.183		0.93639			4
2025.06.27	01:15:21.218		0.93641			4
2025.06.27	01:15:22.251		0.93640			4
2025.06.27	01:15:23.299		0.93641			4
2025.06.27	01:15:24.326		0.93640			4
2025.06.27	01:15:26.528		0.93641			4
2025.06.27	01:15:35.851		0.93642			4
2025.06.27	01:15:36.514		0.93641			4
2025.06.27	01:15:46.108		0.93640			4
2025.06.27	01:15:50.681	0.93621	0.93645			6
2025.06.27	01:15:51.346		0.93646			4
2025.06.27	01:15:51.701	0.93622	0.93645			6
2025.06.27	01:15:52.359	0.93621				2
2025.06.27	01:15:53.622	0.93622				2
2025.06.27	01:15:54.349	0.93621				2
2025.06.27	01:16:00.567	0.93621	0.93647			6
2025.06.27	01:16:03.510	0.93622				2
2025.06.27	01:16:03.825	0.93621				2
2025.06.27	01:16:09.006	0.93622				2
2025.06.27	01:16:12.117	0.93621				2
2025.06.27	01:16:18.203	0.93622	0.93646			6
2025.06.27	01:16:18.590	0.93623				2
2025.06.27	01:16:19.366	0.93622				2
2025.06.27	01:16:19.734	0.93623				2
2025.06.27	01:16:20.376	0.93622				2
2025.06.27	01:16:20.846	0.93623				2
2025.06.27	01:16:21.189	0.93622				2
2025.06.27	01:16:21.501	0.93624	0.93645			6
2025.06.27	01:16:22.332	0.93625	0.93643			6
2025.06.27	01:16:23.385	0.93624	0.93644			6
2025.06.27	01:16:24.430		0.93646			4
2025.06.27	01:16:24.812	0.93625	0.93645			6
2025.06.27	01:16:27.790	0.93624				2
2025.06.27	01:16:29.227	0.93625				2
2025.06.27	01:16:29.782	0.93624				2
2025.06.27	01:16:30.352	0.93632	0.93652			6
2025.06.27	01:16:30.660	0.93628	0.93647			6
2025.06.27	01:16:30.972	0.93626	0.93644			6
2025.06.27	01:16:31.404		0.93643			4
2025.06.27	01:16:37.726		0.93642			4
2025.06.27	01:16:38.964	0.93624	0.93639			6
2025.06.27	01:16:39.599		0.93641			4
2025.06.27	01:16:39.909		0.93642			4
2025.06.27	01:16:41.053		0.93641			4
2025.06.27	01:16:43.113	0.93625				2
2025.06.27	01:16:43.445	0.93624	0.93643			6
2025.06.27	01:16:45.482	0.93626				2
2025.06.27	01:16:48.683	0.93624	0.93641			6
2025.06.27	01:16:49.001	0.93623	0.93643			6
2025.06.27	01:16:51.788		0.93642			4
2025.06.27	01:16:52.105		0.93643			4
2025.06.27	01:16:52.712		0.93642			4
2025.06.27	01:16:53.016		0.93643			4
2025.06.27	01:16:54.316	0.93624	0.93644			6
2025.06.27	01:16:54.647		0.93643			4
2025.06.27	01:16:56.910		0.93642			4
2025.06.27	01:16:57.291	0.93623				2
2025.06.27	01:16:57.622		0.93643			4
2025.06.27	01:16:58.317		0.93642			4
2025.06.27	01:16:58.649		0.93643			4
2025.06.27	01:16:59.336		0.93642			4
2025.06.27	01:16:59.646		0.93643			4
2025.06.27	01:17:00.003	0.93623				2
2025.06.27	01:17:00.365		0.93642			4
2025.06.27	01:17:00.715		0.93643			4
2025.06.27	01:17:02.430		0.93642			4
2025.06.27	01:17:02.776		0.93643			4
2025.06.27	01:17:03.462		0.93642			4
2025.06.27	01:17:03.791		0.93643			4
2025.06.27	01:17:04.494		0.93642			4
2025.06.27	01:17:04.837		0.93643			4
2025.06.27	01:17:07.699	0.93624	0.93646			6
2025.06.27	01:17:08.021		0.93645			4
2025.06.27	01:17:08.911		0.93646			4
2025.06.27	01:17:12.034		0.93645			4
2025.06.27	01:17:13.406	0.93628	0.93646			6
2025.06.27	01:17:14.273		0.93647			4
2025.06.27	01:17:14.658		0.93646			4
2025.06.27	01:17:16.219		0.93647			4
2025.06.27	01:17:16.532		0.93646			4
2025.06.27	01:17:17.263		0.93647			4
2025.06.27	01:17:17.661		0.93646			4
2025.06.27	01:17:18.310		0.93647			4
2025.06.27	01:17:18.621	0.93629				2
2025.06.27	01:17:19.631	0.93625	0.93646			6
2025.06.27	01:17:19.949	0.93627				2
2025.06.27	01:17:21.046	0.93628				2
2025.06.27	01:17:21.693	0.93626	0.93647			6
2025.06.27	01:17:22.014	0.93627	0.93646			6
2025.06.27	01:17:22.537	0.93628	0.93647			6
2025.06.27	01:17:22.957		0.93648			4
2025.06.27	01:17:23.697		0.93647			4
2025.06.27	01:17:24.004		0.93648			4
2025.06.27	01:17:25.772		0.93647			4
2025.06.27	01:17:26.085		0.93648			4
2025.06.27	01:17:31.005		0.93650			4
2025.06.27	01:17:31.337	0.93629				2
2025.06.27	01:17:33.212	0.93628				2
2025.06.27	01:17:35.177	0.93633	0.93651			6
2025.06.27	01:17:38.012	0.93632				2
2025.06.27	01:17:39.812	0.93633				2
2025.06.27	01:17:40.354	0.93632	0.93652			6
2025.06.27	01:17:40.660	0.93631	0.93649			6
2025.06.27	01:17:40.975	0.93629	0.93648			6
2025.06.27	01:17:41.869	0.93632	0.93650			6
2025.06.27	01:17:42.184	0.93630	0.93649			6
2025.06.27	01:17:42.569	0.93631				2
2025.06.27	01:17:44.312		0.93648			4
2025.06.27	01:18:00.512	0.93631				2
2025.06.27	01:18:11.183		0.93647			4
2025.06.27	01:18:14.017		0.93648			4
2025.06.27	01:18:18.213		0.93647			4
2025.06.27	01:18:18.547		0.93648			4
2025.06.27	01:18:21.316		0.93647			4
2025.06.27	01:18:21.633		0.93648			4
2025.06.27	01:18:33.459		0.93647			4
2025.06.27	01:18:33.811		0.93648			4
2025.06.27	01:18:35.532		0.93647			4
2025.06.27	01:18:36.656		0.93648			4
2025.06.27	01:18:41.962		0.93649			4
2025.06.27	01:18:42.394	0.93629	0.93643			6
2025.06.27	01:18:42.700	0.93628	0.93644			6
2025.06.27	01:18:43.412		0.93645			4
2025.06.27	01:18:45.402	0.93631	0.93647			6
2025.06.27	01:18:47.214		0.93645			4
2025.06.27	01:18:49.235		0.93646			4
2025.06.27	01:18:49.964	0.93624	0.93643			6
2025.06.27	01:18:52.185		0.93644			4
2025.06.27	01:18:54.261		0.93643			4
2025.06.27	01:18:54.909		0.93644			4
2025.06.27	01:18:55.313		0.93643			4
2025.06.27	01:19:00.610	0.93629				2
2025.06.27	01:19:12.954	0.93627	0.93640			6
2025.06.27	01:19:13.261	0.93626				2
2025.06.27	01:19:13.806		0.93639			4
2025.06.27	01:19:20.565	0.93623	0.93638			6
2025.06.27	01:19:21.002	0.93624				2
2025.06.27	01:19:22.141	0.93623				2
2025.06.27	01:19:25.719	0.93626	0.93639			6
2025.06.27	01:19:29.762	0.93627	0.93640			6
2025.06.27	01:19:30.374		0.93641			4
2025.06.27	01:19:31.172		0.93640			4
2025.06.27	01:19:32.920	0.93626	0.93638			6
2025.06.27	01:19:34.412		0.93637			4
2025.06.27	01:19:35.610		0.93638			4
2025.06.27	01:19:37.416		0.93637			4
2025.06.27	01:19:37.719		0.93639			4
2025.06.27	01:19:38.032	0.93627	0.93638			6
2025.06.27	01:19:39.874		0.93639			4
2025.06.27	01:19:40.771		0.93638			4
2025.06.27	01:19:44.903		0.93637			4
2025.06.27	01:19:45.254	0.93626	0.93638			6
2025.06.27	01:19:45.950		0.93637			4
2025.06.27	01:19:48.343	0.93625				2
2025.06.27	01:19:49.391		0.93638			4
2025.06.27	01:19:50.124		0.93637			4
2025.06.27	01:19:50.436		0.93638			4
2025.06.27	01:19:51.166		0.93637			4
2025.06.27	01:19:51.485		0.93638			4
2025.06.27	01:19:52.211		0.93637			4
2025.06.27	01:19:52.828	0.93621				2
2025.06.27	01:19:56.613	0.93624				2
2025.06.27	01:19:57.677		0.93636			4
2025.06.27	01:19:59.325		0.93637			4
2025.06.27	01:20:00.314	0.93624				2
2025.06.27	01:20:00.776	0.93625	0.93636			6
2025.06.27	01:20:03.248	0.93624				2
2025.06.27	01:20:03.588		0.93637			4
2025.06.27	01:20:04.011		0.93636			4
2025.06.27	01:20:06.025	0.93625				2
2025.06.27	01:20:07.490	0.93626				2
2025.06.27	01:20:08.212	0.93625				2
2025.06.27	01:20:09.540	0.93626				2
2025.06.27	01:20:10.169	0.93625				2
2025.06.27	01:20:11.335		0.93637			4
2025.06.27	01:20:11.963		0.93636			4
2025.06.27	01:20:12.925	0.93626	0.93634			6
2025.06.27	01:20:13.241	0.93623	0.93637			6
2025.06.27	01:20:14.309	0.93622	0.93635			6
2025.06.27	01:20:15.014	0.93620	0.93634			6
2025.06.27	01:20:16.004	0.93622	0.93635			6
2025.06.27	01:20:16.318	0.93623	0.93636			6
2025.06.27	01:20:16.621	0.93624				2
2025.06.27	01:20:16.961	0.93623	0.93637			6
2025.06.27	01:20:21.813	0.93622				2
2025.06.27	01:20:22.949	0.93623	0.93638			6
2025.06.27	01:20:23.445		0.93637			4
2025.06.27	01:20:25.068		0.93638			4
2025.06.27	01:20:25.713		0.93637			4
2025.06.27	01:20:27.212		0.93638			4
2025.06.27	01:20:30.840	0.93622	0.93637			6
2025.06.27	01:20:32.358	0.93621				2
2025.06.27	01:20:38.911		0.93638			4
2025.06.27	01:20:42.385		0.93637			4
2025.06.27	01:20:42.813		0.93638			4
2025.06.27	01:20:43.372	0.93623				2
2025.06.27	01:20:45.112	0.93622	0.93636			6
2025.06.27	01:20:52.469	0.93621	0.93637			6
2025.06.27	01:20:53.420		0.93636			4
2025.06.27	01:20:55.171	0.93622				2
2025.06.27	01:20:55.799		0.93637			4
2025.06.27	01:20:56.458		0.93636			4
2025.06.27	01:20:56.795		0.93637			4
2025.06.27	01:20:57.699	0.93620				2
2025.06.27	01:20:58.713		0.93636			4
2025.06.27	01:20:59.671	0.93621				2
2025.06.27	01:21:00.287	0.93623	0.93638			6
2025.06.27	01:21:01.543	0.93622	0.93639			6
2025.06.27	01:21:02.510	0.93623	0.93640			6
2025.06.27	01:21:03.580		0.93639			4
2025.06.27	01:21:04.356		0.93640			4
2025.06.27	01:21:04.982		0.93639			4
2025.06.27	01:21:14.073	0.93624				2
2025.06.27	01:21:15.301	0.93623				2
2025.06.27	01:21:31.632		0.93641			4
2025.06.27	01:21:38.609	0.93622	0.93640			6
2025.06.27	01:21:38.923	0.93623	0.93639			6
2025.06.27	01:21:41.265	0.93624				2
2025.06.27	01:21:42.509	0.93623				2
2025.06.27	01:21:43.977	0.93626	0.93643			6
2025.06.27	01:21:44.281	0.93628	0.93644			6
2025.06.27	01:21:47.456		0.93646			4
2025.06.27	01:21:50.156	0.93626	0.93644			6
2025.06.27	01:21:51.243		0.93645			4
2025.06.27	01:21:54.377	0.93627	0.93644			6
2025.06.27	01:21:56.313	0.93626	0.93645			6
2025.06.27	01:21:57.511		0.93644			4
2025.06.27	01:22:00.212	0.93626	0.93645			6
2025.06.27	01:22:01.377		0.93644			4
2025.06.27	01:22:02.611	0.93627				2
2025.06.27	01:22:02.932	0.93626	0.93645			6
2025.06.27	01:22:07.411	0.93627	0.93644			6
2025.06.27	01:22:08.385	0.93625	0.93645			6
2025.06.27	01:22:08.719		0.93643			4
2025.06.27	01:22:09.031		0.93642			4
2025.06.27	01:22:09.331	0.93624				2
2025.06.27	01:22:09.654	0.93625				2
2025.06.27	01:22:11.367	0.93624	0.93643			6
2025.06.27	01:22:11.870	0.93625	0.93641			6
2025.06.27	01:22:13.469	0.93624	0.93640			6
2025.06.27	01:22:14.914		0.93641			4
2025.06.27	01:22:17.034		0.93640			4
2025.06.27	01:22:20.912		0.93641			4
2025.06.27	01:22:23.147		0.93640			4
2025.06.27	01:22:24.259	0.93625				2
2025.06.27	01:22:26.080	0.93624				2
2025.06.27	01:22:31.679	0.93625	0.93642			6
2025.06.27	01:22:32.378	0.93626				2
2025.06.27	01:22:40.111		0.93643			4
2025.06.27	01:22:40.928	0.93625	0.93642			6
2025.06.27	01:22:43.240		0.93641			4
2025.06.27	01:22:44.012		0.93642			4
2025.06.27	01:22:44.463	0.93626				2
2025.06.27	01:22:44.805		0.93644			4
2025.06.27	01:22:51.757	0.93625				2
2025.06.27	01:22:53.327	0.93626				2
2025.06.27	01:22:56.763	0.93624	0.93640			6
2025.06.27	01:22:57.836		0.93642			4
2025.06.27	01:22:59.612	0.93625	0.93641			6
2025.06.27	01:23:01.114	0.93624				2
2025.06.27	01:23:03.360		0.93642			4
2025.06.27	01:23:04.958	0.93625	0.93643			6
2025.06.27	01:23:07.113	0.93626				2
2025.06.27	01:23:16.113		0.93644			4
2025.06.27	01:23:18.224		0.93643			4
2025.06.27	01:23:20.312		0.93644			4
2025.06.27	01:23:36.577	0.93628	0.93648			6
2025.06.27	01:23:46.963	0.93627	0.93646			6
2025.06.27	01:23:47.337	0.93626				2
2025.06.27	01:23:47.657	0.93627	0.93647			6
2025.06.27	01:23:47.962	0.93628	0.93648			6
2025.06.27	01:23:48.352	0.93629				2
2025.06.27	01:23:48.971		0.93646			4
2025.06.27	01:23:49.276	0.93630	0.93647			6
2025.06.27	01:23:50.377		0.93648			4
2025.06.27	01:23:51.063	0.93629	0.93647			6
2025.06.27	01:23:51.366	0.93631				2
2025.06.27	01:23:51.746	0.93630				2
2025.06.27	01:23:52.898		0.93648			4
2025.06.27	01:23:55.160	0.93626	0.93642			6
2025.06.27	01:23:56.351		0.93641			4
2025.06.27	01:23:57.827	0.93625	0.93642			6
2025.06.27	01:23:59.253	0.93624				2
2025.06.27	01:24:00.405	0.93624	0.93643			6
2025.06.27	01:24:00.852		0.93642			4
2025.06.27	01:24:01.278	0.93626	0.93640			6
2025.06.27	01:24:02.028		0.93641			4
2025.06.27	01:24:02.708		0.93640			4
2025.06.27	01:24:07.698		0.93639			4
2025.06.27	01:24:09.810	0.93624				2
2025.06.27	01:24:10.790	0.93625				2
2025.06.27	01:24:11.612	0.93626	0.93640			6
2025.06.27	01:24:30.807	0.93627	0.93641			6
2025.06.27	01:24:33.365	0.93626				2
2025.06.27	01:24:35.365	0.93627				2
2025.06.27	01:24:37.353		0.93639			4
2025.06.27	01:24:38.170		0.93641			4
2025.06.27	01:24:38.475		0.93640			4
2025.06.27	01:24:39.494		0.93643			4
2025.06.27	01:24:43.839		0.93642			4
2025.06.27	01:24:44.312		0.93643			4
2025.06.27	01:24:45.235	0.93626				2
2025.06.27	01:24:45.775		0.93644			4
2025.06.27	01:24:46.441	0.93627				2
2025.06.27	01:24:51.476		0.93645			4
2025.06.27	01:24:51.785		0.93643			4
2025.06.27	01:24:52.182	0.93624	0.93640			6
2025.06.27	01:24:52.485	0.93625	0.93643			6
2025.06.27	01:24:53.747		0.93642			4
2025.06.27	01:24:54.279	0.93624				2
2025.06.27	01:24:56.035	0.93627				2
2025.06.27	01:24:59.031		0.93644			4
2025.06.27	01:25:00.416	0.93627	0.93643			6
2025.06.27	01:25:00.751		0.93644			4
2025.06.27	01:25:01.171	0.93628	0.93641			6
2025.06.27	01:25:02.205	0.93627	0.93643			6
2025.06.27	01:25:03.392		0.93644			4
2025.06.27	01:25:03.902		0.93643			4
2025.06.27	01:25:05.926		0.93640			4
2025.06.27	01:25:08.182		0.93641			4
2025.06.27	01:25:09.221		0.93640			4
2025.06.27	01:25:10.254	0.93626				2
2025.06.27	01:25:11.423		0.93641			4
2025.06.27	01:25:12.211		0.93640			4
2025.06.27	01:25:12.813		0.93641			4
2025.06.27	01:25:13.430	0.93627				2
2025.06.27	01:25:14.401	0.93626	0.93640			6
2025.06.27	01:25:17.312		0.93641			4
2025.06.27	01:25:17.633	0.93624				2
2025.06.27	01:25:18.319	0.93626				2
2025.06.27	01:25:19.645	0.93624				2
2025.06.27	01:25:20.487		0.93640			4
2025.06.27	01:25:21.366	0.93626				2
2025.06.27	01:25:21.916	0.93625	0.93644			6
2025.06.27	01:25:22.647	0.93627	0.93640			6
2025.06.27	01:25:25.673		0.93641			4
2025.06.27	01:25:27.288	0.93626				2
2025.06.27	01:25:27.738		0.93640			4
2025.06.27	01:25:29.177	0.93625				2
2025.06.27	01:25:31.413		0.93641			4
2025.06.27	01:25:32.145	0.93624				2
2025.06.27	01:25:36.487	0.93625				2
2025.06.27	01:25:36.811	0.93631	0.93644			6
2025.06.27	01:25:37.162		0.93645			4
2025.06.27	01:25:39.379	0.93629				2
2025.06.27	01:25:40.371	0.93631				2
2025.06.27	01:25:41.161	0.93630				2
2025.06.27	01:25:42.222	0.93628				2
2025.06.27	01:25:44.312		0.93644			4
2025.06.27	01:25:46.412		0.93645			4
2025.06.27	01:25:47.738		0.93644			4
2025.06.27	01:25:52.710		0.93645			4
2025.06.27	01:25:53.124		0.93644			4
2025.06.27	01:25:54.033		0.93645			4
2025.06.27	01:25:55.197		0.93644			4
2025.06.27	01:25:56.104	0.93626				2
2025.06.27	01:25:56.422	0.93627	0.93643			6
2025.06.27	01:26:00.466	0.93627	0.93645			6
2025.06.27	01:26:01.110		0.93644			4
2025.06.27	01:26:01.766		0.93642			4
2025.06.27	01:26:02.284		0.93646			4
2025.06.27	01:26:03.353		0.93643			4
2025.06.27	01:26:04.653		0.93644			4
2025.06.27	01:26:08.612		0.93643			4
2025.06.27	01:26:09.834		0.93644			4
2025.06.27	01:26:10.565	0.93626				2
2025.06.27	01:26:11.902	0.93625				2
2025.06.27	01:26:12.623	0.93626	0.93646			6
2025.06.27	01:26:13.392		0.93643			4
2025.06.27	01:26:14.313		0.93644			4
2025.06.27	01:26:25.953	0.93625				2
2025.06.27	01:26:30.188	0.93626				2
2025.06.27	01:26:32.013	0.93625				2
2025.06.27	01:26:33.215	0.93626				2
2025.06.27	01:26:34.313	0.93625				2
2025.06.27	01:26:35.613	0.93626				2
2025.06.27	01:26:37.029	0.93625	0.93643			6
2025.06.27	01:26:37.586	0.93623	0.93644			6
2025.06.27	01:26:38.933	0.93624	0.93643			6
2025.06.27	01:26:42.212		0.93645			4
2025.06.27	01:26:42.811		0.93644			4
2025.06.27	01:26:50.292		0.93642			4
2025.06.27	01:26:56.268	0.93623				2
2025.06.27	01:27:00.854	0.93623				2
2025.06.27	01:27:01.405	0.93625	0.93644			6
2025.06.27	01:27:02.701		0.93643			4
2025.06.27	01:27:03.436		0.93642			4
2025.06.27	01:27:05.156	0.93622	0.93639			6
2025.06.27	01:27:06.058	0.93618	0.93635			6
2025.06.27	01:27:07.403	0.93620	0.93637			6
2025.06.27	01:27:13.168	0.93618	0.93635			6
2025.06.27	01:27:15.940	0.93617				2
2025.06.27	01:27:16.752	0.93616				2
2025.06.27	01:27:17.059	0.93617				2
2025.06.27	01:27:18.934	0.93616				2
2025.06.27	01:27:19.247	0.93617				2
2025.06.27	01:27:23.025	0.93616				2
2025.06.27	01:27:23.787	0.93617				2
2025.06.27	01:27:25.338	0.93616				2
2025.06.27	01:27:25.811	0.93633	0.93642			6
2025.06.27	01:27:26.119	0.93631				2
2025.06.27	01:27:26.581	0.93633				2
2025.06.27	01:27:27.741	0.93624				2
2025.06.27	01:27:29.800	0.93623				2
2025.06.27	01:27:30.811	0.93624				2
2025.06.27	01:27:39.191		0.93640			4
2025.06.27	01:27:40.110	0.93623				2
2025.06.27	01:27:40.526		0.93639			4
2025.06.27	01:27:41.078	0.93622				2
2025.06.27	01:27:41.601	0.93623				2
2025.06.27	01:27:43.422	0.93622				2
2025.06.27	01:27:44.466	0.93623				2
2025.06.27	01:27:45.257	0.93622				2
2025.06.27	01:27:45.598	0.93623				2
2025.06.27	01:27:47.315	0.93622				2
2025.06.27	01:27:48.117	0.93623				2
2025.06.27	01:27:56.054	0.93625				2
2025.06.27	01:27:58.233	0.93626				2
2025.06.27	01:28:00.214	0.93626				2
2025.06.27	01:28:07.822	0.93621				2
2025.06.27	01:28:08.138	0.93624				2
2025.06.27	01:28:10.713	0.93629	0.93640			6
2025.06.27	01:28:14.411	0.93632				2
2025.06.27	01:28:17.255	0.93633				2
2025.06.27	01:28:19.662		0.93641			4
2025.06.27	01:28:21.478	0.93631				2
2025.06.27	01:28:27.820		0.93640			4
2025.06.27	01:28:32.294	0.93632				2
2025.06.27	01:28:32.601	0.93629				2
2025.06.27	01:28:37.419	0.93628				2
2025.06.27	01:28:37.734	0.93627				2
2025.06.27	01:28:40.000		0.93641			4
2025.06.27	01:28:41.744	0.93624				2
2025.06.27	01:28:42.780	0.93629				2
2025.06.27	01:28:44.856	0.93631				2
2025.06.27	01:28:46.601	0.93632				2
2025.06.27	01:28:46.936	0.93631				2
2025.06.27	01:28:51.984	0.93629				2
2025.06.27	01:28:56.011	0.93631				2
2025.06.27	01:28:57.160		0.93640			4
2025.06.27	01:28:58.193	0.93629				2
2025.06.27	01:29:00.269	0.93629				2
2025.06.27	01:29:01.305	0.93631				2
2025.06.27	01:29:03.046	0.93629				2
2025.06.27	01:29:12.698	0.93632				2
2025.06.27	01:29:13.509	0.93635	0.93646			6
2025.06.27	01:29:13.819		0.93647			4
2025.06.27	01:29:16.801	0.93633				2
2025.06.27	01:29:19.623	0.93634				2
2025.06.27	01:29:20.003	0.93633				2
2025.06.27	01:29:23.014	0.93634				2
2025.06.27	01:29:30.491	0.93633				2
2025.06.27	01:29:37.580		0.93648			4
2025.06.27	01:29:39.828		0.93647			4
2025.06.27	01:29:42.979		0.93648			4
2025.06.27	01:29:43.352	0.93634				2
2025.06.27	01:29:44.021	0.93631	0.93647			6
2025.06.27	01:29:46.184		0.93646			4
2025.06.27	01:29:46.510		0.93647			4
2025.06.27	01:29:47.217	0.93632				2
2025.06.27	01:29:49.352		0.93645			4
2025.06.27	01:29:50.393		0.93646			4
2025.06.27	01:29:55.415	0.93627	0.93644			6
2025.06.27	01:29:55.742		0.93645			4
2025.06.27	01:29:56.431		0.93644			4
2025.06.27	01:29:56.772		0.93645			4
2025.06.27	01:29:57.074	0.93626	0.93643			6
2025.06.27	01:29:59.177	0.93627				2
2025.06.27	01:30:00.205	0.93626	0.93644			6
2025.06.27	01:30:00.664		0.93641			4
2025.06.27	01:30:01.653	0.93624	0.93637			6
2025.06.27	01:30:01.964	0.93628	0.93636			6
2025.06.27	01:30:02.266	0.93627	0.93635			6
2025.06.27	01:30:04.691	0.93623	0.93637			6
2025.06.27	01:30:05.136	0.93622				2
2025.06.27	01:30:05.610	0.93623				2
2025.06.27	01:30:06.062	0.93622				2
2025.06.27	01:30:06.511	0.93623				2
2025.06.27	01:30:19.688		0.93638			4
2025.06.27	01:30:22.833	0.93624				2
2025.06.27	01:30:24.242	0.93620	0.93634			6
2025.06.27	01:30:24.545	0.93619	0.93633			6
2025.06.27	01:30:25.682	0.93618				2
2025.06.27	01:30:26.352	0.93619				2
2025.06.27	01:30:26.842	0.93618				2
2025.06.27	01:30:28.604	0.93617	0.93631			6
2025.06.27	01:30:30.511	0.93614	0.93628			6
2025.06.27	01:30:30.819	0.93615				2
2025.06.27	01:30:31.836	0.93611	0.93625			6
2025.06.27	01:30:32.754	0.93612	0.93626			6
2025.06.27	01:30:34.418		0.93627			4
2025.06.27	01:30:36.670	0.93613				2
2025.06.27	01:30:45.158	0.93615	0.93633			6
2025.06.27	01:30:50.093	0.93616	0.93632			6
2025.06.27	01:30:50.425	0.93615	0.93630			6
2025.06.27	01:30:52.503	0.93616				2
2025.06.27	01:30:53.461	0.93615				2
2025.06.27	01:30:58.816	0.93616				2
2025.06.27	01:31:00.187	0.93616				2
2025.06.27	01:31:00.669	0.93615				2
2025.06.27	01:31:01.412	0.93616				2
2025.06.27	01:31:02.854	0.93615				2
2025.06.27	01:31:04.082	0.93621	0.93636			6
2025.06.27	01:31:04.393		0.93637			4
2025.06.27	01:31:04.782	0.93616	0.93633			6
2025.06.27	01:31:06.812	0.93617				2
2025.06.27	01:31:08.570	0.93616				2
2025.06.27	01:31:10.412	0.93617				2
2025.06.27	01:31:10.850	0.93619	0.93637			6
2025.06.27	01:31:11.311		0.93636			4
2025.06.27	01:31:13.206		0.93634			4
2025.06.27	01:31:13.518		0.93635			4
2025.06.27	01:31:15.812	0.93620				2
2025.06.27	01:31:19.703	0.93619				2
2025.06.27	01:31:20.818		0.93636			4
2025.06.27	01:31:22.413		0.93635			4
2025.06.27	01:31:26.612		0.93636			4
2025.06.27	01:31:27.653		0.93635			4
2025.06.27	01:31:28.564		0.93636			4
2025.06.27	01:31:29.310		0.93635			4
2025.06.27	01:31:38.604	0.93618	0.93636			6
2025.06.27	01:31:42.434		0.93637			4
2025.06.27	01:31:51.985	0.93617	0.93635			6
2025.06.27	01:31:54.821	0.93618	0.93634			6
2025.06.27	01:32:00.211	0.93618				2
2025.06.27	01:32:00.523	0.93622	0.93636			6
2025.06.27	01:32:02.001		0.93637			4
2025.06.27	01:32:02.304	0.93623				2
2025.06.27	01:32:03.423	0.93625	0.93639			6
2025.06.27	01:32:04.637	0.93624				2
2025.06.27	01:32:09.872	0.93625	0.93640			6
2025.06.27	01:32:13.640	0.93621	0.93635			6
2025.06.27	01:32:15.515		0.93636			4
2025.06.27	01:32:15.966	0.93620				2
2025.06.27	01:32:19.112	0.93621				2
2025.06.27	01:32:23.842		0.93635			4
2025.06.27	01:32:28.714		0.93636			4
2025.06.27	01:32:30.005		0.93638			4
2025.06.27	01:32:31.200	0.93619	0.93634			6
2025.06.27	01:32:38.351		0.93633			4
2025.06.27	01:32:40.113		0.93634			4
2025.06.27	01:32:40.596		0.93633			4
2025.06.27	01:32:42.793		0.93634			4
2025.06.27	01:32:43.832	0.93618	0.93633			6
2025.06.27	01:32:49.113		0.93632			4
2025.06.27	01:32:50.311		0.93637			4
2025.06.27	01:32:50.620	0.93617	0.93632			6
2025.06.27	01:32:52.111	0.93616				2
2025.06.27	01:32:53.917	0.93617				2
2025.06.27	01:32:57.812	0.93616				2
2025.06.27	01:33:00.887	0.93616				2
2025.06.27	01:33:01.712	0.93617	0.93631			6
2025.06.27	01:33:03.421		0.93632			4
2025.06.27	01:33:05.310		0.93633			4
2025.06.27	01:33:07.413	0.93616				2
2025.06.27	01:33:09.811		0.93632			4
2025.06.27	01:33:17.555	0.93617				2
2025.06.27	01:33:17.862	0.93616	0.93634			6
2025.06.27	01:33:18.530		0.93633			4
2025.06.27	01:33:32.485	0.93617	0.93634			6
2025.06.27	01:33:34.111	0.93616				2
2025.06.27	01:33:35.875	0.93617	0.93633			6
2025.06.27	01:33:37.111		0.93634			4
2025.06.27	01:33:44.288		0.93633			4
2025.06.27	01:33:46.713	0.93618				2
2025.06.27	01:33:48.068	0.93617				2
2025.06.27	01:33:49.282		0.93634			4
2025.06.27	01:33:51.189		0.93633			4
2025.06.27	01:33:51.679	0.93616				2
2025.06.27	01:33:56.613		0.93632			4
2025.06.27	01:34:02.546	0.93618	0.93634			6
2025.06.27	01:34:02.943	0.93619	0.93633			6
2025.06.27	01:34:03.997	0.93617				2
2025.06.27	01:34:04.351		0.93632			4
2025.06.27	01:34:06.887	0.93616				2
2025.06.27	01:34:08.011		0.93633			4
2025.06.27	01:34:08.921		0.93631			4
2025.06.27	01:34:09.971		0.93632			4
2025.06.27	01:34:11.311		0.93631			4
2025.06.27	01:34:14.093		0.93632			4
2025.06.27	01:34:15.462		0.93631			4
2025.06.27	01:34:17.911	0.93615				2
2025.06.27	01:34:22.112		0.93630			4
2025.06.27	01:34:23.279		0.93631			4
2025.06.27	01:34:25.115		0.93630			4
2025.06.27	01:34:26.444		0.93631			4
2025.06.27	01:34:27.813		0.93630			4
2025.06.27	01:34:29.496		0.93631			4
2025.06.27	01:34:30.819		0.93630			4
2025.06.27	01:34:32.086		0.93631			4
2025.06.27	01:34:33.620	0.93611	0.93626			6
2025.06.27	01:34:34.677	0.93610				2
2025.06.27	01:34:36.771	0.93611				2
2025.06.27	01:34:37.752	0.93610				2
2025.06.27	01:34:38.712		0.93627			4
2025.06.27	01:34:40.673	0.93611	0.93626			6
2025.06.27	01:34:43.634	0.93612				2
2025.06.27	01:34:46.706	0.93611				2
2025.06.27	01:35:01.372	0.93617	0.93635			6
2025.06.27	01:35:02.684	0.93618	0.93634			6
2025.06.27	01:35:05.316	0.93617				2
2025.06.27	01:35:13.409	0.93619	0.93633			6
2025.06.27	01:35:14.574	0.93620				2
2025.06.27	01:35:15.512		0.93634			4
2025.06.27	01:35:24.455	0.93621	0.93635			6
2025.06.27	01:35:25.400	0.93618	0.93633			6
2025.06.27	01:35:29.016		0.93632			4
2025.06.27	01:35:31.718	0.93615	0.93630			6
2025.06.27	01:35:34.219		0.93631			4
2025.06.27	01:35:37.157	0.93616				2
2025.06.27	01:35:38.095	0.93615	0.93630			6
2025.06.27	01:35:41.313	0.93614				2
2025.06.27	01:35:44.325	0.93615				2
2025.06.27	01:35:54.427	0.93614	0.93629			6
2025.06.27	01:36:00.461	0.93615	0.93631			6
2025.06.27	01:36:01.723		0.93632			4
2025.06.27	01:36:02.311		0.93631			4
2025.06.27	01:36:04.174	0.93614				2
2025.06.27	01:36:11.911	0.93616	0.93632			6
2025.06.27	01:36:18.437		0.93631			4
2025.06.27	01:36:21.140		0.93632			4
2025.06.27	01:36:27.211	0.93617				2
2025.06.27	01:36:27.797		0.93631			4
2025.06.27	01:36:30.081	0.93618	0.93634			6
2025.06.27	01:36:30.697	0.93619	0.93633			6
2025.06.27	01:36:31.711	0.93618	0.93632			6
2025.06.27	01:36:33.211		0.93633			4
2025.06.27	01:36:40.360		0.93632			4
2025.06.27	01:36:48.955	0.93617				2
2025.06.27	01:36:53.605	0.93618	0.93633			6
2025.06.27	01:37:00.529	0.93618	0.93632			6
2025.06.27	01:37:02.612	0.93617				2
2025.06.27	01:37:03.983	0.93620				2
2025.06.27	01:37:08.697	0.93621				2
2025.06.27	01:37:16.948	0.93625	0.93633			6
2025.06.27	01:37:17.329	0.93622	0.93634			6
2025.06.27	01:37:23.348	0.93611	0.93626			6
2025.06.27	01:37:23.661	0.93616	0.93634			6
2025.06.27	01:37:23.979		0.93632			4
2025.06.27	01:37:24.606	0.93615	0.93630			6
2025.06.27	01:37:26.338		0.93629			4
2025.06.27	01:37:26.685	0.93614	0.93626			6
2025.06.27	01:37:27.002		0.93627			4
2025.06.27	01:37:27.309		0.93626			4
2025.06.27	01:37:28.693	0.93617	0.93627			6
2025.06.27	01:37:30.051	0.93615	0.93628			6
2025.06.27	01:37:33.373		0.93627			4
2025.06.27	01:37:33.679	0.93614				2
2025.06.27	01:37:34.659	0.93618	0.93631			6
2025.06.27	01:37:34.960		0.93632			4
2025.06.27	01:37:35.642	0.93620	0.93634			6
2025.06.27	01:37:36.368	0.93622	0.93640			6
2025.06.27	01:37:36.680	0.93623	0.93639			6
2025.06.27	01:37:37.471	0.93621	0.93636			6
2025.06.27	01:37:37.781	0.93620	0.93632			6
2025.06.27	01:37:38.519	0.93619	0.93631			6
2025.06.27	01:37:39.152	0.93618				2
2025.06.27	01:37:39.580	0.93616	0.93629			6
2025.06.27	01:37:39.895	0.93615				2
2025.06.27	01:37:43.524	0.93616				2
2025.06.27	01:37:44.282	0.93619	0.93633			6
2025.06.27	01:37:44.644	0.93617	0.93631			6
2025.06.27	01:37:44.982	0.93609	0.93627			6
2025.06.27	01:37:46.261	0.93614	0.93628			6
2025.06.27	01:37:46.565	0.93612				2
2025.06.27	01:37:47.463	0.93611	0.93625			6
2025.06.27	01:37:47.795	0.93612				2
2025.06.27	01:37:48.636	0.93611				2
2025.06.27	01:37:49.001	0.93609	0.93622			6
2025.06.27	01:37:49.348	0.93610				2
2025.06.27	01:37:51.511	0.93608	0.93625			6
2025.06.27	01:37:51.815		0.93626			4
2025.06.27	01:37:54.535	0.93609				2
2025.06.27	01:37:54.914	0.93608	0.93622			6
2025.06.27	01:37:57.034	0.93611	0.93625			6
2025.06.27	01:37:58.106	0.93609	0.93624			6
2025.06.27	01:38:00.363	0.93609	0.93627			6
2025.06.27	01:38:01.408	0.93613	0.93628			6
2025.06.27	01:38:01.802	0.93611				2
2025.06.27	01:38:02.313	0.93612				2
2025.06.27	01:38:03.082	0.93611				2
2025.06.27	01:38:03.510	0.93612	0.93629			6
2025.06.27	01:38:04.824	0.93613				2
2025.06.27	01:38:05.135		0.93633			4
2025.06.27	01:38:05.441	0.93614	0.93631			6
2025.06.27	01:38:06.091	0.93615				2
2025.06.27	01:38:07.560	0.93616				2
2025.06.27	01:38:08.512	0.93617	0.93634			6
2025.06.27	01:38:09.458		0.93632			4
2025.06.27	01:38:11.955	0.93616	0.93631			6
2025.06.27	01:38:12.950		0.93632			4
2025.06.27	01:38:13.409	0.93615				2
2025.06.27	01:38:13.720	0.93617				2
2025.06.27	01:38:15.327	0.93619	0.93634			6
2025.06.27	01:38:16.030	0.93616	0.93629			6
2025.06.27	01:38:17.422	0.93617				2
2025.06.27	01:38:18.434	0.93616	0.93630			6
2025.06.27	01:38:18.806		0.93629			4
2025.06.27	01:38:23.310	0.93617				2
2025.06.27	01:38:24.926	0.93616				2
2025.06.27	01:38:26.268	0.93613	0.93626			6
2025.06.27	01:38:26.820	0.93612				2
2025.06.27	01:38:28.346	0.93613				2
2025.06.27	01:38:29.466	0.93612				2
2025.06.27	01:38:29.774	0.93614				2
2025.06.27	01:38:30.413	0.93616				2
2025.06.27	01:38:30.721	0.93614	0.93627			6
2025.06.27	01:38:31.041	0.93615				2
2025.06.27	01:38:32.688	0.93614				2
2025.06.27	01:38:32.997		0.93625			4
2025.06.27	01:38:33.730	0.93615	0.93628			6
2025.06.27	01:38:43.547	0.93614				2
2025.06.27	01:38:46.206		0.93625			4
2025.06.27	01:38:47.311	0.93613				2
2025.06.27	01:38:49.449	0.93610	0.93626			6
2025.06.27	01:38:54.299	0.93611				2
2025.06.27	01:38:54.810	0.93610	0.93624			6
2025.06.27	01:38:59.812	0.93609				2
2025.06.27	01:39:00.445	0.93610				2
2025.06.27	01:39:00.901	0.93609				2
2025.06.27	01:39:02.156	0.93612				2
2025.06.27	01:39:08.311	0.93610				2
2025.06.27	01:39:08.652	0.93611				2
2025.06.27	01:39:09.003	0.93612				2
2025.06.27	01:39:15.147	0.93614				2
2025.06.27	01:39:15.706	0.93612				2
2025.06.27	01:39:16.506		0.93625			4
2025.06.27	01:39:17.353		0.93622			4
2025.06.27	01:39:19.536		0.93621			4
2025.06.27	01:39:26.103		0.93620			4
2025.06.27	01:39:30.300	0.93607	0.93619			6
2025.06.27	01:39:30.602	0.93611	0.93623			6
2025.06.27	01:39:31.219	0.93612				2
2025.06.27	01:39:31.553	0.93611				2
2025.06.27	01:39:33.665	0.93612				2
2025.06.27	01:39:34.777	0.93611				2
2025.06.27	01:39:35.281	0.93612				2
2025.06.27	01:39:36.212		0.93621			4
2025.06.27	01:39:41.827	0.93613				2
2025.06.27	01:39:42.796		0.93618			4
2025.06.27	01:39:47.602		0.93620			4
2025.06.27	01:39:55.345	0.93607	0.93621			6
2025.06.27	01:39:58.518	0.93608				2
2025.06.27	01:39:59.717	0.93606	0.93620			6
2025.06.27	01:40:00.596	0.93606				2
2025.06.27	01:40:01.718	0.93605				2
2025.06.27	01:40:04.147		0.93619			4
2025.06.27	01:40:08.218	0.93604	0.93621			6
2025.06.27	01:40:09.002	0.93600	0.93619			6
2025.06.27	01:40:09.709	0.93599				2
2025.06.27	01:40:14.400	0.93600				2
2025.06.27	01:40:23.890	0.93598	0.93614			6
2025.06.27	01:40:25.411		0.93613			4
2025.06.27	01:40:25.721	0.93594				2
2025.06.27	01:40:26.565	0.93598	0.93615			6
2025.06.27	01:40:27.773	0.93597	0.93616			6
2025.06.27	01:40:28.083	0.93598	0.93615			6
2025.06.27	01:40:28.844	0.93597	0.93614			6
2025.06.27	01:40:30.174		0.93615			4
2025.06.27	01:40:31.413	0.93596				2
2025.06.27	01:40:33.147	0.93599				2
2025.06.27	01:40:34.372	0.93600				2
2025.06.27	01:40:35.311	0.93599				2
2025.06.27	01:40:42.270	0.93597				2
2025.06.27	01:40:43.411	0.93599	0.93618			6
2025.06.27	01:40:43.721	0.93593	0.93614			6
2025.06.27	01:40:44.059	0.93594	0.93613			6
2025.06.27	01:40:49.033	0.93593				2
2025.06.27	01:40:54.421	0.93592				2
2025.06.27	01:40:56.844	0.93597	0.93614			6
2025.06.27	01:40:57.227	0.93596				2
2025.06.27	01:40:58.619	0.93592				2
2025.06.27	01:41:00.196	0.93592				2
2025.06.27	01:41:00.535	0.93593				2
2025.06.27	01:41:02.169	0.93592				2
2025.06.27	01:41:02.493	0.93593				2
2025.06.27	01:41:04.217		0.93615			4
2025.06.27	01:41:04.534		0.93616			4
2025.06.27	01:41:04.840		0.93614			4
2025.06.27	01:41:06.554	0.93594				2
2025.06.27	01:41:07.472	0.93593				2
2025.06.27	01:41:07.890	0.93594	0.93615			6
2025.06.27	01:41:08.286	0.93595	0.93614			6
2025.06.27	01:41:08.960	0.93593	0.93615			6
2025.06.27	01:41:09.815	0.93594				2
2025.06.27	01:41:10.414	0.93596	0.93617			6
2025.06.27	01:41:11.002		0.93618			4
2025.06.27	01:41:11.320	0.93599	0.93619			6
2025.06.27	01:41:15.103		0.93618			4
2025.06.27	01:41:15.770	0.93601				2
2025.06.27	01:41:17.161	0.93600				2
2025.06.27	01:41:18.558	0.93601				2
2025.06.27	01:41:19.057	0.93593	0.93616			6
2025.06.27	01:41:19.362	0.93595	0.93611			6
2025.06.27	01:41:19.752	0.93596	0.93613			6
2025.06.27	01:41:25.504		0.93614			4
2025.06.27	01:41:33.470	0.93597	0.93616			6
2025.06.27	01:41:40.564		0.93615			4
2025.06.27	01:41:41.612	0.93596	0.93614			6
2025.06.27	01:41:54.428	0.93593	0.93611			6
2025.06.27	01:41:54.740	0.93592				2
2025.06.27	01:41:55.109	0.93590	0.93612			6
2025.06.27	01:41:56.353	0.93589	0.93611			6
2025.06.27	01:41:57.378	0.93590				2
2025.06.27	01:41:58.436	0.93589				2
2025.06.27	01:42:00.868	0.93593				2
2025.06.27	01:42:02.383	0.93590	0.93613			6
2025.06.27	01:42:03.818		0.93612			4
2025.06.27	01:42:06.073		0.93613			4
2025.06.27	01:42:11.126		0.93612			4
2025.06.27	01:42:11.958	0.93589				2
2025.06.27	01:42:12.400		0.93611			4
2025.06.27	01:42:13.319	0.93591	0.93609			6
2025.06.27	01:42:16.926	0.93590	0.93607			6
2025.06.27	01:42:22.698	0.93591	0.93610			6
2025.06.27	01:42:32.448	0.93592	0.93612			6
2025.06.27	01:42:38.615	0.93591	0.93611			6
2025.06.27	01:42:59.214		0.93610			4
2025.06.27	01:43:01.412	0.93591				2
2025.06.27	01:43:07.412	0.93597	0.93617			6
2025.06.27	01:43:09.337	0.93600	0.93619			6
2025.06.27	01:43:17.552	0.93601				2
2025.06.27	01:43:24.049	0.93604	0.93627			6
2025.06.27	01:43:24.357		0.93626			4
2025.06.27	01:43:24.705	0.93605	0.93627			6
2025.06.27	01:43:26.357	0.93604	0.93626			6
2025.06.27	01:43:26.674		0.93627			4
2025.06.27	01:43:33.285	0.93602	0.93621			6
2025.06.27	01:43:33.600	0.93603	0.93622			6
2025.06.27	01:43:34.355	0.93604	0.93627			6
2025.06.27	01:43:34.679	0.93605	0.93624			6
2025.06.27	01:43:36.320	0.93603	0.93626			6
2025.06.27	01:43:37.371	0.93605	0.93625			6
2025.06.27	01:43:41.764	0.93612	0.93636			6
2025.06.27	01:43:42.137		0.93635			4
2025.06.27	01:43:43.039	0.93615	0.93632			6
2025.06.27	01:43:54.592		0.93633			4
2025.06.27	01:44:00.286	0.93615				2
2025.06.27	01:44:07.279	0.93618	0.93636			6
2025.06.27	01:44:20.565		0.93635			4
2025.06.27	01:44:22.275	0.93617				2
2025.06.27	01:44:22.580	0.93613	0.93632			6
2025.06.27	01:44:22.900	0.93615				2
2025.06.27	01:44:24.763	0.93614				2
2025.06.27	01:44:25.557	0.93618				2
2025.06.27	01:44:27.795		0.93633			4
2025.06.27	01:44:28.499	0.93614				2
2025.06.27	01:44:28.799	0.93617				2
2025.06.27	01:44:33.175		0.93632			4
2025.06.27	01:44:36.450		0.93631			4
2025.06.27	01:44:40.050	0.93616				2
2025.06.27	01:44:41.078	0.93617				2
2025.06.27	01:45:02.378	0.93616	0.93633			6
2025.06.27	01:45:04.670	0.93617				2
2025.06.27	01:45:05.776	0.93616				2
2025.06.27	01:45:08.812		0.93632			4
2025.06.27	01:45:09.177	0.93617				2
2025.06.27	01:45:09.894	0.93616	0.93633			6
2025.06.27	01:45:10.906	0.93617				2
2025.06.27	01:45:11.981		0.93632			4
2025.06.27	01:45:13.084	0.93615	0.93637			6
2025.06.27	01:45:14.183	0.93617				2
2025.06.27	01:45:15.619		0.93636			4
2025.06.27	01:45:19.230	0.93616				2
2025.06.27	01:45:21.370		0.93635			4
2025.06.27	01:45:23.648		0.93636			4
2025.06.27	01:45:26.551		0.93635			4
2025.06.27	01:45:29.012		0.93636			4
2025.06.27	01:45:32.771		0.93635			4
2025.06.27	01:45:34.713		0.93636			4
2025.06.27	01:45:35.879		0.93635			4
2025.06.27	01:45:38.106		0.93636			4
2025.06.27	01:45:39.860		0.93634			4
2025.06.27	01:45:44.004	0.93617	0.93635			6
2025.06.27	01:45:52.358		0.93636			4
2025.06.27	01:45:54.500		0.93635			4
2025.06.27	01:45:54.816	0.93616	0.93634			6
2025.06.27	01:45:57.105	0.93615	0.93633			6
2025.06.27	01:46:00.185	0.93614	0.93634			6
2025.06.27	01:46:00.507		0.93633			4
2025.06.27	01:46:01.096	0.93616	0.93636			6
2025.06.27	01:46:13.178	0.93615				2
2025.06.27	01:46:15.737		0.93637			4
2025.06.27	01:46:17.198		0.93636			4
2025.06.27	01:46:20.634	0.93617				2
2025.06.27	01:46:21.279	0.93620	0.93637			6
2025.06.27	01:46:21.580		0.93639			4
2025.06.27	01:46:22.668		0.93641			4
2025.06.27	01:46:23.612	0.93621				2
2025.06.27	01:46:23.949		0.93642			4
2025.06.27	01:46:25.871		0.93641			4
2025.06.27	01:46:27.518	0.93622	0.93642			6
2025.06.27	01:46:27.873		0.93641			4
2025.06.27	01:46:28.175		0.93642			4
2025.06.27	01:46:31.184		0.93641			4
2025.06.27	01:46:34.291		0.93642			4
2025.06.27	01:46:35.993		0.93643			4
2025.06.27	01:46:36.585		0.93642			4
2025.06.27	01:46:40.120		0.93643			4
2025.06.27	01:46:41.027		0.93642			4
2025.06.27	01:46:44.010		0.93643			4
2025.06.27	01:46:45.172		0.93642			4
2025.06.27	01:46:46.336		0.93643			4
2025.06.27	01:46:49.971	0.93619	0.93639			6
2025.06.27	01:46:52.423	0.93620				2
2025.06.27	01:46:53.012	0.93623	0.93642			6
2025.06.27	01:46:53.324	0.93621	0.93641			6
2025.06.27	01:46:53.743	0.93620				2
2025.06.27	01:46:54.967	0.93621				2
2025.06.27	01:46:55.421	0.93620				2
2025.06.27	01:46:55.883		0.93640			4
2025.06.27	01:46:57.087		0.93641			4
2025.06.27	01:46:58.194	0.93621				2
2025.06.27	01:47:00.318	0.93621				2
2025.06.27	01:47:05.507	0.93622				2
2025.06.27	01:47:06.673	0.93621				2
2025.06.27	01:47:09.097	0.93619	0.93640			6
2025.06.27	01:47:09.412	0.93620				2
2025.06.27	01:47:11.739	0.93622	0.93641			6
2025.06.27	01:47:12.263	0.93621				2
2025.06.27	01:47:19.144	0.93624				2
2025.06.27	01:47:19.457	0.93621				2
2025.06.27	01:47:20.565		0.93640			4
2025.06.27	01:47:21.618		0.93641			4
2025.06.27	01:47:22.861	0.93620				2
2025.06.27	01:47:23.176	0.93621				2
2025.06.27	01:47:23.732	0.93620	0.93640			6
2025.06.27	01:47:24.185	0.93621				2
2025.06.27	01:47:24.934		0.93641			4
2025.06.27	01:47:26.910		0.93640			4
2025.06.27	01:47:29.080	0.93620				2
2025.06.27	01:47:29.385		0.93639			4
2025.06.27	01:47:32.321		0.93640			4
2025.06.27	01:47:35.243		0.93639			4
2025.06.27	01:47:38.288		0.93637			4
2025.06.27	01:47:38.606		0.93638			4
2025.06.27	01:47:39.056	0.93621	0.93640			6
2025.06.27	01:47:40.813	0.93619	0.93637			6
2025.06.27	01:47:41.118		0.93639			4
2025.06.27	01:47:41.423	0.93621	0.93640			6
2025.06.27	01:47:41.819	0.93626	0.93641			6
2025.06.27	01:47:42.138	0.93627				2
2025.06.27	01:47:45.401	0.93624	0.93643			6
2025.06.27	01:47:45.705	0.93626				2
2025.06.27	01:47:55.777	0.93624				2
2025.06.27	01:47:57.008	0.93626				2
2025.06.27	01:48:00.596	0.93624				2
2025.06.27	01:48:04.716		0.93642			4
2025.06.27	01:48:09.214		0.93641			4
2025.06.27	01:48:25.464		0.93643			4
2025.06.27	01:48:38.307		0.93641			4
2025.06.27	01:48:42.587		0.93642			4
2025.06.27	01:48:43.406	0.93621	0.93643			6
2025.06.27	01:48:48.119	0.93624	0.93642			6
2025.06.27	01:48:59.733	0.93623				2
2025.06.27	01:49:00.052	0.93619	0.93639			6
2025.06.27	01:49:00.724		0.93637			4
2025.06.27	01:49:04.116		0.93638			4
2025.06.27	01:49:05.865	0.93620	0.93636			6
2025.06.27	01:49:09.366	0.93619				2
2025.06.27	01:49:09.870	0.93617	0.93635			6
2025.06.27	01:49:10.934		0.93636			4
2025.06.27	01:49:12.350	0.93618				2
2025.06.27	01:49:19.290		0.93635			4
2025.06.27	01:49:21.915	0.93617				2
2025.06.27	01:49:26.598	0.93619	0.93636			6
2025.06.27	01:49:40.057		0.93635			4
2025.06.27	01:49:41.218		0.93636			4
2025.06.27	01:50:00.008	0.93619				2
2025.06.27	01:50:00.874	0.93620				2
2025.06.27	01:50:13.374	0.93619				2
2025.06.27	01:50:16.512	0.93620	0.93638			6
2025.06.27	01:50:17.609	0.93622	0.93641			6
2025.06.27	01:50:17.981		0.93640			4
2025.06.27	01:50:20.114		0.93639			4
2025.06.27	01:50:30.397		0.93640			4
2025.06.27	01:50:34.048		0.93639			4
2025.06.27	01:50:35.793	0.93623	0.93642			6
2025.06.27	01:50:48.392	0.93622	0.93641			6
2025.06.27	01:50:49.071		0.93642			4
2025.06.27	01:50:51.319	0.93626	0.93643			6
2025.06.27	01:51:00.211	0.93626				2
2025.06.27	01:51:00.528		0.93644			4
2025.06.27	01:51:02.874		0.93643			4
2025.06.27	01:51:14.952	0.93627	0.93644			6
2025.06.27	01:51:15.270		0.93643			4
2025.06.27	01:51:19.554		0.93644			4
2025.06.27	01:51:20.145		0.93645			4
2025.06.27	01:51:20.592	0.93630	0.93646			6
2025.06.27	01:51:20.909		0.93647			4
2025.06.27	01:51:21.517		0.93646			4
2025.06.27	01:51:22.305		0.93647			4
2025.06.27	01:51:29.373	0.93624	0.93642			6
2025.06.27	01:51:29.700		0.93644			4
2025.06.27	01:51:30.442		0.93643			4
2025.06.27	01:51:35.140	0.93625				2
2025.06.27	01:51:36.091		0.93642			4
2025.06.27	01:51:42.133	0.93620				2
2025.06.27	01:51:43.377		0.93641			4
2025.06.27	01:51:44.738		0.93640			4
2025.06.27	01:51:48.430		0.93641			4
2025.06.27	01:51:52.323		0.93642			4
2025.06.27	01:51:52.881		0.93641			4
2025.06.27	01:51:54.112	0.93621	0.93639			6
2025.06.27	01:51:55.344		0.93638			4
2025.06.27	01:51:56.982		0.93637			4
2025.06.27	01:52:00.810	0.93621				2
2025.06.27	01:52:01.713		0.93640			4
2025.06.27	01:52:05.227		0.93639			4
2025.06.27	01:52:07.033		0.93637			4
2025.06.27	01:52:08.726	0.93619	0.93634			6
2025.06.27	01:52:09.324		0.93633			4
2025.06.27	01:52:16.256		0.93634			4
2025.06.27	01:52:17.085		0.93638			4
2025.06.27	01:52:17.416		0.93637			4
2025.06.27	01:52:18.343		0.93638			4
2025.06.27	01:52:21.853		0.93637			4
2025.06.27	01:52:26.352		0.93638			4
2025.06.27	01:52:40.832		0.93637			4
2025.06.27	01:52:46.319		0.93636			4
2025.06.27	01:52:50.394		0.93634			4
2025.06.27	01:52:55.980		0.93635			4
2025.06.27	01:53:00.554	0.93619				2
2025.06.27	01:53:01.060		0.93637			4
2025.06.27	01:53:02.498		0.93638			4
2025.06.27	01:53:07.226		0.93636			4
2025.06.27	01:53:28.056		0.93638			4
2025.06.27	01:53:33.287		0.93636			4
2025.06.27	01:53:38.705		0.93637			4
2025.06.27	01:53:40.013		0.93635			4
2025.06.27	01:53:42.604	0.93617	0.93634			6
2025.06.27	01:53:44.050		0.93635			4
2025.06.27	01:53:45.501		0.93636			4
2025.06.27	01:53:48.867	0.93618				2
2025.06.27	01:53:49.177		0.93637			4
2025.06.27	01:53:50.011		0.93638			4
2025.06.27	01:53:53.911	0.93620	0.93641			6
2025.06.27	01:53:55.819	0.93621				2
2025.06.27	01:54:01.229	0.93621				2
2025.06.27	01:54:02.348	0.93624				2
2025.06.27	01:54:03.383	0.93623				2
2025.06.27	01:54:11.232	0.93622				2
2025.06.27	01:54:11.748	0.93623				2
2025.06.27	01:54:19.601		0.93642			4
2025.06.27	01:54:21.403		0.93643			4
2025.06.27	01:54:21.704		0.93641			4
2025.06.27	01:54:26.336		0.93642			4
2025.06.27	01:54:27.557		0.93643			4
2025.06.27	01:54:28.872		0.93642			4
2025.06.27	01:54:29.894		0.93641			4
2025.06.27	01:54:48.123	0.93625	0.93642			6
2025.06.27	01:54:48.448		0.93643			4
2025.06.27	01:54:49.360		0.93642			4
2025.06.27	01:55:00.963	0.93625				2
2025.06.27	01:55:14.005	0.93627				2
2025.06.27	01:55:18.774		0.93644			4
2025.06.27	01:55:20.870		0.93645			4
2025.06.27	01:55:26.523		0.93643			4
2025.06.27	01:55:27.554		0.93644			4
2025.06.27	01:55:35.905		0.93643			4
2025.06.27	01:55:56.435		0.93644			4
2025.06.27	01:56:00.503	0.93627				2
2025.06.27	01:56:15.452		0.93643			4
2025.06.27	01:56:16.453		0.93644			4
2025.06.27	01:56:25.308		0.93645			4
2025.06.27	01:56:30.954	0.93622	0.93643			6
2025.06.27	01:56:36.457		0.93642			4
2025.06.27	01:56:43.339		0.93641			4
2025.06.27	01:56:51.092		0.93640			4
2025.06.27	01:56:53.607	0.93624				2
2025.06.27	01:56:58.711	0.93622				2
2025.06.27	01:56:59.352	0.93624	0.93641			6
2025.06.27	01:56:59.658		0.93642			4
2025.06.27	01:56:59.960	0.93622	0.93643			6
2025.06.27	01:57:00.274	0.93624	0.93642			6
2025.06.27	01:57:00.577	0.93622				2
2025.06.27	01:57:42.925	0.93624	0.93643			6
2025.06.27	01:57:55.111	0.93625				2
2025.06.27	01:57:56.077	0.93624				2
2025.06.27	01:57:57.795	0.93625				2
2025.06.27	01:58:01.429	0.93625	0.93641			6
2025.06.27	01:58:06.698		0.93642			4
2025.06.27	01:58:07.786		0.93643			4
2025.06.27	01:58:08.774		0.93642			4
2025.06.27	01:58:09.951		0.93643			4
2025.06.27	01:58:13.792		0.93642			4
2025.06.27	01:58:14.101		0.93643			4
2025.06.27	01:58:15.956		0.93642			4
2025.06.27	01:58:26.303	0.93623	0.93640			6
2025.06.27	01:58:27.437		0.93641			4
2025.06.27	01:58:34.410	0.93624				2
2025.06.27	01:58:36.124		0.93642			4
2025.06.27	01:58:51.093		0.93640			4
2025.06.27	01:58:57.855	0.93625	0.93641			6
2025.06.27	01:58:59.542		0.93640			4
2025.06.27	01:59:00.741	0.93625				2
2025.06.27	01:59:02.782	0.93623	0.93639			6
2025.06.27	01:59:06.092		0.93638			4
2025.06.27	01:59:11.955	0.93624	0.93639			6
2025.06.27	01:59:13.006		0.93638			4
2025.06.27	01:59:16.938	0.93623				2
2025.06.27	01:59:21.090		0.93640			4
2025.06.27	01:59:32.876	0.93624				2
2025.06.27	01:59:46.168	0.93623				2
2025.06.27	01:59:49.677	0.93624				2
2025.06.27	01:59:49.980	0.93626	0.93641			6
2025.06.27	01:59:50.298	0.93624	0.93640			6
2025.06.27	01:59:50.905		0.93641			4
2025.06.27	01:59:56.785		0.93642			4
2025.06.27	02:00:00.256	0.93626				2
2025.06.27	02:00:00.560		0.93641			4
2025.06.27	02:00:01.279		0.93642			4
2025.06.27	02:00:01.779	0.93628	0.93644			6
2025.06.27	02:00:02.152	0.93627	0.93643			6
2025.06.27	02:00:02.469	0.93628	0.93644			6
2025.06.27	02:00:07.166		0.93645			4
2025.06.27	02:00:07.542		0.93641			4
2025.06.27	02:00:12.694	0.93630	0.93643			6
2025.06.27	02:00:17.994	0.93632	0.93646			6
2025.06.27	02:00:27.815	0.93633				2
2025.06.27	02:00:29.186	0.93632				2
2025.06.27	02:00:36.875	0.93634	0.93647			6
2025.06.27	02:00:37.221	0.93637	0.93650			6
2025.06.27	02:00:38.826	0.93636				2
2025.06.27	02:00:42.346	0.93629	0.93642			6
2025.06.27	02:00:43.223	0.93625	0.93641			6
2025.06.27	02:00:43.553	0.93624				2
2025.06.27	02:00:49.697	0.93622	0.93637			6
2025.06.27	02:00:50.001		0.93635			4
2025.06.27	02:00:57.862		0.93634			4
2025.06.27	02:01:00.372	0.93622				2
2025.06.27	02:01:00.680		0.93635			4
2025.06.27	02:01:04.747	0.93621				2
2025.06.27	02:01:05.127	0.93623				2
2025.06.27	02:01:05.441		0.93637			4
2025.06.27	02:01:06.949	0.93624				2
2025.06.27	02:01:12.304	0.93625	0.93640			6
2025.06.27	02:01:14.019	0.93627	0.93641			6
2025.06.27	02:01:14.903	0.93628				2
2025.06.27	02:01:18.017	0.93629	0.93639			6
2025.06.27	02:01:18.319		0.93643			4
2025.06.27	02:01:27.517		0.93644			4
2025.06.27	02:01:42.194	0.93626	0.93641			6
2025.06.27	02:01:43.377	0.93620	0.93638			6
2025.06.27	02:01:44.393	0.93624	0.93639			6
2025.06.27	02:01:52.334	0.93623	0.93637			6
2025.06.27	02:01:53.465	0.93622				2
2025.06.27	02:01:55.234		0.93636			4
2025.06.27	02:01:56.574	0.93617				2
2025.06.27	02:01:56.905	0.93620				2
2025.06.27	02:01:57.218	0.93618				2
2025.06.27	02:01:59.615		0.93638			4
2025.06.27	02:02:00.310	0.93618				2
2025.06.27	02:02:10.319		0.93637			4
2025.06.27	02:02:14.208	0.93620				2
2025.06.27	02:02:22.369	0.93621	0.93638			6
2025.06.27	02:02:24.320		0.93640			4
2025.06.27	02:02:26.676	0.93626	0.93635			6
2025.06.27	02:02:29.406	0.93621	0.93640			6
2025.06.27	02:02:30.220	0.93624	0.93641			6
2025.06.27	02:02:30.540	0.93621	0.93638			6
2025.06.27	02:02:31.517	0.93624				2
2025.06.27	02:02:40.922	0.93626	0.93639			6
2025.06.27	02:02:41.254	0.93624				2
2025.06.27	02:02:51.025	0.93625				2
2025.06.27	02:02:52.703	0.93622	0.93641			6
2025.06.27	02:02:53.336		0.93642			4
2025.06.27	02:02:53.755		0.93643			4
2025.06.27	02:02:54.394		0.93642			4
2025.06.27	02:02:56.748	0.93627				2
2025.06.27	02:02:57.818	0.93630	0.93643			6
2025.06.27	02:02:58.120	0.93629				2
2025.06.27	02:03:00.318	0.93629				2
2025.06.27	02:03:02.991	0.93627				2
2025.06.27	02:03:18.692	0.93628				2
2025.06.27	02:03:23.727	0.93631	0.93646			6
2025.06.27	02:03:33.555	0.93625	0.93641			6
2025.06.27	02:03:33.862	0.93629	0.93643			6
2025.06.27	02:03:34.172		0.93641			4
2025.06.27	02:03:38.102		0.93643			4
2025.06.27	02:03:39.228	0.93628				2
2025.06.27	02:03:44.326	0.93626	0.93641			6
2025.06.27	02:03:53.922	0.93627				2
2025.06.27	02:03:56.361	0.93626				2
2025.06.27	02:03:58.387	0.93627				2
2025.06.27	02:03:59.408		0.93640			4
2025.06.27	02:04:00.075	0.93626				2
2025.06.27	02:04:00.413	0.93627				2
2025.06.27	02:04:09.090	0.93626				2
2025.06.27	02:04:10.397	0.93627				2
2025.06.27	02:04:25.213	0.93624	0.93638			6
2025.06.27	02:04:26.260	0.93625	0.93634			6
2025.06.27	02:04:28.695	0.93624	0.93638			6
2025.06.27	02:04:41.614	0.93625				2
2025.06.27	02:04:46.099		0.93637			4
2025.06.27	02:04:48.546	0.93624				2
2025.06.27	02:04:55.169	0.93628	0.93643			6
2025.06.27	02:05:00.314	0.93628				2
2025.06.27	02:05:52.711	0.93626	0.93641			6
2025.06.27	02:06:00.064	0.93626				2
2025.06.27	02:06:04.539		0.93640			4
2025.06.27	02:06:35.008	0.93625				2
2025.06.27	02:06:52.478	0.93626				2
2025.06.27	02:07:00.533	0.93626				2
2025.06.27	02:07:05.139		0.93640			4
2025.06.27	02:07:13.824	0.93624				2
2025.06.27	02:07:16.384	0.93627				2
2025.06.27	02:07:16.719	0.93624				2
2025.06.27	02:07:29.689	0.93623				2
2025.06.27	02:07:30.296	0.93619	0.93636			6
2025.06.27	02:07:30.919		0.93635			4
2025.06.27	02:07:31.369	0.93618	0.93633			6
2025.06.27	02:07:32.707	0.93619				2
2025.06.27	02:07:35.534	0.93623	0.93638			6
2025.06.27	02:07:35.841	0.93618	0.93635			6
2025.06.27	02:07:40.117	0.93616	0.93634			6
2025.06.27	02:07:40.420	0.93620	0.93635			6
2025.06.27	02:07:48.789	0.93621				2
2025.06.27	02:07:54.789	0.93622	0.93637			6
2025.06.27	02:08:00.082	0.93622				2
2025.06.27	02:08:00.704	0.93621				2
2025.06.27	02:08:01.752	0.93622				2
2025.06.27	02:08:10.320	0.93626	0.93638			6
2025.06.27	02:08:10.625	0.93627	0.93641			6
2025.06.27	02:08:11.695		0.93640			4
2025.06.27	02:08:21.527		0.93641			4
2025.06.27	02:08:28.319		0.93643			4
2025.06.27	02:08:28.975	0.93628				2
2025.06.27	02:08:29.279		0.93644			4
2025.06.27	02:08:31.929	0.93627	0.93643			6
2025.06.27	02:08:35.050	0.93628				2
2025.06.27	02:08:44.345	0.93627	0.93642			6
2025.06.27	02:09:00.415	0.93627				2
2025.06.27	02:09:23.146	0.93631	0.93645			6
2025.06.27	02:09:24.215	0.93630				2
2025.06.27	02:09:24.526	0.93632	0.93647			6
2025.06.27	02:10:00.134	0.93632				2
2025.06.27	02:10:08.478	0.93630	0.93645			6
2025.06.27	02:10:10.292	0.93633	0.93648			6
2025.06.27	02:10:10.613	0.93635				2
2025.06.27	02:10:11.867	0.93631	0.93649			6
2025.06.27	02:10:13.766		0.93648			4
2025.06.27	02:10:18.116	0.93634	0.93649			6
2025.06.27	02:10:23.803	0.93635				2
2025.06.27	02:10:24.331	0.93637	0.93650			6
2025.06.27	02:10:32.417	0.93638				2
2025.06.27	02:10:40.247	0.93641	0.93655			6
2025.06.27	02:10:44.055		0.93657			4
2025.06.27	02:10:44.406	0.93643	0.93658			6
2025.06.27	02:10:48.673	0.93642				2
2025.06.27	02:10:52.732	0.93644				2
2025.06.27	02:10:58.902	0.93645				2
2025.06.27	02:10:59.429	0.93644				2
2025.06.27	02:11:00.117	0.93644				2
2025.06.27	02:11:09.863	0.93642	0.93656			6
2025.06.27	02:11:17.850	0.93641				2
2025.06.27	02:11:25.231	0.93642				2
2025.06.27	02:11:31.093		0.93657			4
2025.06.27	02:11:34.764		0.93658			4
2025.06.27	02:11:35.407		0.93657			4
2025.06.27	02:11:38.333		0.93656			4
2025.06.27	02:11:58.850		0.93655			4
2025.06.27	02:12:00.443	0.93642				2
2025.06.27	02:12:01.453	0.93640				2
2025.06.27	02:12:01.762	0.93639	0.93653			6
2025.06.27	02:12:08.474	0.93640	0.93655			6
2025.06.27	02:12:10.238	0.93638				2
2025.06.27	02:12:11.220	0.93640				2
2025.06.27	02:12:15.110		0.93653			4
2025.06.27	02:12:20.466		0.93655			4
2025.06.27	02:12:22.075	0.93644	0.93657			6
2025.06.27	02:12:22.401	0.93641				2
2025.06.27	02:12:24.499		0.93656			4
2025.06.27	02:12:55.126	0.93640				2
2025.06.27	02:13:00.455	0.93640				2
2025.06.27	02:13:19.619		0.93655			4
2025.06.27	02:13:32.329	0.93641				2
2025.06.27	02:13:41.513		0.93654			4
2025.06.27	02:13:43.123	0.93642	0.93655			6
2025.06.27	02:14:00.314	0.93642				2
2025.06.27	02:14:09.422	0.93640	0.93654			6
2025.06.27	02:14:10.353	0.93644	0.93657			6
2025.06.27	02:14:10.663	0.93641				2
2025.06.27	02:14:30.139		0.93656			4
2025.06.27	02:14:33.831	0.93642	0.93657			6
2025.06.27	02:14:40.093	0.93641	0.93655			6
2025.06.27	02:14:41.204	0.93642				2
2025.06.27	02:14:41.923	0.93640				2
2025.06.27	02:14:49.034	0.93641				2
2025.06.27	02:14:50.724	0.93642				2
2025.06.27	02:14:52.035	0.93643	0.93656			6
2025.06.27	02:14:54.371		0.93655			4
2025.06.27	02:15:00.008	0.93643				2
2025.06.27	02:15:04.184	0.93642				2
2025.06.27	02:15:36.395		0.93654			4
2025.06.27	02:15:37.210	0.93643				2
2025.06.27	02:15:37.895	0.93642				2
2025.06.27	02:15:40.611	0.93641				2
2025.06.27	02:15:46.890	0.93643	0.93656			6
2025.06.27	02:15:53.976	0.93639				2
2025.06.27	02:15:57.470	0.93640				2
2025.06.27	02:15:57.775	0.93641				2
2025.06.27	02:15:58.097	0.93643				2
2025.06.27	02:16:00.600	0.93643				2
2025.06.27	02:16:06.103	0.93640				2
2025.06.27	02:16:09.004	0.93642				2
2025.06.27	02:16:09.951		0.93658			4
2025.06.27	02:16:10.349	0.93643				2
2025.06.27	02:16:10.659	0.93644				2
2025.06.27	02:16:18.943	0.93640	0.93654			6
2025.06.27	02:16:23.134		0.93655			4
2025.06.27	02:16:26.131	0.93639				2
2025.06.27	02:16:27.659	0.93640				2
2025.06.27	02:16:28.137	0.93644	0.93657			6
2025.06.27	02:16:34.398	0.93641	0.93654			6
2025.06.27	02:16:34.702	0.93640				2
2025.06.27	02:16:38.839		0.93653			4
2025.06.27	02:16:40.197	0.93639				2
2025.06.27	02:16:40.502	0.93638	0.93654			6
2025.06.27	02:16:41.527	0.93636				2
2025.06.27	02:16:42.426		0.93653			4
2025.06.27	02:16:43.381	0.93639				2
2025.06.27	02:16:43.705	0.93636				2
2025.06.27	02:16:44.552	0.93638	0.93652			6
2025.06.27	02:16:44.862	0.93637	0.93653			6
2025.06.27	02:16:45.689	0.93639	0.93652			6
2025.06.27	02:16:46.103	0.93637	0.93653			6
2025.06.27	02:16:47.353		0.93652			4
2025.06.27	02:16:50.803	0.93641	0.93653			6
2025.06.27	02:16:51.459		0.93654			4
2025.06.27	02:16:52.046		0.93652			4
2025.06.27	02:16:54.137		0.93651			4
2025.06.27	02:16:58.106	0.93640	0.93654			6
2025.06.27	02:16:59.437		0.93653			4
2025.06.27	02:17:00.236	0.93640				2
2025.06.27	02:17:03.248	0.93641	0.93655			6
2025.06.27	02:17:03.763	0.93640	0.93651			6
2025.06.27	02:17:08.613		0.93650			4
2025.06.27	02:17:14.370	0.93641	0.93654			6
2025.06.27	02:17:14.720		0.93655			4
2025.06.27	02:17:17.817		0.93654			4
2025.06.27	02:17:29.623	0.93640				2
2025.06.27	02:17:34.010		0.93655			4
2025.06.27	02:17:35.656		0.93654			4
2025.06.27	02:17:36.072	0.93642	0.93655			6
2025.06.27	02:17:36.382	0.93644	0.93656			6
2025.06.27	02:17:41.818		0.93657			4
2025.06.27	02:17:48.095	0.93642				2
2025.06.27	02:17:48.400		0.93656			4
2025.06.27	02:17:51.862		0.93655			4
2025.06.27	02:17:57.839		0.93656			4
2025.06.27	02:18:00.398	0.93642	0.93655			6
2025.06.27	02:18:01.379		0.93654			4
2025.06.27	02:18:01.680	0.93644	0.93659			6
2025.06.27	02:18:11.891	0.93646				2
2025.06.27	02:18:13.211	0.93642	0.93653			6
2025.06.27	02:18:14.647		0.93655			4
2025.06.27	02:18:17.343	0.93643	0.93656			6
2025.06.27	02:18:21.821	0.93644				2
2025.06.27	02:18:22.456		0.93657			4
2025.06.27	02:18:22.779	0.93643	0.93656			6
2025.06.27	02:18:23.716		0.93657			4
2025.06.27	02:18:27.388		0.93656			4
2025.06.27	02:18:29.585		0.93654			4
2025.06.27	02:18:33.167	0.93641				2
2025.06.27	02:18:33.526		0.93653			4
2025.06.27	02:18:33.910		0.93654			4
2025.06.27	02:18:41.571	0.93640	0.93653			6
2025.06.27	02:18:58.426	0.93643	0.93655			6
2025.06.27	02:19:00.157	0.93643				2
2025.06.27	02:19:00.893		0.93656			4
2025.06.27	02:19:02.534		0.93655			4
2025.06.27	02:19:03.242		0.93656			4
2025.06.27	02:19:04.942		0.93655			4
2025.06.27	02:19:06.318		0.93656			4
2025.06.27	02:19:07.868		0.93655			4
2025.06.27	02:19:08.193		0.93656			4
2025.06.27	02:19:08.543		0.93655			4
2025.06.27	02:19:08.866	0.93641				2
2025.06.27	02:19:09.180		0.93653			4
2025.06.27	02:19:10.467	0.93642				2
2025.06.27	02:19:11.324	0.93641				2
2025.06.27	02:19:12.407	0.93642				2
2025.06.27	02:19:18.403	0.93641				2
2025.06.27	02:19:21.426		0.93654			4
2025.06.27	02:19:21.879	0.93638	0.93651			6
2025.06.27	02:19:22.363		0.93650			4
2025.06.27	02:19:27.470	0.93639	0.93651			6
2025.06.27	02:19:27.781		0.93652			4
2025.06.27	02:19:28.189		0.93651			4
2025.06.27	02:19:31.167	0.93636	0.93649			6
2025.06.27	02:19:32.291		0.93650			4
2025.06.27	02:19:48.642		0.93649			4
2025.06.27	02:20:00.508	0.93637	0.93650			6
2025.06.27	02:20:35.048		0.93649			4
2025.06.27	02:20:36.172		0.93650			4
2025.06.27	02:20:43.624	0.93638				2
2025.06.27	02:20:49.467		0.93651			4
2025.06.27	02:20:55.011		0.93650			4
2025.06.27	02:20:59.809	0.93639	0.93652			6
2025.06.27	02:21:00.456	0.93639	0.93650			6
2025.06.27	02:21:02.051	0.93638				2
2025.06.27	02:21:04.538	0.93637				2
2025.06.27	02:21:05.763	0.93639	0.93652			6
2025.06.27	02:21:06.810	0.93638	0.93651			6
2025.06.27	02:21:07.481	0.93637	0.93648			6
2025.06.27	02:21:07.803		0.93649			4
2025.06.27	02:21:08.451		0.93648			4
2025.06.27	02:21:09.185		0.93649			4
2025.06.27	02:21:10.306		0.93650			4
2025.06.27	02:21:14.358		0.93651			4
2025.06.27	02:21:20.905	0.93638	0.93652			6
2025.06.27	02:21:35.379	0.93639				2
2025.06.27	02:21:43.381	0.93638	0.93650			6
2025.06.27	02:21:43.699	0.93637	0.93651			6
2025.06.27	02:21:44.078		0.93650			4
2025.06.27	02:21:49.093	0.93636				2
2025.06.27	02:21:51.140	0.93637	0.93649			6
2025.06.27	02:21:55.369	0.93636				2
2025.06.27	02:22:00.321	0.93636				2
2025.06.27	02:22:00.845	0.93637	0.93650			6
2025.06.27	02:22:01.160	0.93639	0.93652			6
2025.06.27	02:22:02.166	0.93638	0.93651			6
2025.06.27	02:22:02.485	0.93637	0.93650			6
2025.06.27	02:22:13.953	0.93636	0.93649			6
2025.06.27	02:22:15.184		0.93650			4
2025.06.27	02:22:16.305	0.93638	0.93651			6
2025.06.27	02:22:17.503	0.93633	0.93645			6
2025.06.27	02:22:19.144	0.93632				2
2025.06.27	02:22:23.655		0.93644			4
2025.06.27	02:22:27.211		0.93645			4
2025.06.27	02:22:29.372	0.93635	0.93647			6
2025.06.27	02:22:29.682	0.93631	0.93644			6
2025.06.27	02:22:29.987	0.93630	0.93643			6
2025.06.27	02:22:30.776	0.93628	0.93641			6
2025.06.27	02:22:32.972		0.93640			4
2025.06.27	02:22:39.612		0.93641			4
2025.06.27	02:22:40.406	0.93626	0.93640			6
2025.06.27	02:22:41.358		0.93641			4
2025.06.27	02:22:42.398	0.93628				2
2025.06.27	02:22:44.135	0.93629	0.93642			6
2025.06.27	02:22:47.044		0.93641			4
2025.06.27	02:22:48.507		0.93642			4
2025.06.27	02:22:50.700		0.93641			4
2025.06.27	02:22:54.784		0.93642			4
2025.06.27	02:22:55.583	0.93630	0.93643			6
2025.06.27	02:22:58.045	0.93631	0.93644			6
2025.06.27	02:23:00.565	0.93629	0.93642			6
2025.06.27	02:23:10.966	0.93630	0.93644			6
2025.06.27	02:23:11.323	0.93631				2
2025.06.27	02:23:11.987	0.93630				2
2025.06.27	02:23:12.702	0.93632				2
2025.06.27	02:23:17.535		0.93645			4
2025.06.27	02:23:24.845	0.93631				2
2025.06.27	02:23:29.329		0.93644			4
2025.06.27	02:23:31.231		0.93645			4
2025.06.27	02:23:31.944	0.93632	0.93644			6
2025.06.27	02:23:32.258		0.93645			4
2025.06.27	02:23:36.601		0.93644			4
2025.06.27	02:23:36.907	0.93631	0.93643			6
2025.06.27	02:23:45.122	0.93630	0.93644			6
2025.06.27	02:23:48.295		0.93643			4
2025.06.27	02:23:52.197	0.93644	0.93656			6
2025.06.27	02:23:53.511		0.93657			4
2025.06.27	02:23:58.533	0.93643				2
2025.06.27	02:24:00.352	0.93643				2
2025.06.27	02:24:02.366	0.93642	0.93656			6
2025.06.27	02:24:19.385	0.93644				2
2025.06.27	02:24:19.716	0.93649	0.93662			6
2025.06.27	02:24:20.042	0.93651	0.93665			6
2025.06.27	02:24:21.338		0.93662			4
2025.06.27	02:24:25.152	0.93647	0.93660			6
