<DATE>	<TIME>	<BID>	<ASK>	<LAST>	<VOLUME>	<FLAGS>
2025.12.01	00:03:30.719	0.93150	0.93366			6
2025.12.01	00:03:58.817		0.93365			4
2025.12.01	00:04:00.534	0.93150				2
2025.12.01	00:05:04.130	0.93150	0.93365			6
2025.12.01	00:05:48.817		0.93361			4
2025.12.01	00:06:00.534	0.93150				2
2025.12.01	00:06:50.117		0.93361			4
2025.12.01	00:07:10.040	0.93150				2
2025.12.01	00:07:50.946		0.93361			4
2025.12.01	00:08:02.665	0.93150				2
2025.12.01	00:08:56.173		0.93361			4
2025.12.01	00:09:00.533	0.93150				2
2025.12.01	00:10:00.378	0.93150	0.93361			6
2025.12.01	00:11:00.582	0.93150	0.93361			6
2025.12.01	00:12:00.283	0.93150				2
2025.12.01	00:12:01.482		0.93361			4
2025.12.01	00:13:01.783	0.93150	0.93361			6
2025.12.01	00:14:00.285	0.93150				2
2025.12.01	00:14:02.083		0.93361			4
2025.12.01	00:15:00.554	0.93150				2
2025.12.01	00:15:02.083		0.93361			4
2025.12.01	00:15:21.706		0.93360			4
2025.12.01	00:15:24.584		0.93359			4
2025.12.01	00:15:28.926		0.93355			4
2025.12.01	00:15:34.182		0.93354			4
2025.12.01	00:15:36.477		0.93358			4
2025.12.01	00:15:38.730		0.93357			4
2025.12.01	00:15:43.182		0.93358			4
2025.12.01	00:15:44.497		0.93359			4
2025.12.01	00:15:49.182		0.93358			4
2025.12.01	00:15:50.082		0.93361			4
2025.12.01	00:15:54.582		0.93359			4
2025.12.01	00:15:57.283		0.93334			4
2025.12.01	00:16:01.183	0.93150				2
2025.12.01	00:16:06.962		0.93361			4
2025.12.01	00:16:18.137		0.93329			4
2025.12.01	00:16:39.952		0.93361			4
2025.12.01	00:17:00.220	0.93150				2
2025.12.01	00:17:42.887		0.93361			4
2025.12.01	00:18:00.534	0.93150				2
2025.12.01	00:18:14.983		0.93357			4
2025.12.01	00:18:33.284		0.93356			4
2025.12.01	00:18:42.282	0.93151	0.93355			6
2025.12.01	00:18:59.082		0.93354			4
2025.12.01	00:19:00.883	0.93152				2
2025.12.01	00:19:04.182	0.93151	0.93355			6
2025.12.01	00:19:05.983	0.93152	0.93354			6
2025.12.01	00:19:12.515	0.93150	0.93357			6
2025.12.01	00:19:12.839		0.93355			4
2025.12.01	00:19:13.150	0.93151				2
2025.12.01	00:19:13.479	0.93153	0.93353			6
2025.12.01	00:19:18.287	0.93154	0.93352			6
2025.12.01	00:19:20.382	0.93153	0.93353			6
2025.12.01	00:20:01.783	0.93153				2
2025.12.01	00:20:05.383	0.93150	0.93351			6
2025.12.01	00:20:18.565		0.93350			4
2025.12.01	00:20:24.849	0.93153				2
2025.12.01	00:20:26.682	0.93151	0.93351			6
2025.12.01	00:20:32.672	0.93154				2
2025.12.01	00:20:33.546	0.93152				2
2025.12.01	00:20:34.271	0.93150	0.93357			6
2025.12.01	00:20:34.782		0.93358			4
2025.12.01	00:20:35.693	0.93152	0.93350			6
2025.12.01	00:20:38.677	0.93153				2
2025.12.01	00:20:40.027	0.93154				2
2025.12.01	00:20:40.534	0.93153				2
2025.12.01	00:20:46.783	0.93152				2
2025.12.01	00:20:52.792		0.93351			4
2025.12.01	00:20:53.509	0.93154	0.93361			6
2025.12.01	00:20:57.400	0.93155				2
2025.12.01	00:21:00.882	0.93155				2
2025.12.01	00:21:49.766	0.93153				2
2025.12.01	00:21:55.183		0.93361			4
2025.12.01	00:22:00.201	0.93153				2
2025.12.01	00:22:37.784	0.93154				2
2025.12.01	00:22:49.766	0.93150				2
2025.12.01	00:22:58.182		0.93361			4
2025.12.01	00:23:02.682	0.93150				2
2025.12.01	00:23:10.182	0.93151				2
2025.12.01	00:23:22.300	0.93155				2
2025.12.01	00:23:27.884	0.93156				2
2025.12.01	00:23:59.386		0.93361			4
2025.12.01	00:24:00.583	0.93156				2
2025.12.01	00:24:03.583	0.93157	0.93357			6
2025.12.01	00:24:05.982	0.93158	0.93361			6
2025.12.01	00:24:06.634	0.93160	0.93352			6
2025.12.01	00:24:08.382	0.93159				2
2025.12.01	00:24:19.196	0.93158	0.93357			6
2025.12.01	00:24:21.802		0.93361			4
2025.12.01	00:24:24.013	0.93159	0.93350			6
2025.12.01	00:24:30.883	0.93158				2
2025.12.01	00:24:57.583	0.93159				2
2025.12.01	00:25:00.373	0.93159				2
2025.12.01	00:25:03.861	0.93160				2
2025.12.01	00:25:04.512	0.93161				2
2025.12.01	00:25:05.565	0.93163				2
2025.12.01	00:25:07.067	0.93161				2
2025.12.01	00:25:08.561	0.93160				2
2025.12.01	00:25:20.685	0.93161				2
2025.12.01	00:25:25.183		0.93350			4
2025.12.01	00:25:38.088	0.93162				2
2025.12.01	00:25:41.186	0.93161				2
2025.12.01	00:25:48.281	0.93162				2
2025.12.01	00:26:00.566	0.93162				2
2025.12.01	00:26:20.084	0.93163				2
2025.12.01	00:26:25.482		0.93350			4
2025.12.01	00:26:27.284	0.93164				2
2025.12.01	00:26:47.683	0.93165				2
2025.12.01	00:27:00.283	0.93165				2
2025.12.01	00:27:25.482		0.93350			4
2025.12.01	00:27:53.082	0.93166				2
2025.12.01	00:28:00.582	0.93166				2
2025.12.01	00:28:26.082		0.93350			4
2025.12.01	00:28:29.393	0.93164				2
2025.12.01	00:28:45.571	0.93159				2
2025.12.01	00:28:51.208	0.93169				2
2025.12.01	00:28:52.782	0.93170				2
2025.12.01	00:28:54.686	0.93168				2
2025.12.01	00:28:55.068	0.93170				2
2025.12.01	00:28:56.082	0.93171				2
2025.12.01	00:28:59.384		0.93346			4
2025.12.01	00:29:01.186	0.93170				2
2025.12.01	00:29:01.960	0.93167	0.93338			6
2025.12.01	00:29:02.561	0.93170	0.93347			6
2025.12.01	00:29:05.260	0.93168	0.93338			6
2025.12.01	00:29:10.203	0.93169				2
2025.12.01	00:29:12.582	0.93168				2
2025.12.01	00:29:13.782	0.93169				2
2025.12.01	00:29:18.141		0.93337			4
2025.12.01	00:29:19.183	0.93170				2
2025.12.01	00:29:19.497	0.93169				2
2025.12.01	00:29:22.489	0.93170				2
2025.12.01	00:29:26.091	0.93169				2
2025.12.01	00:29:26.683	0.93170				2
2025.12.01	00:29:28.482	0.93169				2
2025.12.01	00:29:29.983	0.93170				2
2025.12.01	00:29:34.783	0.93169				2
2025.12.01	00:29:35.990	0.93170				2
2025.12.01	00:29:37.194	0.93169				2
2025.12.01	00:29:40.182	0.93170				2
2025.12.01	00:29:41.688	0.93169				2
2025.12.01	00:29:44.082	0.93170				2
2025.12.01	00:29:58.483	0.93171				2
2025.12.01	00:29:59.986	0.93170				2
2025.12.01	00:30:00.310	0.93167				2
2025.12.01	00:30:03.145	0.93166	0.93333			6
2025.12.01	00:30:03.753	0.93168	0.93329			6
2025.12.01	00:30:07.786	0.93169				2
2025.12.01	00:30:13.783	0.93174	0.93317			6
2025.12.01	00:30:17.737	0.93178	0.93308			6
2025.12.01	00:30:18.282	0.93176	0.93311			6
2025.12.01	00:30:22.089	0.93172	0.93286			6
2025.12.01	00:30:22.404		0.93295			4
2025.12.01	00:30:22.741	0.93170	0.93302			6
2025.12.01	00:30:23.068	0.93174	0.93305			6
2025.12.01	00:30:23.517	0.93170	0.93296			6
2025.12.01	00:30:24.016		0.93302			4
2025.12.01	00:30:24.321		0.93298			4
2025.12.01	00:30:24.684	0.93173	0.93290			6
2025.12.01	00:30:25.025	0.93167	0.93284			6
2025.12.01	00:30:26.284	0.93166	0.93285			6
2025.12.01	00:30:26.643	0.93167	0.93288			6
2025.12.01	00:30:27.471	0.93168	0.93286			6
2025.12.01	00:30:27.871	0.93167	0.93287			6
2025.12.01	00:30:28.173	0.93168	0.93285			6
2025.12.01	00:30:28.555		0.93284			4
2025.12.01	00:30:29.126	0.93169	0.93286			6
2025.12.01	00:30:29.625	0.93170	0.93295			6
2025.12.01	00:30:30.015		0.93288			4
2025.12.01	00:30:30.343	0.93172	0.93286			6
2025.12.01	00:30:31.400	0.93170	0.93294			6
2025.12.01	00:30:31.730	0.93172	0.93286			6
2025.12.01	00:30:32.056	0.93171				2
2025.12.01	00:30:32.577	0.93170	0.93294			6
2025.12.01	00:30:32.886	0.93172	0.93286			6
2025.12.01	00:30:33.766	0.93170	0.93294			6
2025.12.01	00:30:34.073	0.93172	0.93286			6
2025.12.01	00:30:35.664	0.93171	0.93302			6
2025.12.01	00:30:36.049	0.93168	0.93288			6
2025.12.01	00:30:36.548	0.93171	0.93297			6
2025.12.01	00:30:37.184	0.93172	0.93287			6
2025.12.01	00:30:37.679		0.93300			4
2025.12.01	00:30:38.130		0.93298			4
2025.12.01	00:30:38.614		0.93287			4
2025.12.01	00:30:39.011		0.93296			4
2025.12.01	00:30:42.883	0.93173				2
2025.12.01	00:30:43.527		0.93291			4
2025.12.01	00:30:43.837	0.93175	0.93298			6
2025.12.01	00:30:44.415		0.93291			4
2025.12.01	00:30:44.718		0.93299			4
2025.12.01	00:30:45.209		0.93298			4
2025.12.01	00:30:45.882		0.93292			4
2025.12.01	00:30:46.207		0.93300			4
2025.12.01	00:30:46.707		0.93298			4
2025.12.01	00:30:47.415		0.93295			4
2025.12.01	00:30:47.757		0.93300			4
2025.12.01	00:30:48.208		0.93299			4
2025.12.01	00:30:48.883		0.93292			4
2025.12.01	00:30:49.207		0.93299			4
2025.12.01	00:30:50.416		0.93303			4
2025.12.01	00:30:50.757		0.93298			4
2025.12.01	00:30:51.206	0.93176	0.93296			6
2025.12.01	00:30:51.915	0.93175	0.93299			6
2025.12.01	00:30:52.600		0.93298			4
2025.12.01	00:30:53.028	0.93174				2
2025.12.01	00:30:53.390	0.93175	0.93289			6
2025.12.01	00:30:54.076		0.93304			4
2025.12.01	00:30:54.527		0.93290			4
2025.12.01	00:30:55.034	0.93174				2
2025.12.01	00:30:55.503		0.93297			4
2025.12.01	00:30:56.002		0.93300			4
2025.12.01	00:30:56.383		0.93290			4
2025.12.01	00:30:56.697		0.93298			4
2025.12.01	00:30:57.151		0.93301			4
2025.12.01	00:30:57.559	0.93173	0.93293			6
2025.12.01	00:30:58.146	0.93174	0.93290			6
2025.12.01	00:30:58.483	0.93175	0.93300			6
2025.12.01	00:30:59.031	0.93177	0.93292			6
2025.12.01	00:30:59.499		0.93302			4
2025.12.01	00:30:59.997	0.93176				2
2025.12.01	00:31:00.345	0.93176	0.93292			6
2025.12.01	00:31:00.997		0.93300			4
2025.12.01	00:31:01.486		0.93301			4
2025.12.01	00:31:01.798		0.93293			4
2025.12.01	00:31:02.383		0.93301			4
2025.12.01	00:31:02.988	0.93177				2
2025.12.01	00:31:03.530		0.93293			4
2025.12.01	00:31:03.885	0.93176	0.93300			6
2025.12.01	00:31:04.498		0.93301			4
2025.12.01	00:31:05.030		0.93292			4
2025.12.01	00:31:05.499		0.93300			4
2025.12.01	00:31:05.999	0.93177	0.93304			6
2025.12.01	00:31:06.499		0.93293			4
2025.12.01	00:31:06.998		0.93308			4
2025.12.01	00:31:07.489		0.93293			4
2025.12.01	00:31:08.000		0.93308			4
2025.12.01	00:31:08.498		0.93293			4
2025.12.01	00:31:08.997		0.93308			4
2025.12.01	00:31:09.467		0.93293			4
2025.12.01	00:31:09.933		0.93301			4
2025.12.01	00:31:10.435		0.93302			4
2025.12.01	00:31:10.998		0.93293			4
2025.12.01	00:31:11.383		0.93301			4
2025.12.01	00:31:11.934		0.93302			4
2025.12.01	00:31:12.500		0.93293			4
2025.12.01	00:31:12.883		0.93300			4
2025.12.01	00:31:13.432		0.93301			4
2025.12.01	00:31:14.083	0.93178				2
2025.12.01	00:31:22.939	0.93174	0.93299			6
2025.12.01	00:31:23.427	0.93177	0.93301			6
2025.12.01	00:31:23.928	0.93179	0.93298			6
2025.12.01	00:31:24.992	0.93178				2
2025.12.01	00:31:25.961	0.93179				2
2025.12.01	00:31:29.802	0.93180	0.93302			6
2025.12.01	00:31:34.909	0.93181	0.93293			6
2025.12.01	00:31:35.411		0.93291			4
2025.12.01	00:31:36.287	0.93180				2
2025.12.01	00:31:38.985	0.93181				2
2025.12.01	00:31:39.506		0.93289			4
2025.12.01	00:31:41.516	0.93180				2
2025.12.01	00:31:43.531	0.93181				2
2025.12.01	00:31:45.539	0.93180	0.93287			6
2025.12.01	00:31:46.545	0.93181				2
2025.12.01	00:31:49.252	0.93182	0.93292			6
2025.12.01	00:31:53.562		0.93287			4
2025.12.01	00:31:53.982	0.93181				2
2025.12.01	00:31:58.759	0.93182	0.93285			6
2025.12.01	00:32:00.307	0.93183				2
2025.12.01	00:32:01.782	0.93184				2
2025.12.01	00:32:09.886	0.93183				2
2025.12.01	00:32:10.345	0.93184				2
2025.12.01	00:32:14.314		0.93283			4
2025.12.01	00:32:27.246		0.93287			4
2025.12.01	00:32:29.229	0.93183				2
2025.12.01	00:32:30.955	0.93184				2
2025.12.01	00:32:44.261	0.93182				2
2025.12.01	00:32:58.761		0.93290			4
2025.12.01	00:33:01.187	0.93182				2
2025.12.01	00:33:44.983	0.93181				2
2025.12.01	00:33:51.587	0.93182				2
2025.12.01	00:33:54.285	0.93181				2
2025.12.01	00:33:54.885		0.93292			4
2025.12.01	00:33:59.261		0.93296			4
2025.12.01	00:34:00.885	0.93180				2
2025.12.01	00:34:14.263		0.93299			4
2025.12.01	00:34:28.767	0.93175	0.93304			6
2025.12.01	00:34:29.084	0.93181	0.93289			6
2025.12.01	00:34:29.732	0.93174	0.93311			6
2025.12.01	00:34:30.240	0.93172	0.93300			6
2025.12.01	00:34:45.274		0.93305			4
2025.12.01	00:34:45.583	0.93171				2
2025.12.01	00:34:48.584	0.93172				2
2025.12.01	00:34:55.641	0.93173	0.93289			6
2025.12.01	00:34:56.084	0.93172	0.93329			6
2025.12.01	00:34:57.282	0.93171				2
2025.12.01	00:35:00.428	0.93171				2
2025.12.01	00:35:09.917		0.93325			4
2025.12.01	00:35:10.846	0.93172	0.93306			6
2025.12.01	00:35:11.646	0.93174	0.93300			6
2025.12.01	00:35:12.305	0.93173	0.93323			6
2025.12.01	00:35:12.847	0.93177	0.93299			6
2025.12.01	00:35:13.348		0.93310			4
2025.12.01	00:35:13.850	0.93183	0.93296			6
2025.12.01	00:35:14.348	0.93175	0.93323			6
2025.12.01	00:35:14.847	0.93183	0.93290			6
2025.12.01	00:35:15.167	0.93178	0.93307			6
2025.12.01	00:35:15.666		0.93309			4
2025.12.01	00:35:25.879	0.93182				2
2025.12.01	00:35:28.059	0.93181				2
2025.12.01	00:35:28.360	0.93179				2
2025.12.01	00:35:29.069	0.93182				2
2025.12.01	00:35:30.167	0.93177	0.93312			6
2025.12.01	00:35:32.983	0.93178				2
2025.12.01	00:35:35.525	0.93177	0.93313			6
2025.12.01	00:35:36.011	0.93185	0.93294			6
2025.12.01	00:35:36.317	0.93182	0.93305			6
2025.12.01	00:35:36.641	0.93183	0.93306			6
2025.12.01	00:35:38.378	0.93181				2
2025.12.01	00:35:43.483	0.93180				2
2025.12.01	00:35:51.584	0.93179				2
2025.12.01	00:35:52.519	0.93178				2
2025.12.01	00:35:53.983	0.93179				2
2025.12.01	00:35:55.183	0.93178				2
2025.12.01	00:35:56.683	0.93179				2
2025.12.01	00:36:00.284	0.93179				2
2025.12.01	00:36:06.025		0.93304			4
2025.12.01	00:36:06.911	0.93180				2
2025.12.01	00:36:07.551	0.93179				2
2025.12.01	00:36:29.081	0.93178				2
2025.12.01	00:36:35.983		0.93305			4
2025.12.01	00:36:36.298	0.93179				2
2025.12.01	00:36:36.689		0.93302			4
2025.12.01	00:36:39.430	0.93180				2
2025.12.01	00:36:39.939	0.93181				2
2025.12.01	00:36:42.011	0.93180				2
2025.12.01	00:36:43.182	0.93178				2
2025.12.01	00:36:44.311	0.93180				2
2025.12.01	00:36:46.183	0.93179				2
2025.12.01	00:36:48.291	0.93180				2
2025.12.01	00:36:52.151	0.93179	0.93303			6
2025.12.01	00:36:53.012	0.93180				2
2025.12.01	00:36:53.316		0.93311			4
2025.12.01	00:36:54.190	0.93178				2
2025.12.01	00:37:00.283	0.93178				2
2025.12.01	00:37:00.663	0.93180				2
2025.12.01	00:37:02.238	0.93179				2
2025.12.01	00:37:06.740	0.93178	0.93312			6
2025.12.01	00:37:07.065	0.93179	0.93311			6
2025.12.01	00:37:08.384	0.93178				2
2025.12.01	00:37:10.511	0.93180				2
2025.12.01	00:37:11.095	0.93178				2
2025.12.01	00:37:14.885	0.93177				2
2025.12.01	00:37:16.187	0.93178				2
2025.12.01	00:37:20.384	0.93179				2
2025.12.01	00:37:23.953	0.93180				2
2025.12.01	00:37:28.412	0.93179				2
2025.12.01	00:37:33.266	0.93177				2
2025.12.01	00:37:33.911	0.93179				2
2025.12.01	00:37:37.374	0.93178				2
2025.12.01	00:37:42.026	0.93180				2
2025.12.01	00:37:44.428	0.93179				2
2025.12.01	00:37:45.882	0.93180				2
2025.12.01	00:37:53.885	0.93179				2
2025.12.01	00:37:56.082	0.93178				2
2025.12.01	00:37:57.119	0.93181				2
2025.12.01	00:37:57.481	0.93179				2
2025.12.01	00:38:00.690	0.93179				2
2025.12.01	00:38:04.863	0.93178				2
2025.12.01	00:38:06.823	0.93180				2
2025.12.01	00:38:08.669		0.93311			4
2025.12.01	00:38:09.161	0.93179				2
2025.12.01	00:38:20.015	0.93180				2
2025.12.01	00:38:21.994	0.93179				2
2025.12.01	00:38:25.867		0.93309			4
2025.12.01	00:38:29.982	0.93181				2
2025.12.01	00:38:30.999	0.93180				2
2025.12.01	00:38:31.816	0.93181				2
2025.12.01	00:38:33.425	0.93180				2
2025.12.01	00:38:40.365	0.93181				2
2025.12.01	00:38:42.097	0.93182				2
2025.12.01	00:38:44.326	0.93181				2
2025.12.01	00:38:50.601	0.93180				2
2025.12.01	00:38:51.614	0.93182				2
2025.12.01	00:39:00.453	0.93181				2
2025.12.01	00:39:00.885	0.93180				2
2025.12.01	00:39:04.363	0.93181				2
2025.12.01	00:39:05.641	0.93180				2
2025.12.01	00:39:06.882	0.93183				2
2025.12.01	00:39:09.883	0.93181				2
2025.12.01	00:39:12.098	0.93183				2
2025.12.01	00:39:14.892	0.93180				2
2025.12.01	00:39:15.241	0.93181				2
2025.12.01	00:39:22.135	0.93180				2
2025.12.01	00:39:25.386	0.93181				2
2025.12.01	00:39:26.382	0.93182	0.93309			6
2025.12.01	00:39:27.036	0.93183				2
2025.12.01	00:39:29.488	0.93182				2
2025.12.01	00:39:30.215	0.93181	0.93310			6
2025.12.01	00:39:30.884	0.93180				2
2025.12.01	00:39:34.483	0.93181	0.93305			6
2025.12.01	00:39:34.806	0.93182	0.93307			6
2025.12.01	00:39:35.107		0.93310			4
2025.12.01	00:39:35.607	0.93181	0.93297			6
2025.12.01	00:39:35.986	0.93180	0.93310			6
2025.12.01	00:39:37.562	0.93181	0.93307			6
2025.12.01	00:39:38.436	0.93182	0.93310			6
2025.12.01	00:39:38.783		0.93297			4
2025.12.01	00:39:39.885	0.93181				2
2025.12.01	00:39:43.913		0.93311			4
2025.12.01	00:39:44.414		0.93306			4
2025.12.01	00:39:45.361	0.93182	0.93310			6
2025.12.01	00:39:45.684	0.93181				2
2025.12.01	00:39:45.992		0.93309			4
2025.12.01	00:39:46.420		0.93310			4
2025.12.01	00:39:46.784	0.93182				2
2025.12.01	00:39:53.386	0.93183				2
2025.12.01	00:39:54.068		0.93309			4
2025.12.01	00:39:54.861	0.93184				2
2025.12.01	00:39:55.671	0.93183				2
2025.12.01	00:39:55.978	0.93185				2
2025.12.01	00:39:56.720	0.93184				2
2025.12.01	00:39:57.645	0.93185				2
2025.12.01	00:39:58.411	0.93184				2
2025.12.01	00:40:00.360	0.93184				2
2025.12.01	00:40:03.488	0.93185				2
2025.12.01	00:40:06.188	0.93183				2
2025.12.01	00:40:10.854	0.93184				2
2025.12.01	00:40:15.854	0.93185				2
2025.12.01	00:40:22.393	0.93184				2
2025.12.01	00:40:25.167	0.93186				2
2025.12.01	00:40:25.494	0.93184				2
2025.12.01	00:40:26.983	0.93185				2
2025.12.01	00:40:30.446	0.93184				2
2025.12.01	00:40:32.717	0.93185				2
2025.12.01	00:40:34.183	0.93186				2
2025.12.01	00:40:37.049	0.93184				2
2025.12.01	00:40:41.858	0.93185				2
2025.12.01	00:40:44.956	0.93184				2
2025.12.01	00:40:46.787	0.93185				2
2025.12.01	00:40:49.869	0.93182	0.93312			6
2025.12.01	00:40:50.171	0.93183				2
2025.12.01	00:40:50.910		0.93310			4
2025.12.01	00:40:52.180		0.93303			4
2025.12.01	00:40:52.498	0.93180	0.93302			6
2025.12.01	00:40:52.806	0.93181	0.93306			6
2025.12.01	00:40:53.203	0.93182	0.93312			6
2025.12.01	00:40:53.669	0.93181				2
2025.12.01	00:40:53.978	0.93182	0.93313			6
2025.12.01	00:40:54.411	0.93183				2
2025.12.01	00:40:54.904	0.93182	0.93307			6
2025.12.01	00:40:56.796	0.93181				2
2025.12.01	00:40:58.884	0.93182				2
2025.12.01	00:41:00.345	0.93182				2
2025.12.01	00:41:02.778		0.93301			4
2025.12.01	00:41:05.486	0.93183				2
2025.12.01	00:41:05.827	0.93182				2
2025.12.01	00:41:10.346		0.93295			4
2025.12.01	00:41:11.360	0.93184	0.93298			6
2025.12.01	00:41:12.098	0.93182				2
2025.12.01	00:41:13.851	0.93183				2
2025.12.01	00:41:14.983	0.93182	0.93295			6
2025.12.01	00:41:16.781	0.93181				2
2025.12.01	00:41:17.984	0.93183				2
2025.12.01	00:41:18.925	0.93182	0.93301			6
2025.12.01	00:41:23.048	0.93183				2
2025.12.01	00:41:26.083	0.93182				2
2025.12.01	00:41:30.535	0.93183				2
2025.12.01	00:41:35.310	0.93182				2
2025.12.01	00:41:36.487	0.93181				2
2025.12.01	00:41:36.861	0.93182				2
2025.12.01	00:41:37.182	0.93181				2
2025.12.01	00:41:38.117	0.93182				2
2025.12.01	00:41:42.245	0.93181				2
2025.12.01	00:41:42.676	0.93180				2
2025.12.01	00:41:43.176	0.93181				2
2025.12.01	00:41:44.177	0.93180				2
2025.12.01	00:41:45.176	0.93181				2
2025.12.01	00:41:46.676	0.93180				2
2025.12.01	00:41:47.677	0.93181				2
2025.12.01	00:41:48.175	0.93180				2
2025.12.01	00:41:49.678	0.93181				2
2025.12.01	00:41:49.983	0.93180				2
2025.12.01	00:41:51.677	0.93181				2
2025.12.01	00:42:00.078	0.93181				2
2025.12.01	00:42:02.178		0.93305			4
2025.12.01	00:42:03.177	0.93182	0.93301			6
2025.12.01	00:42:04.177	0.93181				2
2025.12.01	00:42:04.980	0.93180				2
2025.12.01	00:42:05.678	0.93182				2
2025.12.01	00:42:06.676	0.93180				2
2025.12.01	00:42:07.175	0.93181	0.93304			6
2025.12.01	00:42:09.176	0.93180				2
2025.12.01	00:42:10.516	0.93181				2
2025.12.01	00:42:11.177		0.93303			4
2025.12.01	00:42:11.676		0.93304			4
2025.12.01	00:42:13.676		0.93307			4
2025.12.01	00:42:15.244	0.93180	0.93304			6
2025.12.01	00:42:15.675	0.93181				2
2025.12.01	00:42:17.178	0.93182				2
2025.12.01	00:42:18.679		0.93301			4
2025.12.01	00:42:19.677	0.93181				2
2025.12.01	00:42:19.981	0.93182	0.93304			6
2025.12.01	00:42:20.295	0.93181				2
2025.12.01	00:42:22.179	0.93182				2
2025.12.01	00:42:22.677	0.93180				2
2025.12.01	00:42:23.489	0.93181				2
2025.12.01	00:42:28.177		0.93301			4
2025.12.01	00:42:30.103	0.93177				2
2025.12.01	00:42:30.482	0.93180				2
2025.12.01	00:42:31.677	0.93179				2
2025.12.01	00:42:32.075	0.93181				2
2025.12.01	00:42:33.176	0.93180				2
2025.12.01	00:42:33.542	0.93181				2
2025.12.01	00:42:38.181	0.93180				2
2025.12.01	00:42:39.177		0.93295			4
2025.12.01	00:42:40.482	0.93181				2
2025.12.01	00:42:41.676		0.93299			4
2025.12.01	00:42:42.178		0.93295			4
2025.12.01	00:42:42.680	0.93180				2
2025.12.01	00:42:44.000		0.93296			4
2025.12.01	00:42:46.189		0.93300			4
2025.12.01	00:42:46.521	0.93181				2
2025.12.01	00:42:47.179	0.93180	0.93296			6
2025.12.01	00:42:47.685	0.93182				2
2025.12.01	00:42:49.980	0.93181				2
2025.12.01	00:42:50.752	0.93180				2
2025.12.01	00:42:51.176	0.93182				2
2025.12.01	00:42:51.676	0.93180				2
2025.12.01	00:42:52.134	0.93181	0.93300			6
2025.12.01	00:42:52.746	0.93182				2
2025.12.01	00:42:53.180	0.93179				2
2025.12.01	00:42:54.678	0.93181				2
2025.12.01	00:42:55.796	0.93180				2
2025.12.01	00:42:56.175	0.93179				2
2025.12.01	00:42:56.677	0.93181				2
2025.12.01	00:42:57.535	0.93172	0.93301			6
2025.12.01	00:42:58.051	0.93175	0.93304			6
2025.12.01	00:42:59.677	0.93174				2
2025.12.01	00:43:00.133	0.93173				2
2025.12.01	00:43:00.534	0.93175	0.93302			6
2025.12.01	00:43:00.863		0.93303			4
2025.12.01	00:43:01.500	0.93174	0.93307			6
2025.12.01	00:43:01.816		0.93306			4
2025.12.01	00:43:02.487	0.93172				2
2025.12.01	00:43:04.236	0.93175	0.93297			6
2025.12.01	00:43:05.261		0.93304			4
2025.12.01	00:43:05.811		0.93311			4
2025.12.01	00:43:06.117	0.93176	0.93305			6
2025.12.01	00:43:06.537	0.93175	0.93287			6
2025.12.01	00:43:06.882	0.93176				2
2025.12.01	00:43:07.241	0.93172	0.93302			6
2025.12.01	00:43:07.586	0.93175	0.93299			6
2025.12.01	00:43:08.003	0.93176	0.93296			6
2025.12.01	00:43:08.377	0.93175				2
2025.12.01	00:43:08.680		0.93292			4
2025.12.01	00:43:09.000	0.93176	0.93295			6
2025.12.01	00:43:09.335	0.93178				2
2025.12.01	00:43:09.741	0.93175	0.93298			6
2025.12.01	00:43:10.134	0.93176	0.93297			6
2025.12.01	00:43:10.539	0.93178				2
2025.12.01	00:43:11.055	0.93176	0.93293			6
2025.12.01	00:43:11.599	0.93178	0.93294			6
2025.12.01	00:43:12.238	0.93174	0.93295			6
2025.12.01	00:43:12.746	0.93175	0.93292			6
2025.12.01	00:43:13.332	0.93173	0.93293			6
2025.12.01	00:43:13.797	0.93174				2
2025.12.01	00:43:14.289	0.93173				2
2025.12.01	00:43:14.685	0.93174				2
2025.12.01	00:43:15.316	0.93173				2
2025.12.01	00:43:15.789	0.93174				2
2025.12.01	00:43:16.421	0.93173	0.93286			6
2025.12.01	00:43:17.084	0.93172				2
2025.12.01	00:43:19.982	0.93173	0.93289			6
2025.12.01	00:43:20.483	0.93176	0.93293			6
2025.12.01	00:43:20.988	0.93177	0.93296			6
2025.12.01	00:43:21.568	0.93178				2
2025.12.01	00:43:21.986		0.93295			4
2025.12.01	00:43:23.383		0.93276			4
2025.12.01	00:43:23.756		0.93277			4
2025.12.01	00:43:24.285	0.93184	0.93271			6
2025.12.01	00:43:24.615	0.93185	0.93270			6
2025.12.01	00:43:25.489	0.93184				2
2025.12.01	00:43:27.107		0.93300			4
2025.12.01	00:43:27.584	0.93185				2
2025.12.01	00:43:28.395	0.93184				2
2025.12.01	00:43:31.152	0.93185				2
2025.12.01	00:43:31.650		0.93299			4
2025.12.01	00:43:32.652		0.93300			4
2025.12.01	00:43:33.650	0.93184				2
2025.12.01	00:43:35.685	0.93185	0.93299			6
2025.12.01	00:43:36.691	0.93184	0.93300			6
2025.12.01	00:43:37.147		0.93298			4
2025.12.01	00:43:37.511	0.93185				2
2025.12.01	00:43:38.682	0.93184				2
2025.12.01	00:43:40.534	0.93185				2
2025.12.01	00:43:40.977	0.93184				2
2025.12.01	00:43:43.218	0.93185				2
2025.12.01	00:43:43.651	0.93184				2
2025.12.01	00:43:50.651		0.93297			4
2025.12.01	00:43:57.124	0.93185				2
2025.12.01	00:44:00.654	0.93185				2
2025.12.01	00:44:04.514	0.93184				2
2025.12.01	00:44:06.910	0.93185				2
2025.12.01	00:44:09.961	0.93186				2
2025.12.01	00:44:17.110	0.93185				2
2025.12.01	00:44:18.583	0.93186				2
2025.12.01	00:44:26.652	0.93185				2
2025.12.01	00:44:27.124	0.93184				2
2025.12.01	00:44:28.397	0.93183				2
2025.12.01	00:44:29.061	0.93184				2
2025.12.01	00:44:29.664	0.93183				2
2025.12.01	00:44:33.197	0.93182				2
2025.12.01	00:44:36.885	0.93183				2
2025.12.01	00:44:38.868	0.93182				2
2025.12.01	00:44:40.782	0.93183				2
2025.12.01	00:44:42.283	0.93181				2
2025.12.01	00:44:47.983	0.93182				2
2025.12.01	00:44:50.412		0.93269			4
2025.12.01	00:44:50.964	0.93181	0.93270			6
2025.12.01	00:44:52.964		0.93271			4
2025.12.01	00:44:54.281	0.93183	0.93270			6
2025.12.01	00:44:54.963	0.93181	0.93271			6
2025.12.01	00:44:58.432		0.93297			4
2025.12.01	00:44:58.961		0.93296			4
2025.12.01	00:45:00.535	0.93182				2
2025.12.01	00:45:01.313	0.93181				2
2025.12.01	00:45:02.829	0.93180	0.93298			6
2025.12.01	00:45:03.171	0.93176	0.93309			6
2025.12.01	00:45:03.795		0.93308			4
2025.12.01	00:45:06.603	0.93181	0.93295			6
2025.12.01	00:45:08.645		0.93296			4
2025.12.01	00:45:11.495	0.93199	0.93278			6
2025.12.01	00:45:14.278	0.93198				2
2025.12.01	00:45:14.961	0.93188	0.93245			6
2025.12.01	00:45:25.807	0.93189	0.93244			6
2025.12.01	00:45:29.561	0.93190	0.93243			6
2025.12.01	00:45:30.587	0.93189				2
2025.12.01	00:45:32.382		0.93244			4
2025.12.01	00:45:36.569		0.93243			4
2025.12.01	00:45:37.201	0.93190				2
2025.12.01	00:45:38.846		0.93242			4
2025.12.01	00:45:39.279	0.93189	0.93244			6
2025.12.01	00:45:41.600	0.93188	0.93243			6
2025.12.01	00:45:42.096	0.93189				2
2025.12.01	00:45:47.131	0.93190				2
2025.12.01	00:45:50.088	0.93191				2
2025.12.01	00:45:52.682	0.93194				2
2025.12.01	00:45:57.035	0.93192	0.93245			6
2025.12.01	00:45:57.340	0.93195	0.93242			6
2025.12.01	00:45:58.731		0.93243			4
2025.12.01	00:46:00.583	0.93195				2
2025.12.01	00:46:02.041		0.93242			4
2025.12.01	00:46:02.505		0.93243			4
2025.12.01	00:46:04.188	0.93194				2
2025.12.01	00:46:05.485	0.93195				2
2025.12.01	00:46:06.569	0.93192	0.93245			6
2025.12.01	00:46:06.882	0.93195	0.93242			6
2025.12.01	00:46:07.495	0.93186	0.93251			6
2025.12.01	00:46:07.800	0.93185	0.93252			6
2025.12.01	00:46:08.697	0.93184	0.93253			6
2025.12.01	00:46:09.879	0.93185	0.93252			6
2025.12.01	00:46:10.530	0.93186	0.93251			6
2025.12.01	00:46:12.023	0.93187	0.93248			6
2025.12.01	00:46:12.325		0.93250			4
2025.12.01	00:46:13.399	0.93188	0.93249			6
2025.12.01	00:46:13.815	0.93189	0.93248			6
2025.12.01	00:46:14.684	0.93188				2
2025.12.01	00:46:15.282	0.93189				2
2025.12.01	00:46:18.672	0.93191	0.93246			6
2025.12.01	00:46:22.390		0.93245			4
2025.12.01	00:46:23.061	0.93192	0.93244			6
2025.12.01	00:46:24.290		0.93245			4
2025.12.01	00:46:27.089		0.93244			4
2025.12.01	00:46:31.375		0.93245			4
2025.12.01	00:46:32.899		0.93244			4
2025.12.01	00:46:34.784	0.93193				2
2025.12.01	00:46:43.557		0.93243			4
2025.12.01	00:46:44.953		0.93244			4
2025.12.01	00:46:48.440	0.93194	0.93243			6
2025.12.01	00:46:55.483		0.93244			4
2025.12.01	00:46:56.683		0.93243			4
2025.12.01	00:47:00.520	0.93194				2
2025.12.01	00:47:03.193	0.93182	0.93258			6
2025.12.01	00:47:06.619	0.93194	0.93243			6
2025.12.01	00:47:23.081	0.93195	0.93242			6
2025.12.01	00:47:34.064	0.93194	0.93243			6
2025.12.01	00:47:35.217	0.93193	0.93244			6
2025.12.01	00:47:35.786	0.93194	0.93243			6
2025.12.01	00:47:37.183	0.93193				2
2025.12.01	00:47:38.321	0.93194				2
2025.12.01	00:47:38.982	0.93198	0.93276			6
2025.12.01	00:47:39.299	0.93196				2
2025.12.01	00:47:39.886	0.93197				2
2025.12.01	00:47:49.491	0.93184	0.93242			6
2025.12.01	00:47:56.427		0.93243			4
2025.12.01	00:48:00.666	0.93184	0.93242			6
2025.12.01	00:48:18.283	0.93185	0.93241			6
2025.12.01	00:48:20.083	0.93184	0.93242			6
2025.12.01	00:48:31.366	0.93185	0.93241			6
2025.12.01	00:48:36.772	0.93187	0.93243			6
2025.12.01	00:48:37.185		0.93242			4
2025.12.01	00:48:39.883		0.93243			4
2025.12.01	00:48:41.160		0.93244			4
2025.12.01	00:48:45.662		0.93243			4
2025.12.01	00:48:48.718	0.93191	0.93241			6
2025.12.01	00:48:51.282		0.93242			4
2025.12.01	00:48:55.309	0.93192	0.93241			6
2025.12.01	00:48:58.182		0.93243			4
2025.12.01	00:48:59.026	0.93191				2
2025.12.01	00:48:59.418	0.93196	0.93293			6
2025.12.01	00:49:00.201	0.93197	0.93291			6
2025.12.01	00:49:00.747		0.93292			4
2025.12.01	00:49:02.409	0.93196				2
2025.12.01	00:49:13.311		0.93293			4
2025.12.01	00:49:13.793	0.93193	0.93295			6
2025.12.01	00:49:14.622		0.93296			4
2025.12.01	00:49:15.667	0.93194	0.93294			6
2025.12.01	00:49:16.021	0.93195	0.93293			6
2025.12.01	00:49:16.485	0.93196				2
2025.12.01	00:49:18.678		0.93292			4
2025.12.01	00:49:19.487	0.93197	0.93279			6
2025.12.01	00:49:19.791	0.93191	0.93241			6
2025.12.01	00:49:21.283	0.93192				2
2025.12.01	00:49:29.682	0.93191				2
2025.12.01	00:49:32.082	0.93192				2
2025.12.01	00:49:34.785		0.93240			4
2025.12.01	00:49:44.686		0.93241			4
2025.12.01	00:49:45.669	0.93193	0.93240			6
2025.12.01	00:49:48.172	0.93192				2
2025.12.01	00:49:49.183		0.93241			4
2025.12.01	00:49:49.563	0.93193	0.93239			6
2025.12.01	00:49:59.669	0.93192	0.93240			6
2025.12.01	00:50:00.317	0.93194	0.93239			6
2025.12.01	00:50:02.028	0.93192	0.93240			6
2025.12.01	00:50:11.382	0.93193				2
2025.12.01	00:50:11.698	0.93192				2
2025.12.01	00:50:15.666	0.93193	0.93239			6
2025.12.01	00:50:19.783	0.93194	0.93240			6
2025.12.01	00:50:20.382	0.93195				2
2025.12.01	00:50:23.977	0.93194				2
2025.12.01	00:50:28.065		0.93241			4
2025.12.01	00:50:29.082		0.93240			4
2025.12.01	00:50:30.666	0.93195	0.93289			6
2025.12.01	00:50:31.082	0.93193	0.93240			6
2025.12.01	00:50:35.309	0.93192				2
2025.12.01	00:50:39.286	0.93193				2
2025.12.01	00:50:44.624	0.93194	0.93239			6
2025.12.01	00:51:00.282	0.93194				2
2025.12.01	00:51:00.666	0.93193				2
2025.12.01	00:51:01.097	0.93194				2
2025.12.01	00:51:05.866	0.93193				2
2025.12.01	00:51:07.311	0.93194				2
2025.12.01	00:51:32.562	0.93193				2
2025.12.01	00:51:33.584	0.93194				2
2025.12.01	00:51:39.778		0.93332			4
2025.12.01	00:51:40.096	0.93193				2
2025.12.01	00:51:53.696	0.93192				2
2025.12.01	00:51:55.660		0.93301			4
2025.12.01	00:51:55.962		0.93302			4
2025.12.01	00:51:56.352		0.93301			4
2025.12.01	00:51:56.697	0.93193				2
2025.12.01	00:51:57.743	0.93191	0.93297			6
2025.12.01	00:51:59.178		0.93298			4
2025.12.01	00:52:00.741	0.93191	0.93297			6
2025.12.01	00:52:01.427		0.93332			4
2025.12.01	00:52:06.725	0.93192				2
2025.12.01	00:52:09.883	0.93191				2
2025.12.01	00:52:17.082	0.93192				2
2025.12.01	00:52:23.698	0.93193				2
2025.12.01	00:52:24.883	0.93192				2
2025.12.01	00:52:36.872		0.93302			4
2025.12.01	00:52:40.363	0.93191	0.93298			6
2025.12.01	00:52:40.945		0.93332			4
2025.12.01	00:52:42.283	0.93192				2
2025.12.01	00:52:50.146	0.93193				2
2025.12.01	00:52:51.282	0.93192				2
2025.12.01	00:52:52.491	0.93193				2
2025.12.01	00:53:00.284	0.93193				2
2025.12.01	00:53:34.743	0.93192				2
2025.12.01	00:53:41.177	0.93191	0.93332			6
2025.12.01	00:53:41.988	0.93192				2
2025.12.01	00:53:50.213	0.93193				2
2025.12.01	00:53:53.082	0.93192				2
2025.12.01	00:53:55.781	0.93193				2
2025.12.01	00:53:58.483	0.93192				2
2025.12.01	00:54:02.384	0.93192				2
2025.12.01	00:54:03.163	0.93193				2
2025.12.01	00:54:03.676	0.93190				2
2025.12.01	00:54:04.483	0.93189				2
2025.12.01	00:54:05.128	0.93190				2
2025.12.01	00:54:10.065	0.93192				2
2025.12.01	00:54:25.637	0.93191				2
2025.12.01	00:54:27.930	0.93192				2
2025.12.01	00:54:34.063	0.93191				2
2025.12.01	00:54:35.682	0.93192				2
2025.12.01	00:54:36.584	0.93191				2
2025.12.01	00:54:45.284		0.93332			4
2025.12.01	00:54:51.466	0.93192				2
2025.12.01	00:55:00.945	0.93192				2
2025.12.01	00:55:01.577	0.93189				2
2025.12.01	00:55:02.781	0.93197				2
2025.12.01	00:55:03.219	0.93198				2
2025.12.01	00:55:04.783	0.93197				2
2025.12.01	00:55:06.464	0.93190				2
2025.12.01	00:55:13.199	0.93191				2
2025.12.01	00:55:14.983	0.93190				2
2025.12.01	00:55:24.578	0.93191				2
2025.12.01	00:55:25.199	0.93198				2
2025.12.01	00:55:28.733	0.93190				2
2025.12.01	00:55:29.042	0.93189				2
2025.12.01	00:55:40.415	0.93197				2
2025.12.01	00:55:41.263	0.93198				2
2025.12.01	00:55:44.040	0.93196				2
2025.12.01	00:55:46.086	0.93190	0.93332			6
2025.12.01	00:55:48.489	0.93189				2
2025.12.01	00:55:49.182	0.93190				2
2025.12.01	00:55:49.646	0.93189				2
2025.12.01	00:55:57.417	0.93197				2
2025.12.01	00:55:58.128	0.93198				2
2025.12.01	00:55:58.969	0.93191				2
2025.12.01	00:56:00.425	0.93191				2
2025.12.01	00:56:01.785	0.93190				2
2025.12.01	00:56:03.132	0.93192				2
2025.12.01	00:56:03.511	0.93191				2
2025.12.01	00:56:03.882	0.93190				2
2025.12.01	00:56:05.998	0.93191				2
2025.12.01	00:56:10.437	0.93197				2
2025.12.01	00:56:10.939	0.93199				2
2025.12.01	00:56:13.968	0.93194				2
2025.12.01	00:56:14.862	0.93192				2
2025.12.01	00:56:22.707	0.93191				2
2025.12.01	00:56:25.259	0.93198				2
2025.12.01	00:56:25.793	0.93199				2
2025.12.01	00:56:36.409	0.93203				2
2025.12.01	00:56:38.414	0.93204				2
2025.12.01	00:56:38.990	0.93203				2
2025.12.01	00:56:40.666	0.93201				2
2025.12.01	00:56:41.166	0.93204				2
2025.12.01	00:56:43.782	0.93194	0.93263			6
2025.12.01	00:56:45.583	0.93193				2
2025.12.01	00:56:46.493	0.93192	0.93237			6
2025.12.01	00:56:47.095	0.93181	0.93234			6
2025.12.01	00:56:47.510	0.93180	0.93235			6
2025.12.01	00:56:48.555	0.93182				2
2025.12.01	00:56:49.555	0.93188	0.93237			6
2025.12.01	00:56:50.060	0.93180	0.93235			6
2025.12.01	00:56:53.242	0.93181	0.93233			6
2025.12.01	00:56:54.289	0.93182				2
2025.12.01	00:56:58.486	0.93198	0.93275			6
2025.12.01	00:56:59.038	0.93190	0.93283			6
2025.12.01	00:56:59.371		0.93275			4
2025.12.01	00:57:00.216	0.93190	0.93310			6
2025.12.01	00:57:02.789	0.93191	0.93309			6
2025.12.01	00:57:10.497	0.93200	0.93293			6
2025.12.01	00:57:10.966	0.93199	0.93286			6
2025.12.01	00:57:11.742	0.93200	0.93293			6
2025.12.01	00:57:12.493	0.93202	0.93291			6
2025.12.01	00:57:12.995	0.93201	0.93292			6
2025.12.01	00:57:14.040	0.93192	0.93308			6
2025.12.01	00:57:16.561	0.93191	0.93304			6
2025.12.01	00:57:17.659	0.93192	0.93317			6
2025.12.01	00:57:20.887		0.93316			4
2025.12.01	00:57:21.882		0.93317			4
2025.12.01	00:57:25.182	0.93200	0.93313			6
2025.12.01	00:57:26.746	0.93201	0.93312			6
2025.12.01	00:57:29.040	0.93190	0.93319			6
2025.12.01	00:57:29.437		0.93322			4
2025.12.01	00:57:30.476		0.93311			4
2025.12.01	00:57:31.585		0.93290			4
2025.12.01	00:57:32.285	0.93191	0.93302			6
2025.12.01	00:57:33.208	0.93190	0.93303			6
2025.12.01	00:57:40.482	0.93198	0.93287			6
2025.12.01	00:57:41.799		0.93274			4
2025.12.01	00:57:42.323	0.93201	0.93279			6
2025.12.01	00:57:42.641	0.93200	0.93272			6
2025.12.01	00:57:42.944	0.93201	0.93256			6
2025.12.01	00:57:43.263		0.93253			4
2025.12.01	00:57:43.576		0.93257			4
2025.12.01	00:57:43.897	0.93192	0.93321			6
2025.12.01	00:57:44.210		0.93332			4
2025.12.01	00:57:44.516	0.93193				2
2025.12.01	00:57:46.183	0.93192				2
2025.12.01	00:57:46.695	0.93193				2
2025.12.01	00:57:52.472	0.93199	0.93317			6
2025.12.01	00:57:52.779	0.93200	0.93309			6
2025.12.01	00:57:53.879		0.93307			4
2025.12.01	00:57:54.371		0.93308			4
2025.12.01	00:57:54.687		0.93315			4
2025.12.01	00:57:55.732	0.93203				2
2025.12.01	00:57:56.039	0.93210	0.93309			6
2025.12.01	00:57:56.340	0.93208	0.93306			6
2025.12.01	00:57:56.757		0.93272			4
2025.12.01	00:57:57.196	0.93204	0.93280			6
2025.12.01	00:57:57.499	0.93207	0.93273			6
2025.12.01	00:57:59.041	0.93199	0.93305			6
2025.12.01	00:57:59.521		0.93298			4
2025.12.01	00:57:59.876		0.93315			4
2025.12.01	00:58:00.313	0.93199				2
2025.12.01	00:58:01.980		0.93316			4
2025.12.01	00:58:02.383		0.93314			4
2025.12.01	00:58:03.179		0.93315			4
2025.12.01	00:58:04.378		0.93313			4
2025.12.01	00:58:04.779		0.93312			4
2025.12.01	00:58:05.180		0.93315			4
2025.12.01	00:58:05.578		0.93313			4
2025.12.01	00:58:05.976		0.93314			4
2025.12.01	00:58:07.978		0.93313			4
2025.12.01	00:58:08.380		0.93315			4
2025.12.01	00:58:08.778		0.93311			4
2025.12.01	00:58:09.178		0.93312			4
2025.12.01	00:58:09.527		0.93306			4
2025.12.01	00:58:09.979	0.93208	0.93297			6
2025.12.01	00:58:10.377	0.93207	0.93298			6
2025.12.01	00:58:11.978	0.93208	0.93295			6
2025.12.01	00:58:12.378		0.93299			4
2025.12.01	00:58:12.778		0.93297			4
2025.12.01	00:58:13.177	0.93207				2
2025.12.01	00:58:13.579		0.93298			4
2025.12.01	00:58:13.980	0.93199	0.93305			6
2025.12.01	00:58:14.777		0.93306			4
2025.12.01	00:58:15.178	0.93201	0.93311			6
2025.12.01	00:58:15.491	0.93199	0.93312			6
2025.12.01	00:58:15.799	0.93195	0.93317			6
2025.12.01	00:58:16.107	0.93200	0.93292			6
2025.12.01	00:58:16.474	0.93195	0.93311			6
2025.12.01	00:58:16.779	0.93197	0.93307			6
2025.12.01	00:58:17.099	0.93196	0.93309			6
2025.12.01	00:58:17.577	0.93199	0.93308			6
2025.12.01	00:58:17.938	0.93202	0.93305			6
2025.12.01	00:58:18.271		0.93304			4
2025.12.01	00:58:18.775		0.93307			4
2025.12.01	00:58:19.134	0.93201				2
2025.12.01	00:58:19.475	0.93198	0.93310			6
2025.12.01	00:58:19.778	0.93200	0.93292			6
2025.12.01	00:58:20.081	0.93201	0.93294			6
2025.12.01	00:58:20.448		0.93306			4
2025.12.01	00:58:20.774		0.93308			4
2025.12.01	00:58:21.378		0.93303			4
2025.12.01	00:58:21.698		0.93295			4
2025.12.01	00:58:22.045	0.93202	0.93307			6
2025.12.01	00:58:22.374	0.93201	0.93308			6
2025.12.01	00:58:22.775	0.93202	0.93306			6
2025.12.01	00:58:23.175		0.93307			4
2025.12.01	00:58:23.575		0.93306			4
2025.12.01	00:58:23.882		0.93308			4
2025.12.01	00:58:24.222	0.93201	0.93303			6
2025.12.01	00:58:24.546		0.93293			4
2025.12.01	00:58:24.874	0.93202	0.93306			6
2025.12.01	00:58:25.177	0.93211	0.93297			6
2025.12.01	00:58:25.484	0.93213	0.93294			6
2025.12.01	00:58:25.973		0.93295			4
2025.12.01	00:58:26.375	0.93215	0.93289			6
2025.12.01	00:58:29.382		0.93282			4
2025.12.01	00:58:29.698		0.93290			4
2025.12.01	00:58:30.079		0.93287			4
2025.12.01	00:58:30.478		0.93289			4
2025.12.01	00:58:31.281		0.93288			4
2025.12.01	00:58:31.677		0.93289			4
2025.12.01	00:58:33.277	0.93218	0.93285			6
2025.12.01	00:58:33.583		0.93287			4
2025.12.01	00:58:34.506		0.93288			4
2025.12.01	00:58:34.877	0.93217	0.93287			6
2025.12.01	00:58:35.183	0.93218				2
2025.12.01	00:58:35.576		0.93285			4
2025.12.01	00:58:36.077	0.93217	0.93287			6
2025.12.01	00:58:36.478	0.93218	0.93286			6
2025.12.01	00:58:37.678		0.93287			4
2025.12.01	00:58:38.078		0.93286			4
2025.12.01	00:58:38.479	0.93217	0.93287			6
2025.12.01	00:58:39.278		0.93288			4
2025.12.01	00:58:39.678		0.93289			4
2025.12.01	00:58:39.983		0.93287			4
2025.12.01	00:58:40.477		0.93290			4
2025.12.01	00:58:40.875		0.93291			4
2025.12.01	00:58:41.778	0.93216	0.93292			6
2025.12.01	00:58:42.282	0.93217	0.93291			6
2025.12.01	00:58:42.996		0.93287			4
2025.12.01	00:58:43.778	0.93206	0.93297			6
2025.12.01	00:58:44.625		0.93298			4
2025.12.01	00:58:48.583	0.93205				2
2025.12.01	00:58:49.911	0.93211	0.93293			6
2025.12.01	00:58:51.042		0.93285			4
2025.12.01	00:58:51.714	0.93215	0.93281			6
2025.12.01	00:58:52.375	0.93207	0.93241			6
2025.12.01	00:58:52.678	0.93202	0.93242			6
2025.12.01	00:58:53.683	0.93203				2
2025.12.01	00:58:54.183	0.93211	0.93332			6
2025.12.01	00:58:54.683	0.93210				2
2025.12.01	00:58:55.078	0.93211				2
2025.12.01	00:58:55.386	0.93207				2
2025.12.01	00:58:55.878		0.93321			4
2025.12.01	00:58:56.208		0.93332			4
2025.12.01	00:58:56.678	0.93208				2
2025.12.01	00:58:59.397	0.93207				2
2025.12.01	00:59:00.176	0.93207				2
2025.12.01	00:59:01.516	0.93208				2
2025.12.01	00:59:03.686	0.93211				2
2025.12.01	00:59:04.462	0.93208				2
2025.12.01	00:59:04.786	0.93207				2
2025.12.01	00:59:06.355	0.93204				2
2025.12.01	00:59:06.676	0.93205				2
2025.12.01	00:59:07.792	0.93209	0.93330			6
2025.12.01	00:59:08.461	0.93208	0.93331			6
2025.12.01	00:59:08.982	0.93209	0.93318			6
2025.12.01	00:59:10.534	0.93207	0.93319			6
2025.12.01	00:59:10.964	0.93206	0.93332			6
2025.12.01	00:59:12.059	0.93205				2
2025.12.01	00:59:16.846	0.93206				2
2025.12.01	00:59:17.684	0.93205				2
2025.12.01	00:59:18.474	0.93207				2
2025.12.01	00:59:18.875	0.93204				2
2025.12.01	00:59:20.783	0.93203				2
2025.12.01	00:59:21.432	0.93204				2
2025.12.01	00:59:22.079	0.93205				2
2025.12.01	00:59:22.412	0.93204				2
2025.12.01	00:59:23.080	0.93205				2
2025.12.01	00:59:23.549	0.93204				2
2025.12.01	00:59:23.860	0.93203				2
2025.12.01	00:59:24.378	0.93205				2
2025.12.01	00:59:24.998	0.93204				2
2025.12.01	00:59:27.605	0.93205				2
2025.12.01	00:59:28.476	0.93204				2
2025.12.01	00:59:29.215	0.93205				2
2025.12.01	00:59:29.585	0.93203				2
2025.12.01	00:59:31.294	0.93204				2
2025.12.01	00:59:32.720	0.93203				2
2025.12.01	00:59:33.737	0.93205				2
2025.12.01	00:59:34.066	0.93212				2
2025.12.01	00:59:34.484	0.93207	0.93324			6
2025.12.01	00:59:34.816	0.93202	0.93320			6
2025.12.01	00:59:35.122		0.93322			4
2025.12.01	00:59:36.926		0.93319			4
2025.12.01	00:59:37.237	0.93205	0.93321			6
2025.12.01	00:59:37.611	0.93204	0.93332			6
2025.12.01	00:59:39.378	0.93203				2
2025.12.01	00:59:39.816	0.93204	0.93316			6
2025.12.01	00:59:40.380	0.93203	0.93319			6
2025.12.01	00:59:41.695		0.93318			4
2025.12.01	00:59:42.583		0.93310			4
2025.12.01	00:59:44.025	0.93204	0.93309			6
2025.12.01	00:59:44.721	0.93203	0.93310			6
2025.12.01	00:59:45.832	0.93202	0.93311			6
2025.12.01	00:59:46.375	0.93206	0.93315			6
2025.12.01	00:59:46.721	0.93204	0.93317			6
2025.12.01	00:59:47.372		0.93319			4
2025.12.01	00:59:48.252	0.93205	0.93332			6
2025.12.01	00:59:48.882	0.93206				2
2025.12.01	00:59:49.377		0.93315			4
2025.12.01	00:59:49.679	0.93202	0.93284			6
2025.12.01	00:59:49.983	0.93199	0.93280			6
2025.12.01	00:59:50.299	0.93200	0.93296			6
2025.12.01	00:59:50.608	0.93201	0.93303			6
2025.12.01	00:59:50.928	0.93199	0.93268			6
2025.12.01	00:59:51.253	0.93198	0.93256			6
2025.12.01	00:59:51.563		0.93249			4
2025.12.01	00:59:51.872	0.93199	0.93255			6
2025.12.01	00:59:52.176		0.93253			4
2025.12.01	00:59:52.479	0.93197	0.93256			6
2025.12.01	00:59:52.781	0.93198	0.93250			6
2025.12.01	00:59:53.098	0.93199	0.93246			6
2025.12.01	00:59:53.455		0.93253			4
2025.12.01	00:59:54.176	0.93200	0.93252			6
2025.12.01	00:59:54.811	0.93197	0.93256			6
2025.12.01	00:59:55.143	0.93199	0.93246			6
2025.12.01	00:59:55.446		0.93252			4
2025.12.01	00:59:55.776		0.93253			4
2025.12.01	00:59:56.078	0.93200	0.93255			6
2025.12.01	00:59:56.381	0.93199	0.93245			6
2025.12.01	00:59:57.049		0.93252			4
2025.12.01	00:59:57.378	0.93200	0.93255			6
2025.12.01	00:59:57.685	0.93199	0.93254			6
2025.12.01	00:59:58.339	0.93200	0.93246			6
2025.12.01	00:59:58.649		0.93257			4
2025.12.01	00:59:58.974		0.93255			4
2025.12.01	00:59:59.774		0.93256			4
2025.12.01	01:00:00.177	0.93199	0.93332			6
2025.12.01	01:00:01.150	0.93202	0.93328			6
2025.12.01	01:00:01.459	0.93187	0.93265			6
2025.12.01	01:00:01.767	0.93225	0.93275			6
2025.12.01	01:00:02.393	0.93209	0.93259			6
2025.12.01	01:00:02.703	0.93224	0.93269			6
2025.12.01	01:00:03.019	0.93223	0.93267			6
2025.12.01	01:00:03.347		0.93266			4
2025.12.01	01:00:03.675	0.93216	0.93274			6
2025.12.01	01:00:03.988	0.93197	0.93287			6
2025.12.01	01:00:04.301		0.93269			4
2025.12.01	01:00:04.927		0.93270			4
2025.12.01	01:00:05.247	0.93205	0.93271			6
2025.12.01	01:00:05.555	0.93196	0.93292			6
2025.12.01	01:00:05.870		0.93293			4
2025.12.01	01:00:06.172		0.93290			4
2025.12.01	01:00:06.481	0.93197	0.93295			6
2025.12.01	01:00:06.784		0.93292			4
2025.12.01	01:00:07.088	0.93204	0.93263			6
2025.12.01	01:00:07.750	0.93203	0.93259			6
2025.12.01	01:00:08.374	0.93205				2
2025.12.01	01:00:09.139	0.93204				2
2025.12.01	01:00:09.780	0.93199	0.93244			6
2025.12.01	01:00:10.092	0.93197	0.93249			6
2025.12.01	01:00:10.394		0.93239			4
2025.12.01	01:00:10.786	0.93198	0.93238			6
2025.12.01	01:00:11.142		0.93237			4
2025.12.01	01:00:11.771		0.93254			4
2025.12.01	01:00:12.784	0.93184	0.93228			6
2025.12.01	01:00:13.099	0.93191	0.93233			6
2025.12.01	01:00:13.443	0.93190				2
2025.12.01	01:00:14.201	0.93192	0.93230			6
2025.12.01	01:00:14.524	0.93189				2
2025.12.01	01:00:15.478	0.93191				2
2025.12.01	01:00:16.378	0.93198	0.93232			6
2025.12.01	01:00:16.698	0.93200				2
2025.12.01	01:00:17.074		0.93233			4
2025.12.01	01:00:17.877	0.93199	0.93232			6
2025.12.01	01:00:18.278	0.93198				2
2025.12.01	01:00:18.585	0.93199				2
2025.12.01	01:00:18.888		0.93234			4
2025.12.01	01:00:19.251	0.93200				2
2025.12.01	01:00:20.098		0.93233			4
2025.12.01	01:00:20.420	0.93199	0.93232			6
2025.12.01	01:00:20.748	0.93200	0.93233			6
2025.12.01	01:00:21.076		0.93234			4
2025.12.01	01:00:21.478		0.93235			4
2025.12.01	01:00:21.879		0.93234			4
2025.12.01	01:00:22.295		0.93235			4
2025.12.01	01:00:24.342		0.93237			4
2025.12.01	01:00:24.647	0.93201	0.93236			6
2025.12.01	01:00:25.153	0.93202	0.93235			6
2025.12.01	01:00:26.482		0.93236			4
2025.12.01	01:00:27.330	0.93201	0.93246			6
2025.12.01	01:00:27.683	0.93203	0.93245			6
2025.12.01	01:00:28.296	0.93205	0.93251			6
2025.12.01	01:00:30.366	0.93202	0.93250			6
2025.12.01	01:00:30.704	0.93203	0.93249			6
2025.12.01	01:00:31.019	0.93208	0.93252			6
2025.12.01	01:00:31.330		0.93253			4
2025.12.01	01:00:31.958	0.93207	0.93239			6
2025.12.01	01:00:32.310	0.93209	0.93240			6
2025.12.01	01:00:33.883	0.93210				2
2025.12.01	01:00:34.557	0.93211	0.93242			6
2025.12.01	01:00:34.862	0.93208	0.93239			6
2025.12.01	01:00:35.334	0.93209				2
2025.12.01	01:00:35.960	0.93208				2
2025.12.01	01:00:36.282	0.93209				2
2025.12.01	01:00:36.981	0.93198	0.93232			6
2025.12.01	01:00:37.288		0.93228			4
2025.12.01	01:00:38.927		0.93227			4
2025.12.01	01:00:39.447	0.93201	0.93228			6
2025.12.01	01:00:39.756	0.93203	0.93234			6
2025.12.01	01:00:40.378	0.93206	0.93235			6
2025.12.01	01:00:40.774	0.93207	0.93236			6
2025.12.01	01:00:41.175	0.93200	0.93229			6
2025.12.01	01:00:41.479	0.93197	0.93228			6
2025.12.01	01:00:44.082	0.93200				2
2025.12.01	01:00:45.233		0.93229			4
2025.12.01	01:00:48.582		0.93230			4
2025.12.01	01:00:49.783		0.93229			4
2025.12.01	01:00:50.983		0.93230			4
2025.12.01	01:00:53.887	0.93203				2
2025.12.01	01:00:54.454	0.93202	0.93229			6
2025.12.01	01:00:55.211	0.93200	0.93227			6
2025.12.01	01:00:55.962	0.93201	0.93228			6
2025.12.01	01:00:56.384	0.93204	0.93237			6
2025.12.01	01:00:57.157	0.93210	0.93241			6
2025.12.01	01:00:57.461	0.93209	0.93239			6
2025.12.01	01:00:57.811		0.93238			4
2025.12.01	01:00:58.178	0.93212	0.93239			6
2025.12.01	01:00:59.078		0.93238			4
2025.12.01	01:00:59.410		0.93242			4
2025.12.01	01:00:59.736	0.93211	0.93241			6
2025.12.01	01:01:00.261	0.93211	0.93242			6
2025.12.01	01:01:00.580		0.93241			4
2025.12.01	01:01:00.916		0.93240			4
2025.12.01	01:01:01.218	0.93221	0.93247			6
2025.12.01	01:01:01.586	0.93216	0.93240			6
2025.12.01	01:01:01.899	0.93212	0.93238			6
2025.12.01	01:01:02.237	0.93214	0.93237			6
2025.12.01	01:01:02.629	0.93215				2
2025.12.01	01:01:03.407	0.93209	0.93229			6
2025.12.01	01:01:04.534	0.93211	0.93235			6
2025.12.01	01:01:06.283	0.93212	0.93236			6
2025.12.01	01:01:07.212	0.93215	0.93237			6
2025.12.01	01:01:09.375		0.93238			4
2025.12.01	01:01:10.161		0.93237			4
2025.12.01	01:01:10.875	0.93214				2
2025.12.01	01:01:14.086		0.93236			4
2025.12.01	01:01:14.757	0.93215	0.93238			6
2025.12.01	01:01:15.363	0.93214	0.93236			6
2025.12.01	01:01:16.436	0.93211	0.93235			6
2025.12.01	01:01:17.033	0.93212				2
2025.12.01	01:01:17.375	0.93213				2
2025.12.01	01:01:20.391		0.93236			4
2025.12.01	01:01:20.699	0.93216				2
2025.12.01	01:01:22.769	0.93214	0.93238			6
2025.12.01	01:01:23.161	0.93215	0.93239			6
2025.12.01	01:01:23.721	0.93216	0.93240			6
2025.12.01	01:01:24.883	0.93218				2
2025.12.01	01:01:25.375	0.93217	0.93239			6
2025.12.01	01:01:26.243	0.93219	0.93240			6
2025.12.01	01:01:28.219	0.93220	0.93242			6
2025.12.01	01:01:31.183	0.93217	0.93241			6
2025.12.01	01:01:32.731		0.93242			4
2025.12.01	01:01:33.073	0.93218				2
2025.12.01	01:01:33.378		0.93241			4
2025.12.01	01:01:33.874	0.93219				2
2025.12.01	01:01:35.071		0.93243			4
2025.12.01	01:01:35.473	0.93218				2
2025.12.01	01:01:35.778		0.93241			4
2025.12.01	01:01:37.232	0.93220				2
2025.12.01	01:01:38.278	0.93217	0.93239			6
2025.12.01	01:01:38.607		0.93238			4
2025.12.01	01:01:38.946		0.93239			4
2025.12.01	01:01:39.391	0.93218				2
2025.12.01	01:01:40.179	0.93219				2
2025.12.01	01:01:41.698	0.93220				2
2025.12.01	01:01:44.695	0.93218	0.93237			6
2025.12.01	01:01:46.181	0.93219	0.93239			6
2025.12.01	01:01:47.760	0.93218	0.93237			6
2025.12.01	01:01:48.280	0.93217				2
2025.12.01	01:01:48.679	0.93218				2
2025.12.01	01:01:55.293	0.93217	0.93236			6
2025.12.01	01:01:57.490		0.93235			4
2025.12.01	01:01:58.371		0.93234			4
2025.12.01	01:01:58.678	0.93215	0.93232			6
2025.12.01	01:02:00.282	0.93215				2
2025.12.01	01:02:00.588	0.93213	0.93231			6
2025.12.01	01:02:01.182		0.93230			4
2025.12.01	01:02:03.411		0.93231			4
2025.12.01	01:02:06.387	0.93214				2
2025.12.01	01:02:08.683		0.93230			4
2025.12.01	01:02:12.284		0.93229			4
2025.12.01	01:02:12.700	0.93207	0.93225			6
2025.12.01	01:02:13.085		0.93224			4
2025.12.01	01:02:13.448	0.93206	0.93223			6
2025.12.01	01:02:14.983	0.93207				2
2025.12.01	01:02:15.299	0.93204	0.93221			6
2025.12.01	01:02:15.986	0.93206				2
2025.12.01	01:02:17.427	0.93205				2
2025.12.01	01:02:18.026	0.93204	0.93219			6
2025.12.01	01:02:18.659	0.93205				2
2025.12.01	01:02:20.983		0.93218			4
2025.12.01	01:02:25.145	0.93203				2
2025.12.01	01:02:26.066	0.93205	0.93211			6
2025.12.01	01:02:29.434	0.93203	0.93218			6
2025.12.01	01:02:31.222		0.93217			4
2025.12.01	01:02:31.768	0.93202				2
2025.12.01	01:02:32.093	0.93203				2
2025.12.01	01:02:32.703	0.93202	0.93216			6
2025.12.01	01:02:33.051	0.93203				2
2025.12.01	01:02:33.883	0.93202	0.93217			6
2025.12.01	01:02:34.377	0.93203				2
2025.12.01	01:02:34.757	0.93202	0.93216			6
2025.12.01	01:02:36.284	0.93204				2
2025.12.01	01:02:36.863	0.93203				2
2025.12.01	01:02:37.782	0.93201				2
2025.12.01	01:02:38.085	0.93202	0.93215			6
2025.12.01	01:02:39.176	0.93203				2
2025.12.01	01:02:39.480	0.93201	0.93214			6
2025.12.01	01:02:39.796	0.93202				2
2025.12.01	01:02:45.379	0.93204	0.93216			6
2025.12.01	01:02:46.421		0.93217			4
2025.12.01	01:02:47.505		0.93216			4
2025.12.01	01:02:48.584		0.93217			4
2025.12.01	01:02:52.519		0.93216			4
2025.12.01	01:02:54.284		0.93217			4
2025.12.01	01:02:54.730	0.93206	0.93219			6
2025.12.01	01:02:55.740		0.93218			4
2025.12.01	01:02:57.948		0.93217			4
2025.12.01	01:02:58.405		0.93218			4
2025.12.01	01:02:59.527		0.93217			4
2025.12.01	01:03:00.513	0.93201	0.93215			6
2025.12.01	01:03:01.282	0.93204				2
2025.12.01	01:03:04.100	0.93203	0.93214			6
2025.12.01	01:03:04.408	0.93204				2
2025.12.01	01:03:05.985		0.93213			4
2025.12.01	01:03:10.184		0.93214			4
2025.12.01	01:03:11.684		0.93213			4
2025.12.01	01:03:15.364	0.93202	0.93214			6
2025.12.01	01:03:16.097	0.93203				2
2025.12.01	01:03:17.083		0.93213			4
2025.12.01	01:03:20.497	0.93204	0.93219			6
2025.12.01	01:03:20.799	0.93207				2
2025.12.01	01:03:26.328	0.93208				2
2025.12.01	01:03:29.270	0.93209				2
2025.12.01	01:03:31.184	0.93208				2
2025.12.01	01:03:32.006	0.93207				2
2025.12.01	01:03:33.928	0.93206				2
2025.12.01	01:03:35.398	0.93207	0.93218			6
2025.12.01	01:03:38.105	0.93206				2
2025.12.01	01:03:45.364	0.93200	0.93214			6
2025.12.01	01:03:48.285		0.93215			4
2025.12.01	01:03:49.333	0.93201				2
2025.12.01	01:03:55.641		0.93214			4
2025.12.01	01:04:00.519	0.93201				2
2025.12.01	01:04:01.246	0.93202				2
2025.12.01	01:04:02.475		0.93216			4
2025.12.01	01:04:03.285		0.93215			4
2025.12.01	01:04:04.094	0.93200				2
2025.12.01	01:04:04.546	0.93201				2
2025.12.01	01:04:05.684		0.93214			4
2025.12.01	01:04:14.276	0.93200				2
2025.12.01	01:04:15.284	0.93202	0.93215			6
2025.12.01	01:04:24.114	0.93203				2
2025.12.01	01:04:26.385		0.93216			4
2025.12.01	01:04:31.599		0.93217			4
2025.12.01	01:04:35.853	0.93210	0.93215			6
2025.12.01	01:04:39.573	0.93207	0.93219			6
2025.12.01	01:04:40.156	0.93206	0.93220			6
2025.12.01	01:04:41.155	0.93213	0.93229			6
2025.12.01	01:04:42.811	0.93214	0.93228			6
2025.12.01	01:04:43.878	0.93213	0.93230			6
2025.12.01	01:04:46.063	0.93215	0.93229			6
2025.12.01	01:04:46.377	0.93213	0.93230			6
2025.12.01	01:04:46.782	0.93214				2
2025.12.01	01:04:47.993	0.93219	0.93233			6
2025.12.01	01:04:49.238	0.93218	0.93234			6
2025.12.01	01:04:49.558	0.93221	0.93235			6
2025.12.01	01:04:50.976	0.93220				2
2025.12.01	01:04:51.456	0.93221				2
2025.12.01	01:04:51.969	0.93222				2
2025.12.01	01:04:53.908	0.93207	0.93224			6
2025.12.01	01:04:54.386	0.93208				2
2025.12.01	01:04:55.015	0.93209				2
2025.12.01	01:04:55.327	0.93210	0.93225			6
2025.12.01	01:04:56.628	0.93209	0.93224			6
2025.12.01	01:04:57.393	0.93210				2
2025.12.01	01:05:00.370	0.93209	0.93223			6
2025.12.01	01:05:01.599	0.93208				2
2025.12.01	01:05:03.882	0.93205	0.93221			6
2025.12.01	01:05:04.193	0.93204	0.93219			6
2025.12.01	01:05:04.784		0.93218			4
2025.12.01	01:05:05.375	0.93205				2
2025.12.01	01:05:15.788	0.93203				2
2025.12.01	01:05:18.348	0.93204				2
2025.12.01	01:05:27.362	0.93205				2
2025.12.01	01:05:35.042	0.93204				2
2025.12.01	01:05:40.007	0.93205				2
2025.12.01	01:05:41.869	0.93204				2
2025.12.01	01:05:42.370	0.93203				2
2025.12.01	01:05:43.119	0.93204				2
2025.12.01	01:05:47.981	0.93203				2
2025.12.01	01:05:52.174	0.93204				2
2025.12.01	01:06:01.483	0.93204				2
2025.12.01	01:06:04.790	0.93203	0.93218			6
2025.12.01	01:06:09.601		0.93216			4
2025.12.01	01:06:11.379	0.93201				2
2025.12.01	01:06:11.681	0.93202	0.93215			6
2025.12.01	01:06:12.740	0.93205	0.93221			6
2025.12.01	01:06:20.659	0.93207	0.93223			6
2025.12.01	01:06:21.516	0.93206				2
2025.12.01	01:06:24.584		0.93224			4
2025.12.01	01:06:29.705	0.93207				2
2025.12.01	01:06:33.884		0.93223			4
2025.12.01	01:06:54.582	0.93206				2
2025.12.01	01:06:55.214	0.93205	0.93221			6
2025.12.01	01:06:56.518	0.93206	0.93219			6
2025.12.01	01:06:57.282	0.93205	0.93220			6
2025.12.01	01:06:58.486	0.93206				2
2025.12.01	01:07:00.283	0.93205				2
2025.12.01	01:07:26.655	0.93206				2
2025.12.01	01:07:30.778	0.93205				2
2025.12.01	01:07:35.083	0.93206				2
2025.12.01	01:07:53.383	0.93205				2
2025.12.01	01:07:54.271	0.93213	0.93225			6
2025.12.01	01:07:54.608		0.93226			4
2025.12.01	01:07:55.314	0.93217	0.93229			6
2025.12.01	01:08:00.026	0.93217				2
2025.12.01	01:08:00.747	0.93219	0.93236			6
2025.12.01	01:08:01.059	0.93225	0.93237			6
2025.12.01	01:08:02.348	0.93224				2
2025.12.01	01:08:04.783	0.93225				2
2025.12.01	01:08:07.296	0.93221	0.93236			6
2025.12.01	01:08:07.623	0.93223	0.93237			6
2025.12.01	01:08:12.344	0.93224	0.93235			6
2025.12.01	01:08:13.250	0.93219	0.93232			6
2025.12.01	01:08:15.372	0.93218	0.93231			6
2025.12.01	01:08:16.367	0.93219	0.93234			6
2025.12.01	01:08:17.982		0.93233			4
2025.12.01	01:08:19.018	0.93220	0.93232			6
2025.12.01	01:08:19.735	0.93224	0.93239			6
2025.12.01	01:08:20.290	0.93223	0.93235			6
2025.12.01	01:08:21.137	0.93222	0.93236			6
2025.12.01	01:08:21.457	0.93218	0.93234			6
2025.12.01	01:08:22.427	0.93219	0.93233			6
2025.12.01	01:08:26.912		0.93232			4
2025.12.01	01:08:28.634	0.93217	0.93233			6
2025.12.01	01:08:29.135	0.93216	0.93231			6
2025.12.01	01:08:29.575	0.93219	0.93236			6
2025.12.01	01:08:30.883		0.93235			4
2025.12.01	01:08:32.413	0.93220	0.93236			6
2025.12.01	01:08:33.374	0.93218	0.93234			6
2025.12.01	01:08:39.349	0.93217	0.93235			6
2025.12.01	01:08:40.484	0.93218	0.93234			6
2025.12.01	01:08:41.828	0.93221	0.93235			6
2025.12.01	01:08:44.234	0.93219				2
2025.12.01	01:08:46.183		0.93234			4
2025.12.01	01:08:48.115		0.93235			4
2025.12.01	01:08:49.183		0.93234			4
2025.12.01	01:08:49.593	0.93218	0.93235			6
2025.12.01	01:08:50.685		0.93234			4
2025.12.01	01:08:55.380	0.93221	0.93233			6
2025.12.01	01:08:59.546		0.93234			4
2025.12.01	01:09:01.183	0.93221	0.93233			6
2025.12.01	01:09:04.886		0.93234			4
2025.12.01	01:09:07.864	0.93224	0.93237			6
2025.12.01	01:09:08.199		0.93236			4
2025.12.01	01:09:10.482		0.93237			4
2025.12.01	01:09:13.601		0.93236			4
2025.12.01	01:09:18.602	0.93221	0.93235			6
2025.12.01	01:09:19.038	0.93224				2
2025.12.01	01:09:23.313		0.93236			4
2025.12.01	01:09:23.858		0.93235			4
2025.12.01	01:09:24.322		0.93236			4
2025.12.01	01:09:31.811	0.93225	0.93238			6
2025.12.01	01:09:32.118	0.93226	0.93239			6
2025.12.01	01:09:34.785	0.93225				2
2025.12.01	01:09:38.983		0.93240			4
2025.12.01	01:09:39.886		0.93239			4
2025.12.01	01:09:40.784	0.93226				2
2025.12.01	01:09:43.379	0.93225	0.93240			6
2025.12.01	01:09:46.145	0.93226				2
2025.12.01	01:09:46.799	0.93225	0.93241			6
2025.12.01	01:09:48.351	0.93226				2
2025.12.01	01:09:50.383		0.93240			4
2025.12.01	01:09:56.084		0.93241			4
2025.12.01	01:09:57.284	0.93225				2
2025.12.01	01:10:00.316	0.93225				2
2025.12.01	01:10:04.288		0.93240			4
2025.12.01	01:10:05.177	0.93224	0.93239			6
2025.12.01	01:10:07.458	0.93225	0.93240			6
2025.12.01	01:10:11.244	0.93227	0.93238			6
2025.12.01	01:10:25.152		0.93237			4
2025.12.01	01:10:30.535	0.93226				2
2025.12.01	01:10:41.981	0.93229	0.93238			6
2025.12.01	01:10:51.013	0.93228	0.93236			6
2025.12.01	01:10:51.317	0.93226				2
2025.12.01	01:11:00.349	0.93226				2
2025.12.01	01:11:05.084		0.93235			4
2025.12.01	01:11:05.700		0.93236			4
2025.12.01	01:11:17.224	0.93225	0.93235			6
2025.12.01	01:11:24.799	0.93226				2
2025.12.01	01:11:29.939		0.93236			4
2025.12.01	01:11:45.243	0.93224	0.93235			6
2025.12.01	01:11:47.082		0.93234			4
2025.12.01	01:11:58.160	0.93225	0.93236			6
2025.12.01	01:12:01.184	0.93225	0.93235			6
2025.12.01	01:12:06.800	0.93224	0.93234			6
2025.12.01	01:12:22.782		0.93233			4
2025.12.01	01:12:30.419		0.93234			4
2025.12.01	01:12:32.356	0.93222	0.93233			6
2025.12.01	01:12:33.552	0.93225	0.93235			6
2025.12.01	01:12:34.872	0.93224				2
2025.12.01	01:12:37.525	0.93227	0.93236			6
2025.12.01	01:12:37.883	0.93226				2
2025.12.01	01:12:39.586	0.93225				2
2025.12.01	01:12:41.683		0.93237			4
2025.12.01	01:12:49.223	0.93224				2
2025.12.01	01:12:50.383	0.93225				2
2025.12.01	01:12:53.087	0.93224				2
2025.12.01	01:13:00.408	0.93226				2
2025.12.01	01:13:02.478	0.93224				2
2025.12.01	01:13:03.326	0.93232	0.93247			6
2025.12.01	01:13:03.643	0.93233	0.93246			6
2025.12.01	01:13:08.463	0.93234				2
2025.12.01	01:13:10.073	0.93233	0.93245			6
2025.12.01	01:13:11.082	0.93234	0.93244			6
2025.12.01	01:13:12.194	0.93232	0.93243			6
2025.12.01	01:13:12.499	0.93231	0.93242			6
2025.12.01	01:13:14.383	0.93233	0.93245			6
2025.12.01	01:13:14.774	0.93232	0.93244			6
2025.12.01	01:13:16.690	0.93233				2
2025.12.01	01:13:18.107	0.93232				2
2025.12.01	01:13:18.582		0.93245			4
2025.12.01	01:13:19.783		0.93244			4
2025.12.01	01:13:21.299	0.93235	0.93247			6
2025.12.01	01:13:26.392	0.93237	0.93249			6
2025.12.01	01:13:37.477	0.93235	0.93246			6
2025.12.01	01:13:38.166	0.93234				2
2025.12.01	01:13:41.383	0.93233				2
2025.12.01	01:13:43.173	0.93232	0.93245			6
2025.12.01	01:13:43.960	0.93233	0.93246			6
2025.12.01	01:13:45.427	0.93234				2
2025.12.01	01:13:49.093		0.93247			4
2025.12.01	01:13:50.160	0.93237	0.93246			6
2025.12.01	01:13:50.475	0.93234				2
2025.12.01	01:13:50.829		0.93245			4
2025.12.01	01:13:54.853	0.93233				2
2025.12.01	01:13:55.472		0.93244			4
2025.12.01	01:14:00.348	0.93233				2
2025.12.01	01:14:00.747	0.93234				2
2025.12.01	01:14:03.482	0.93233	0.93243			6
2025.12.01	01:14:04.793	0.93234	0.93244			6
2025.12.01	01:14:06.714	0.93233	0.93243			6
2025.12.01	01:14:07.206	0.93232	0.93242			6
2025.12.01	01:14:07.511	0.93231	0.93241			6
2025.12.01	01:14:08.852	0.93230				2
2025.12.01	01:14:09.595	0.93231				2
2025.12.01	01:14:09.899	0.93230				2
2025.12.01	01:14:10.722		0.93242			4
2025.12.01	01:14:12.476	0.93231	0.93243			6
2025.12.01	01:14:12.987	0.93232				2
2025.12.01	01:14:16.023	0.93231	0.93242			6
2025.12.01	01:14:16.339		0.93241			4
2025.12.01	01:14:16.723	0.93233	0.93245			6
2025.12.01	01:14:17.046		0.93247			4
2025.12.01	01:14:17.790	0.93235	0.93246			6
2025.12.01	01:14:18.165		0.93247			4
2025.12.01	01:14:19.676	0.93233	0.93244			6
2025.12.01	01:14:19.979	0.93231	0.93243			6
2025.12.01	01:14:22.184	0.93232	0.93244			6
2025.12.01	01:14:23.523		0.93245			4
2025.12.01	01:14:23.900	0.93233				2
2025.12.01	01:14:26.085	0.93234				2
2025.12.01	01:14:28.991	0.93233				2
2025.12.01	01:14:29.302	0.93225	0.93237			6
2025.12.01	01:14:36.243	0.93223	0.93236			6
2025.12.01	01:14:37.126	0.93227	0.93237			6
2025.12.01	01:14:38.999	0.93224	0.93236			6
2025.12.01	01:14:39.419		0.93237			4
2025.12.01	01:14:39.721	0.93225	0.93236			6
2025.12.01	01:14:41.215	0.93226	0.93237			6
2025.12.01	01:14:42.045	0.93228				2
2025.12.01	01:14:51.704	0.93229	0.93241			6
2025.12.01	01:14:52.056	0.93231	0.93242			6
2025.12.01	01:14:52.410	0.93227	0.93240			6
2025.12.01	01:14:53.413	0.93228				2
2025.12.01	01:14:54.286	0.93227				2
2025.12.01	01:14:58.434	0.93224	0.93238			6
2025.12.01	01:14:59.454	0.93226				2
2025.12.01	01:15:00.352	0.93227	0.93237			6
2025.12.01	01:15:00.669		0.93236			4
2025.12.01	01:15:01.050	0.93228	0.93237			6
2025.12.01	01:15:01.360	0.93227				2
2025.12.01	01:15:01.664	0.93228				2
2025.12.01	01:15:02.064		0.93238			4
2025.12.01	01:15:02.378		0.93239			4
2025.12.01	01:15:02.700	0.93229				2
2025.12.01	01:15:03.017	0.93228	0.93237			6
2025.12.01	01:15:03.397		0.93236			4
2025.12.01	01:15:04.198	0.93227	0.93238			6
2025.12.01	01:15:04.548		0.93236			4
2025.12.01	01:15:05.435		0.93237			4
2025.12.01	01:15:06.505		0.93236			4
2025.12.01	01:15:07.546		0.93237			4
2025.12.01	01:15:08.580		0.93236			4
2025.12.01	01:15:09.616		0.93237			4
2025.12.01	01:15:15.370	0.93230	0.93241			6
2025.12.01	01:15:15.684	0.93231				2
2025.12.01	01:15:16.163	0.93229	0.93243			6
2025.12.01	01:15:16.492	0.93231	0.93241			6
2025.12.01	01:15:18.341	0.93229	0.93243			6
2025.12.01	01:15:18.658	0.93231	0.93241			6
2025.12.01	01:15:19.537	0.93230	0.93242			6
2025.12.01	01:15:19.946	0.93231	0.93241			6
2025.12.01	01:15:21.572	0.93230				2
2025.12.01	01:15:23.135		0.93242			4
2025.12.01	01:15:24.074	0.93231				2
2025.12.01	01:15:24.577	0.93230	0.93243			6
2025.12.01	01:15:24.894	0.93232	0.93242			6
2025.12.01	01:15:25.198	0.93231	0.93241			6
2025.12.01	01:15:25.739		0.93242			4
2025.12.01	01:15:28.574	0.93229				2
2025.12.01	01:15:28.878	0.93231				2
2025.12.01	01:15:29.796	0.93230				2
2025.12.01	01:15:31.971	0.93231				2
2025.12.01	01:15:35.005		0.93241			4
2025.12.01	01:15:35.317	0.93230	0.93239			6
2025.12.01	01:15:35.632	0.93228				2
2025.12.01	01:15:36.418	0.93230				2
2025.12.01	01:15:36.731	0.93226				2
2025.12.01	01:15:37.768	0.93227	0.93240			6
2025.12.01	01:15:41.932	0.93229	0.93239			6
2025.12.01	01:15:42.651		0.93240			4
2025.12.01	01:15:43.577		0.93239			4
2025.12.01	01:15:43.932		0.93240			4
2025.12.01	01:15:46.230	0.93230	0.93239			6
2025.12.01	01:15:48.657	0.93231				2
2025.12.01	01:15:49.716	0.93229				2
2025.12.01	01:15:51.880	0.93230	0.93240			6
2025.12.01	01:15:55.482		0.93239			4
2025.12.01	01:16:01.113	0.93231	0.93240			6
2025.12.01	01:16:03.442	0.93230	0.93239			6
2025.12.01	01:16:05.299	0.93229				2
2025.12.01	01:16:05.802	0.93231	0.93240			6
2025.12.01	01:16:06.333	0.93226	0.93236			6
2025.12.01	01:16:07.494	0.93227				2
2025.12.01	01:16:09.564	0.93226	0.93238			6
2025.12.01	01:16:09.875	0.93227	0.93237			6
2025.12.01	01:16:12.354	0.93228				2
2025.12.01	01:16:14.349	0.93226				2
2025.12.01	01:16:14.702	0.93227				2
2025.12.01	01:16:15.373	0.93226	0.93236			6
2025.12.01	01:16:15.709		0.93235			4
2025.12.01	01:16:16.340		0.93236			4
2025.12.01	01:16:17.243	0.93225	0.93237			6
2025.12.01	01:16:17.545	0.93226	0.93235			6
2025.12.01	01:16:19.098		0.93236			4
2025.12.01	01:16:19.872	0.93225	0.93234			6
2025.12.01	01:16:20.185		0.93237			4
2025.12.01	01:16:20.510	0.93226	0.93235			6
2025.12.01	01:16:20.861	0.93225	0.93234			6
2025.12.01	01:16:21.351	0.93226	0.93235			6
2025.12.01	01:16:21.659	0.93223	0.93234			6
2025.12.01	01:16:22.645	0.93222	0.93235			6
2025.12.01	01:16:22.971	0.93224	0.93233			6
2025.12.01	01:16:23.877	0.93223				2
2025.12.01	01:16:24.778		0.93234			4
2025.12.01	01:16:25.096	0.93222	0.93233			6
2025.12.01	01:16:25.511		0.93234			4
2025.12.01	01:16:25.853	0.93224	0.93233			6
2025.12.01	01:16:28.861	0.93223				2
2025.12.01	01:16:32.987	0.93224				2
2025.12.01	01:16:39.387	0.93223				2
2025.12.01	01:16:39.698	0.93224				2
2025.12.01	01:16:40.102	0.93222	0.93234			6
2025.12.01	01:16:40.450	0.93224	0.93233			6
2025.12.01	01:16:41.273		0.93238			4
2025.12.01	01:16:41.581	0.93227				2
2025.12.01	01:16:41.897	0.93228	0.93239			6
2025.12.01	01:16:42.202	0.93229				2
2025.12.01	01:16:42.516	0.93228	0.93238			6
2025.12.01	01:16:43.012		0.93237			4
2025.12.01	01:16:43.329	0.93227	0.93236			6
2025.12.01	01:16:44.077	0.93226	0.93239			6
2025.12.01	01:16:44.384	0.93227	0.93236			6
2025.12.01	01:16:45.273	0.93228				2
2025.12.01	01:16:46.278	0.93227				2
2025.12.01	01:16:47.336	0.93225	0.93238			6
2025.12.01	01:16:47.640	0.93227	0.93236			6
2025.12.01	01:16:48.347	0.93226	0.93238			6
2025.12.01	01:16:48.672	0.93227	0.93236			6
2025.12.01	01:16:49.515	0.93225	0.93239			6
2025.12.01	01:16:49.841	0.93227	0.93236			6
2025.12.01	01:16:52.377		0.93237			4
2025.12.01	01:16:52.754	0.93226				2
2025.12.01	01:16:53.398	0.93227				2
2025.12.01	01:16:54.436	0.93226	0.93238			6
2025.12.01	01:16:54.738	0.93225	0.93239			6
2025.12.01	01:16:55.085	0.93226	0.93237			6
2025.12.01	01:16:55.861	0.93227	0.93236			6
2025.12.01	01:16:58.947	0.93228				2
2025.12.01	01:17:00.037	0.93227				2
2025.12.01	01:17:01.042		0.93237			4
2025.12.01	01:17:01.358		0.93236			4
2025.12.01	01:17:02.076	0.93224	0.93240			6
2025.12.01	01:17:02.378	0.93227	0.93236			6
2025.12.01	01:17:03.113	0.93224	0.93239			6
2025.12.01	01:17:03.535	0.93227	0.93236			6
2025.12.01	01:17:04.058	0.93225	0.93239			6
2025.12.01	01:17:04.440	0.93227	0.93236			6
2025.12.01	01:17:05.165	0.93226	0.93237			6
2025.12.01	01:17:06.220	0.93225	0.93239			6
2025.12.01	01:17:06.542	0.93227	0.93236			6
2025.12.01	01:17:08.292	0.93224	0.93240			6
2025.12.01	01:17:08.598	0.93228	0.93236			6
2025.12.01	01:17:09.327	0.93225	0.93240			6
2025.12.01	01:17:09.651	0.93227	0.93236			6
2025.12.01	01:17:12.569		0.93237			4
2025.12.01	01:17:12.884	0.93226	0.93234			6
2025.12.01	01:17:14.635	0.93224	0.93236			6
2025.12.01	01:17:14.945	0.93225	0.93235			6
2025.12.01	01:17:15.372	0.93226				2
2025.12.01	01:17:16.383	0.93223	0.93238			6
2025.12.01	01:17:16.718	0.93224	0.93235			6
2025.12.01	01:17:17.045	0.93225	0.93234			6
2025.12.01	01:17:17.811		0.93235			4
2025.12.01	01:17:19.930	0.93224				2
2025.12.01	01:17:20.593	0.93225	0.93234			6
2025.12.01	01:17:20.917	0.93224				2
2025.12.01	01:17:21.373	0.93223	0.93235			6
2025.12.01	01:17:21.728		0.93234			4
2025.12.01	01:17:22.482	0.93224				2
2025.12.01	01:17:22.859	0.93223	0.93235			6
2025.12.01	01:17:23.173		0.93234			4
2025.12.01	01:17:24.978		0.93235			4
2025.12.01	01:17:26.030		0.93234			4
2025.12.01	01:17:29.202	0.93224	0.93233			6
2025.12.01	01:17:30.174	0.93222	0.93231			6
2025.12.01	01:17:31.278	0.93221	0.93232			6
2025.12.01	01:17:31.585	0.93220	0.93231			6
2025.12.01	01:17:32.380	0.93222				2
2025.12.01	01:17:34.449	0.93223	0.93232			6
2025.12.01	01:17:35.486	0.93221				2
2025.12.01	01:17:35.797		0.93230			4
2025.12.01	01:17:36.125		0.93231			4
2025.12.01	01:17:36.496	0.93220	0.93232			6
2025.12.01	01:17:36.817		0.93230			4
2025.12.01	01:17:37.168		0.93231			4
2025.12.01	01:17:38.244		0.93230			4
2025.12.01	01:17:39.270	0.93219				2
2025.12.01	01:17:40.285	0.93220	0.93231			6
2025.12.01	01:17:40.604	0.93219	0.93230			6
2025.12.01	01:17:41.302	0.93221	0.93231			6
2025.12.01	01:17:41.639		0.93230			4
2025.12.01	01:17:42.349		0.93231			4
2025.12.01	01:17:42.965	0.93220	0.93230			6
2025.12.01	01:17:43.386		0.93231			4
2025.12.01	01:17:43.698	0.93225	0.93238			6
2025.12.01	01:17:44.010	0.93226	0.93235			6
2025.12.01	01:17:44.745		0.93236			4
2025.12.01	01:17:45.203		0.93235			4
2025.12.01	01:17:45.748	0.93227				2
2025.12.01	01:17:47.971		0.93236			4
2025.12.01	01:17:49.512	0.93226	0.93234			6
2025.12.01	01:17:50.079		0.93235			4
2025.12.01	01:17:50.381		0.93234			4
2025.12.01	01:17:51.085		0.93235			4
2025.12.01	01:17:51.397	0.93225	0.93234			6
2025.12.01	01:17:52.059	0.93226				2
2025.12.01	01:17:53.094		0.93235			4
2025.12.01	01:17:53.537	0.93225	0.93233			6
2025.12.01	01:17:54.258		0.93235			4
2025.12.01	01:17:54.578		0.93234			4
2025.12.01	01:17:55.361		0.93236			4
2025.12.01	01:17:55.733	0.93226	0.93234			6
2025.12.01	01:17:56.137		0.93236			4
2025.12.01	01:17:56.441	0.93224				2
2025.12.01	01:17:56.762	0.93226	0.93234			6
2025.12.01	01:17:57.221	0.93225				2
2025.12.01	01:17:57.650	0.93226				2
2025.12.01	01:17:58.662	0.93225	0.93235			6
2025.12.01	01:17:59.695	0.93223	0.93236			6
2025.12.01	01:18:00.008	0.93225	0.93234			6
2025.12.01	01:18:00.811	0.93223	0.93236			6
2025.12.01	01:18:01.154	0.93225	0.93234			6
2025.12.01	01:18:02.032	0.93226	0.93235			6
2025.12.01	01:18:02.338	0.93225	0.93233			6
2025.12.01	01:18:03.065	0.93226	0.93234			6
2025.12.01	01:18:03.370	0.93225	0.93235			6
2025.12.01	01:18:03.680	0.93221	0.93232			6
2025.12.01	01:18:04.006	0.93222	0.93231			6
2025.12.01	01:18:04.459	0.93221	0.93233			6
2025.12.01	01:18:04.783	0.93222	0.93232			6
2025.12.01	01:18:07.785	0.93224	0.93234			6
2025.12.01	01:18:08.088	0.93223	0.93233			6
2025.12.01	01:18:08.426	0.93224				2
2025.12.01	01:18:09.552	0.93223	0.93234			6
2025.12.01	01:18:09.902		0.93233			4
2025.12.01	01:18:10.882		0.93234			4
2025.12.01	01:18:13.991		0.93233			4
2025.12.01	01:18:15.122		0.93235			4
2025.12.01	01:18:15.439		0.93232			4
2025.12.01	01:18:15.999	0.93222				2
2025.12.01	01:18:16.400		0.93233			4
2025.12.01	01:18:16.771	0.93223	0.93232			6
2025.12.01	01:18:17.181	0.93222	0.93235			6
2025.12.01	01:18:17.569		0.93233			4
2025.12.01	01:18:19.561	0.93223	0.93232			6
2025.12.01	01:18:20.353	0.93222				2
2025.12.01	01:18:21.385	0.93221	0.93233			6
2025.12.01	01:18:21.760	0.93222	0.93232			6
2025.12.01	01:18:23.525	0.93223				2
2025.12.01	01:18:25.596	0.93222				2
2025.12.01	01:18:30.535		0.93233			4
2025.12.01	01:18:30.838		0.93232			4
2025.12.01	01:18:34.514		0.93231			4
2025.12.01	01:18:36.990	0.93221	0.93232			6
2025.12.01	01:18:39.646		0.93233			4
2025.12.01	01:18:40.533		0.93232			4
2025.12.01	01:18:42.871	0.93220	0.93231			6
2025.12.01	01:18:46.236		0.93230			4
2025.12.01	01:18:47.090	0.93224	0.93233			6
2025.12.01	01:18:48.843	0.93222	0.93232			6
2025.12.01	01:18:51.549	0.93221	0.93233			6
2025.12.01	01:18:52.488	0.93222	0.93232			6
2025.12.01	01:18:55.659		0.93233			4
2025.12.01	01:18:55.984	0.93221	0.93232			6
2025.12.01	01:18:56.811	0.93222	0.93233			6
2025.12.01	01:18:58.876	0.93221	0.93232			6
2025.12.01	01:19:00.640	0.93220				2
2025.12.01	01:19:00.949	0.93221	0.93233			6
2025.12.01	01:19:01.335	0.93222	0.93232			6
2025.12.01	01:19:02.172	0.93220				2
2025.12.01	01:19:02.478		0.93233			4
2025.12.01	01:19:03.593	0.93221				2
2025.12.01	01:19:05.506	0.93222				2
2025.12.01	01:19:06.547	0.93221				2
2025.12.01	01:19:09.350	0.93220	0.93234			6
2025.12.01	01:19:09.721	0.93221	0.93233			6
2025.12.01	01:19:10.453		0.93235			4
2025.12.01	01:19:10.777	0.93223	0.93233			6
2025.12.01	01:19:11.406	0.93222	0.93234			6
2025.12.01	01:19:11.916	0.93224				2
2025.12.01	01:19:12.219	0.93222				2
2025.12.01	01:19:12.952	0.93224				2
2025.12.01	01:19:13.572	0.93222				2
2025.12.01	01:19:14.417	0.93223				2
2025.12.01	01:19:15.112		0.93235			4
2025.12.01	01:19:15.417		0.93233			4
2025.12.01	01:19:16.160		0.93235			4
2025.12.01	01:19:16.480	0.93222	0.93233			6
2025.12.01	01:19:16.799	0.93223				2
2025.12.01	01:19:19.006	0.93222	0.93235			6
2025.12.01	01:19:19.331		0.93233			4
2025.12.01	01:19:20.152	0.93223	0.93235			6
2025.12.01	01:19:20.467	0.93224	0.93234			6
2025.12.01	01:19:20.796	0.93221	0.93233			6
2025.12.01	01:19:21.166	0.93222	0.93232			6
2025.12.01	01:19:23.543	0.93221	0.93233			6
2025.12.01	01:19:23.859		0.93232			4
2025.12.01	01:19:24.484	0.93222	0.93233			6
2025.12.01	01:19:25.554	0.93221				2
2025.12.01	01:19:25.972	0.93222				2
2025.12.01	01:19:27.309	0.93221	0.93234			6
2025.12.01	01:19:27.646	0.93222				2
2025.12.01	01:19:28.183	0.93221	0.93233			6
2025.12.01	01:19:28.591	0.93222				2
2025.12.01	01:19:29.626	0.93220	0.93232			6
2025.12.01	01:19:30.665		0.93231			4
2025.12.01	01:19:31.697		0.93232			4
2025.12.01	01:19:32.231		0.93231			4
2025.12.01	01:19:32.732		0.93232			4
2025.12.01	01:19:33.638		0.93231			4
2025.12.01	01:19:35.810		0.93232			4
2025.12.01	01:19:36.817		0.93231			4
2025.12.01	01:19:38.870	0.93221				2
2025.12.01	01:19:39.891		0.93232			4
2025.12.01	01:19:41.929	0.93222				2
2025.12.01	01:19:43.998		0.93231			4
2025.12.01	01:19:45.042		0.93232			4
2025.12.01	01:19:48.146		0.93231			4
2025.12.01	01:19:49.181		0.93232			4
2025.12.01	01:19:50.209	0.93223				2
2025.12.01	01:19:50.544		0.93231			4
2025.12.01	01:19:51.252	0.93221	0.93235			6
2025.12.01	01:19:51.558	0.93222	0.93232			6
2025.12.01	01:19:52.419	0.93225	0.93233			6
2025.12.01	01:19:55.163		0.93234			4
2025.12.01	01:19:55.528	0.93226				2
2025.12.01	01:19:57.542		0.93235			4
2025.12.01	01:19:59.613		0.93234			4
2025.12.01	01:20:00.426	0.93227	0.93235			6
2025.12.01	01:20:01.550	0.93226	0.93236			6
2025.12.01	01:20:03.596		0.93235			4
2025.12.01	01:20:04.202		0.93237			4
2025.12.01	01:20:04.562		0.93235			4
2025.12.01	01:20:04.907		0.93236			4
2025.12.01	01:20:05.753		0.93235			4
2025.12.01	01:20:06.276		0.93237			4
2025.12.01	01:20:06.662	0.93225	0.93236			6
2025.12.01	01:20:07.310	0.93226				2
2025.12.01	01:20:08.346		0.93237			4
2025.12.01	01:20:08.672		0.93235			4
2025.12.01	01:20:09.383		0.93237			4
2025.12.01	01:20:09.693		0.93236			4
2025.12.01	01:20:11.305		0.93235			4
2025.12.01	01:20:11.909	0.93227	0.93237			6
2025.12.01	01:20:12.221	0.93226	0.93238			6
2025.12.01	01:20:12.538	0.93227	0.93235			6
2025.12.01	01:20:13.524	0.93228	0.93237			6
2025.12.01	01:20:13.850		0.93236			4
2025.12.01	01:20:14.691	0.93227	0.93238			6
2025.12.01	01:20:15.084		0.93237			4
2025.12.01	01:20:15.400		0.93236			4
2025.12.01	01:20:15.727		0.93237			4
2025.12.01	01:20:16.666	0.93226				2
2025.12.01	01:20:17.996		0.93238			4
2025.12.01	01:20:18.314	0.93228	0.93236			6
2025.12.01	01:20:18.618	0.93226				2
2025.12.01	01:20:19.030	0.93227				2
2025.12.01	01:20:19.339	0.93226				2
2025.12.01	01:20:20.191		0.93235			4
2025.12.01	01:20:21.201		0.93237			4
2025.12.01	01:20:21.553		0.93236			4
2025.12.01	01:20:22.137	0.93227				2
2025.12.01	01:20:22.446	0.93226	0.93235			6
2025.12.01	01:20:23.145	0.93228	0.93237			6
2025.12.01	01:20:23.459	0.93226	0.93235			6
2025.12.01	01:20:24.311	0.93227	0.93237			6
2025.12.01	01:20:24.662		0.93236			4
2025.12.01	01:20:25.452	0.93226				2
2025.12.01	01:20:25.807	0.93227	0.93235			6
2025.12.01	01:20:26.210	0.93226	0.93236			6
2025.12.01	01:20:26.519	0.93227				2
2025.12.01	01:20:26.834	0.93226				2
2025.12.01	01:20:29.938		0.93235			4
2025.12.01	01:20:30.750		0.93236			4
2025.12.01	01:20:31.143		0.93235			4
2025.12.01	01:20:31.787	0.93227				2
2025.12.01	01:20:32.178	0.93226	0.93236			6
2025.12.01	01:20:32.820		0.93237			4
2025.12.01	01:20:33.199		0.93236			4
2025.12.01	01:20:33.855		0.93237			4
2025.12.01	01:20:34.184		0.93236			4
2025.12.01	01:20:35.019	0.93228				2
2025.12.01	01:20:35.339	0.93225				2
2025.12.01	01:20:36.187	0.93226				2
2025.12.01	01:20:37.222		0.93237			4
2025.12.01	01:20:37.539	0.93227	0.93236			6
2025.12.01	01:20:38.183		0.93235			4
2025.12.01	01:20:38.518	0.93226				2
2025.12.01	01:20:39.424	0.93228				2
2025.12.01	01:20:39.746	0.93226	0.93236			6
2025.12.01	01:20:40.106		0.93235			4
2025.12.01	01:20:40.534		0.93236			4
2025.12.01	01:20:41.623	0.93227				2
2025.12.01	01:20:41.925	0.93226	0.93237			6
2025.12.01	01:20:42.659	0.93225	0.93236			6
2025.12.01	01:20:42.960	0.93226				2
2025.12.01	01:20:43.689	0.93228	0.93235			6
2025.12.01	01:20:44.021	0.93225	0.93237			6
2025.12.01	01:20:44.683	0.93227	0.93236			6
2025.12.01	01:20:45.011	0.93225				2
2025.12.01	01:20:46.712	0.93226				2
2025.12.01	01:20:47.032	0.93225				2
2025.12.01	01:20:47.810	0.93226				2
2025.12.01	01:20:48.875	0.93225				2
2025.12.01	01:20:49.185		0.93235			4
2025.12.01	01:20:49.911	0.93226				2
2025.12.01	01:20:50.947	0.93225				2
2025.12.01	01:20:51.980	0.93226				2
2025.12.01	01:20:53.016		0.93236			4
2025.12.01	01:20:53.393		0.93235			4
2025.12.01	01:20:54.943		0.93236			4
2025.12.01	01:20:55.533		0.93235			4
2025.12.01	01:20:55.875		0.93234			4
2025.12.01	01:20:56.211	0.93225				2
2025.12.01	01:20:56.833		0.93233			4
2025.12.01	01:20:57.851	0.93224				2
2025.12.01	01:20:58.857		0.93232			4
2025.12.01	01:21:00.369	0.93224				2
2025.12.01	01:21:00.928		0.93231			4
2025.12.01	01:21:01.996		0.93232			4
2025.12.01	01:21:03.001		0.93231			4
2025.12.01	01:21:03.576		0.93232			4
2025.12.01	01:21:04.069		0.93231			4
2025.12.01	01:21:05.072		0.93232			4
2025.12.01	01:21:06.112	0.93223				2
2025.12.01	01:21:06.424		0.93231			4
2025.12.01	01:21:08.213	0.93224				2
2025.12.01	01:21:09.236	0.93223				2
2025.12.01	01:21:12.310		0.93232			4
2025.12.01	01:21:13.329		0.93231			4
2025.12.01	01:21:16.456		0.93232			4
2025.12.01	01:21:16.817		0.93230			4
2025.12.01	01:21:17.490		0.93231			4
2025.12.01	01:21:18.525		0.93230			4
2025.12.01	01:21:20.136	0.93222				2
2025.12.01	01:21:21.669	0.93220				2
2025.12.01	01:21:22.219	0.93223				2
2025.12.01	01:21:26.942		0.93231			4
2025.12.01	01:21:30.392	0.93222	0.93230			6
2025.12.01	01:21:31.416	0.93221				2
2025.12.01	01:21:32.213	0.93222				2
2025.12.01	01:21:32.913	0.93219	0.93228			6
2025.12.01	01:21:40.360	0.93218				2
2025.12.01	01:21:40.667	0.93220	0.93230			6
2025.12.01	01:21:41.703		0.93229			4
2025.12.01	01:21:49.143	0.93219				2
2025.12.01	01:21:50.146		0.93230			4
2025.12.01	01:21:51.285		0.93229			4
2025.12.01	01:21:52.321		0.93230			4
2025.12.01	01:21:53.357		0.93229			4
2025.12.01	01:21:55.037		0.93230			4
2025.12.01	01:21:56.232		0.93229			4
2025.12.01	01:21:56.595		0.93230			4
2025.12.01	01:22:00.669	0.93219				2
2025.12.01	01:22:02.679		0.93229			4
2025.12.01	01:22:03.070	0.93218	0.93230			6
2025.12.01	01:22:04.939		0.93229			4
2025.12.01	01:22:06.954		0.93230			4
2025.12.01	01:22:10.614		0.93229			4
2025.12.01	01:22:15.382	0.93220	0.93228			6
2025.12.01	01:22:15.700		0.93230			4
2025.12.01	01:22:20.867	0.93221				2
2025.12.01	01:22:22.748	0.93219				2
2025.12.01	01:22:23.074	0.93220				2
2025.12.01	01:22:25.010	0.93221				2
2025.12.01	01:22:25.379	0.93220				2
2025.12.01	01:22:28.964	0.93221				2
2025.12.01	01:22:30.323		0.93231			4
2025.12.01	01:22:32.706		0.93230			4
2025.12.01	01:22:33.375	0.93222	0.93231			6
2025.12.01	01:22:34.001	0.93221				2
2025.12.01	01:22:34.534	0.93222				2
2025.12.01	01:22:35.570	0.93221				2
2025.12.01	01:22:37.642	0.93220				2
2025.12.01	01:22:39.521	0.93221				2
2025.12.01	01:22:39.845	0.93220				2
2025.12.01	01:22:40.394	0.93221				2
2025.12.01	01:22:41.660	0.93220				2
2025.12.01	01:22:43.467	0.93221				2
2025.12.01	01:22:46.868		0.93230			4
2025.12.01	01:22:47.462	0.93220	0.93228			6
2025.12.01	01:22:56.804	0.93219				2
2025.12.01	01:22:57.841	0.93218				2
2025.12.01	01:23:00.246	0.93218				2
2025.12.01	01:23:05.891		0.93227			4
2025.12.01	01:23:06.246		0.93228			4
2025.12.01	01:23:08.991		0.93227			4
2025.12.01	01:23:10.729		0.93226			4
2025.12.01	01:23:11.047	0.93220	0.93228			6
2025.12.01	01:23:12.149	0.93218	0.93227			6
2025.12.01	01:23:12.988		0.93226			4
2025.12.01	01:23:15.321	0.93214	0.93223			6
2025.12.01	01:23:15.703	0.93213	0.93222			6
2025.12.01	01:23:16.043	0.93212	0.93221			6
2025.12.01	01:23:16.364	0.93213				2
2025.12.01	01:23:18.349	0.93214	0.93222			6
2025.12.01	01:23:28.916	0.93213				2
2025.12.01	01:23:32.026		0.93223			4
2025.12.01	01:23:33.020		0.93222			4
2025.12.01	01:23:35.446	0.93212				2
2025.12.01	01:23:35.780	0.93214				2
2025.12.01	01:23:36.106	0.93213				2
2025.12.01	01:23:37.283		0.93221			4
2025.12.01	01:23:41.388		0.93222			4
2025.12.01	01:23:41.771		0.93219			4
2025.12.01	01:23:42.079	0.93212				2
2025.12.01	01:23:42.772		0.93220			4
2025.12.01	01:23:43.826	0.93211	0.93219			6
2025.12.01	01:23:44.278	0.93212				2
2025.12.01	01:23:45.268		0.93220			4
2025.12.01	01:23:46.673	0.93211				2
2025.12.01	01:23:47.694	0.93212				2
2025.12.01	01:23:51.576		0.93221			4
2025.12.01	01:23:52.849	0.93213				2
2025.12.01	01:23:53.158		0.93223			4
2025.12.01	01:23:53.467	0.93214				2
2025.12.01	01:23:53.828		0.93222			4
2025.12.01	01:23:54.138		0.93221			4
2025.12.01	01:23:55.528	0.93213				2
2025.12.01	01:23:55.983	0.93214				2
2025.12.01	01:23:56.298		0.93223			4
2025.12.01	01:23:58.669	0.93215	0.93224			6
2025.12.01	01:23:59.452	0.93214	0.93223			6
2025.12.01	01:24:00.173	0.93214				2
2025.12.01	01:24:00.999		0.93224			4
2025.12.01	01:24:01.779	0.93213	0.93223			6
2025.12.01	01:24:02.193	0.93214	0.93224			6
2025.12.01	01:24:03.196		0.93223			4
2025.12.01	01:24:03.501	0.93213	0.93222			6
2025.12.01	01:24:04.590	0.93214				2
2025.12.01	01:24:05.043	0.93213				2
2025.12.01	01:24:06.060	0.93212				2
2025.12.01	01:24:07.181	0.93213				2
2025.12.01	01:24:08.248	0.93211	0.93221			6
2025.12.01	01:24:08.614	0.93212				2
2025.12.01	01:24:10.134	0.93213				2
2025.12.01	01:24:10.452	0.93212				2
2025.12.01	01:24:11.787	0.93213				2
2025.12.01	01:24:12.523	0.93212				2
2025.12.01	01:24:35.737	0.93214	0.93223			6
2025.12.01	01:24:36.067	0.93213	0.93221			6
2025.12.01	01:24:36.487	0.93212	0.93219			6
2025.12.01	01:24:37.475	0.93213	0.93221			6
2025.12.01	01:24:38.221	0.93214				2
2025.12.01	01:24:38.872	0.93213				2
2025.12.01	01:24:42.823	0.93214	0.93223			6
2025.12.01	01:24:43.847	0.93215				2
2025.12.01	01:24:44.856	0.93214				2
2025.12.01	01:24:45.824	0.93215	0.93224			6
2025.12.01	01:24:47.492	0.93214				2
2025.12.01	01:24:47.908		0.93225			4
2025.12.01	01:24:48.274	0.93213	0.93224			6
2025.12.01	01:24:49.197	0.93214				2
2025.12.01	01:24:49.522	0.93213				2
2025.12.01	01:24:49.842	0.93212				2
2025.12.01	01:24:50.293		0.93223			4
2025.12.01	01:24:51.330		0.93224			4
2025.12.01	01:24:53.194	0.93214				2
2025.12.01	01:24:53.505		0.93223			4
2025.12.01	01:24:53.954		0.93224			4
2025.12.01	01:24:54.672		0.93223			4
2025.12.01	01:24:55.652	0.93213	0.93224			6
2025.12.01	01:24:56.671		0.93223			4
2025.12.01	01:24:57.675		0.93224			4
2025.12.01	01:24:59.605	0.93214				2
2025.12.01	01:25:00.007	0.93214				2
2025.12.01	01:25:00.426	0.93213				2
2025.12.01	01:25:01.759	0.93214				2
2025.12.01	01:25:02.101	0.93213				2
2025.12.01	01:25:04.288	0.93214				2
2025.12.01	01:25:05.319	0.93213				2
2025.12.01	01:25:05.858	0.93218	0.93226			6
2025.12.01	01:25:06.162	0.93216	0.93225			6
2025.12.01	01:25:06.478	0.93215				2
2025.12.01	01:25:06.878		0.93224			4
2025.12.01	01:25:09.962	0.93213	0.93221			6
2025.12.01	01:25:10.271	0.93212				2
2025.12.01	01:25:12.730	0.93213	0.93222			6
2025.12.01	01:25:15.363		0.93223			4
2025.12.01	01:25:16.916	0.93214				2
2025.12.01	01:25:17.234	0.93213				2
2025.12.01	01:25:18.083	0.93214				2
2025.12.01	01:25:18.434	0.93215	0.93224			6
2025.12.01	01:25:18.787	0.93214				2
2025.12.01	01:25:19.695	0.93215				2
2025.12.01	01:25:20.017	0.93214				2
2025.12.01	01:25:21.753	0.93215				2
2025.12.01	01:25:22.589	0.93214				2
2025.12.01	01:25:25.058	0.93213	0.93222			6
2025.12.01	01:25:27.811	0.93212	0.93221			6
2025.12.01	01:25:28.143	0.93213				2
2025.12.01	01:25:29.337	0.93212				2
2025.12.01	01:25:32.607	0.93215	0.93224			6
2025.12.01	01:25:32.933	0.93214				2
2025.12.01	01:25:33.623	0.93215				2
2025.12.01	01:25:33.936	0.93214				2
2025.12.01	01:25:38.245		0.93225			4
2025.12.01	01:25:40.371	0.93213	0.93224			6
2025.12.01	01:25:42.353	0.93214				2
2025.12.01	01:25:44.191	0.93213	0.93225			6
2025.12.01	01:25:44.557	0.93214	0.93224			6
2025.12.01	01:25:45.591	0.93213				2
2025.12.01	01:25:46.148	0.93214				2
2025.12.01	01:25:47.313	0.93213				2
2025.12.01	01:25:48.723		0.93223			4
2025.12.01	01:25:52.959	0.93211				2
2025.12.01	01:25:54.201	0.93212				2
2025.12.01	01:25:56.121	0.93213	0.93222			6
2025.12.01	01:25:57.437		0.93223			4
2025.12.01	01:25:58.441	0.93212				2
2025.12.01	01:25:59.458	0.93213				2
2025.12.01	01:26:00.652	0.93213				2
2025.12.01	01:26:21.380	0.93214	0.93224			6
2025.12.01	01:26:21.701	0.93215				2
2025.12.01	01:26:23.435	0.93214				2
2025.12.01	01:26:23.919		0.93225			4
2025.12.01	01:26:25.566	0.93216	0.93224			6
2025.12.01	01:26:25.878	0.93214				2
2025.12.01	01:26:26.208	0.93216				2
2025.12.01	01:26:26.702	0.93214				2
2025.12.01	01:26:27.933		0.93225			4
2025.12.01	01:26:28.966	0.93215				2
2025.12.01	01:26:29.289	0.93214				2
2025.12.01	01:26:30.244	0.93215				2
2025.12.01	01:26:30.772	0.93214				2
2025.12.01	01:26:31.997	0.93215				2
2025.12.01	01:26:32.559	0.93214				2
2025.12.01	01:26:33.033	0.93216	0.93224			6
2025.12.01	01:26:33.395	0.93215				2
2025.12.01	01:26:34.182		0.93225			4
2025.12.01	01:26:36.609	0.93216	0.93224			6
2025.12.01	01:26:39.121		0.93225			4
2025.12.01	01:26:39.431	0.93214	0.93224			6
2025.12.01	01:26:40.396	0.93215				2
2025.12.01	01:26:41.427	0.93216				2
2025.12.01	01:26:42.435		0.93225			4
2025.12.01	01:26:43.263	0.93214	0.93224			6
2025.12.01	01:26:43.921	0.93216				2
2025.12.01	01:26:44.375	0.93214				2
2025.12.01	01:26:44.700		0.93225			4
2025.12.01	01:26:45.010		0.93223			4
2025.12.01	01:26:46.945		0.93224			4
2025.12.01	01:26:48.004		0.93225			4
2025.12.01	01:26:49.039		0.93224			4
2025.12.01	01:26:50.077	0.93216				2
2025.12.01	01:26:55.253		0.93223			4
2025.12.01	01:26:57.324		0.93224			4
2025.12.01	01:27:00.338	0.93215	0.93223			6
2025.12.01	01:27:00.688	0.93213				2
2025.12.01	01:27:03.453		0.93224			4
2025.12.01	01:27:03.803	0.93212	0.93222			6
2025.12.01	01:27:04.274	0.93213				2
2025.12.01	01:27:05.872	0.93212	0.93220			6
2025.12.01	01:27:06.636		0.93221			4
2025.12.01	01:27:07.684	0.93215	0.93223			6
2025.12.01	01:27:08.342		0.93222			4
2025.12.01	01:27:09.397	0.93213				2
2025.12.01	01:27:22.207	0.93211	0.93220			6
2025.12.01	01:27:22.672	0.93212				2
2025.12.01	01:27:24.143		0.93219			4
2025.12.01	01:27:24.871	0.93211				2
2025.12.01	01:27:33.417	0.93212				2
2025.12.01	01:27:34.553	0.93213	0.93220			6
2025.12.01	01:27:34.869	0.93211	0.93219			6
2025.12.01	01:27:35.217		0.93218			4
2025.12.01	01:27:36.302		0.93219			4
2025.12.01	01:27:39.231		0.93220			4
2025.12.01	01:27:39.994	0.93212	0.93219			6
2025.12.01	01:27:40.377		0.93220			4
2025.12.01	01:27:41.287		0.93219			4
2025.12.01	01:27:43.662	0.93211	0.93220			6
2025.12.01	01:27:44.385		0.93218			4
2025.12.01	01:27:46.993		0.93219			4
2025.12.01	01:27:47.377		0.93218			4
2025.12.01	01:27:49.410	0.93213	0.93221			6
2025.12.01	01:27:50.660	0.93212	0.93219			6
2025.12.01	01:27:50.978		0.93220			4
2025.12.01	01:27:52.651	0.93213	0.93221			6
2025.12.01	01:27:53.020	0.93212				2
2025.12.01	01:27:53.657	0.93213				2
2025.12.01	01:27:55.014	0.93212	0.93219			6
2025.12.01	01:27:58.444	0.93211				2
2025.12.01	01:27:59.453	0.93212				2
2025.12.01	01:28:00.147	0.93212				2
2025.12.01	01:28:00.518	0.93213				2
2025.12.01	01:28:00.872		0.93220			4
2025.12.01	01:28:01.222	0.93212				2
2025.12.01	01:28:01.705		0.93219			4
2025.12.01	01:28:02.796		0.93218			4
2025.12.01	01:28:03.866		0.93219			4
2025.12.01	01:28:06.958	0.93211				2
2025.12.01	01:28:17.416	0.93213	0.93220			6
2025.12.01	01:28:18.062	0.93212	0.93218			6
2025.12.01	01:28:18.388	0.93213	0.93219			6
2025.12.01	01:28:18.910	0.93212				2
2025.12.01	01:28:19.296	0.93213				2
2025.12.01	01:28:22.402	0.93212				2
2025.12.01	01:28:23.439	0.93213				2
2025.12.01	01:28:23.950	0.93214	0.93221			6
2025.12.01	01:28:28.230	0.93213				2
2025.12.01	01:28:29.975	0.93210				2
2025.12.01	01:28:30.278	0.93213	0.93222			6
2025.12.01	01:28:31.122		0.93221			4
2025.12.01	01:28:36.362	0.93214				2
2025.12.01	01:28:40.527	0.93213				2
2025.12.01	01:28:41.568	0.93214				2
2025.12.01	01:28:44.201	0.93213				2
2025.12.01	01:28:47.584	0.93212	0.93220			6
2025.12.01	01:28:47.984	0.93211	0.93221			6
2025.12.01	01:28:48.329		0.93220			4
2025.12.01	01:28:48.671	0.93213				2
2025.12.01	01:28:49.298	0.93211				2
2025.12.01	01:28:49.629	0.93212	0.93221			6
2025.12.01	01:28:50.678	0.93213				2
2025.12.01	01:28:52.766	0.93212				2
2025.12.01	01:28:58.541	0.93211				2
2025.12.01	01:29:00.019	0.93211				2
2025.12.01	01:29:02.073	0.93212				2
2025.12.01	01:29:02.397		0.93222			4
2025.12.01	01:29:03.196		0.93220			4
2025.12.01	01:29:03.520	0.93213				2
2025.12.01	01:29:06.882		0.93221			4
2025.12.01	01:29:11.502	0.93212				2
2025.12.01	01:29:11.902	0.93213	0.93220			6
2025.12.01	01:29:15.086		0.93221			4
2025.12.01	01:29:15.473	0.93214	0.93220			6
2025.12.01	01:29:23.657	0.93212	0.93219			6
2025.12.01	01:29:24.415	0.93214				2
2025.12.01	01:29:24.719		0.93220			4
2025.12.01	01:29:25.059		0.93221			4
2025.12.01	01:29:29.240	0.93215				2
2025.12.01	01:29:38.454	0.93213	0.93219			6
2025.12.01	01:29:38.823	0.93214				2
2025.12.01	01:29:41.759	0.93215	0.93221			6
2025.12.01	01:29:42.082	0.93214				2
2025.12.01	01:29:42.947	0.93215				2
2025.12.01	01:29:45.098	0.93214	0.93220			6
2025.12.01	01:29:46.105	0.93215	0.93221			6
2025.12.01	01:29:51.147	0.93214				2
2025.12.01	01:29:52.743	0.93213	0.93220			6
2025.12.01	01:29:53.757	0.93214				2
2025.12.01	01:29:54.344		0.93221			4
2025.12.01	01:29:55.369		0.93220			4
2025.12.01	01:29:56.267	0.93215	0.93221			6
2025.12.01	01:29:57.730		0.93222			4
2025.12.01	01:30:00.307	0.93214	0.93221			6
2025.12.01	01:30:01.163	0.93213				2
2025.12.01	01:30:01.866	0.93214				2
2025.12.01	01:30:02.171	0.93213				2
2025.12.01	01:30:02.906	0.93214				2
2025.12.01	01:30:03.248	0.93211	0.93217			6
2025.12.01	01:30:04.172	0.93212	0.93218			6
2025.12.01	01:30:04.792	0.93211	0.93217			6
2025.12.01	01:30:05.416	0.93213	0.93219			6
2025.12.01	01:30:06.042	0.93212	0.93218			6
2025.12.01	01:30:06.673	0.93214	0.93222			6
2025.12.01	01:30:07.281	0.93213				2
2025.12.01	01:30:07.971	0.93214				2
2025.12.01	01:30:08.388	0.93213				2
2025.12.01	01:30:09.371	0.93214				2
2025.12.01	01:30:09.740	0.93213	0.93221			6
2025.12.01	01:30:10.333		0.93222			4
2025.12.01	01:30:13.496	0.93214				2
2025.12.01	01:30:13.830	0.93213				2
2025.12.01	01:30:15.364	0.93216	0.93223			6
2025.12.01	01:30:17.039	0.93215	0.93222			6
2025.12.01	01:30:17.353	0.93214				2
2025.12.01	01:30:18.531		0.93221			4
2025.12.01	01:30:19.951	0.93215				2
2025.12.01	01:30:31.653	0.93216	0.93223			6
2025.12.01	01:30:34.100	0.93217				2
2025.12.01	01:30:38.683	0.93216				2
2025.12.01	01:30:49.824		0.93224			4
2025.12.01	01:30:53.682		0.93223			4
2025.12.01	01:31:00.314	0.93216				2
2025.12.01	01:31:00.960	0.93215	0.93222			6
2025.12.01	01:31:18.151	0.93216	0.93223			6
2025.12.01	01:31:18.460	0.93217	0.93224			6
2025.12.01	01:31:18.811	0.93215	0.93223			6
2025.12.01	01:31:23.820		0.93222			4
2025.12.01	01:31:24.169	0.93217	0.93224			6
2025.12.01	01:31:25.901	0.93216				2
2025.12.01	01:31:26.787	0.93215	0.93222			6
2025.12.01	01:31:27.097	0.93216	0.93223			6
2025.12.01	01:31:30.864	0.93217	0.93225			6
2025.12.01	01:31:31.530	0.93218				2
2025.12.01	01:31:43.173	0.93217	0.93224			6
2025.12.01	01:31:46.043		0.93225			4
2025.12.01	01:31:46.360		0.93224			4
2025.12.01	01:31:47.043		0.93225			4
2025.12.01	01:31:48.744		0.93224			4
2025.12.01	01:31:50.509		0.93225			4
2025.12.01	01:31:52.693	0.93216				2
2025.12.01	01:31:53.125	0.93215	0.93224			6
2025.12.01	01:31:56.521	0.93216				2
2025.12.01	01:31:58.179	0.93215				2
2025.12.01	01:31:59.041		0.93225			4
2025.12.01	01:31:59.360	0.93216	0.93224			6
2025.12.01	01:32:00.320	0.93216	0.93223			6
2025.12.01	01:32:00.681		0.93224			4
2025.12.01	01:32:01.304		0.93223			4
2025.12.01	01:32:04.784	0.93215	0.93224			6
2025.12.01	01:32:05.169	0.93216	0.93223			6
2025.12.01	01:32:06.222		0.93224			4
2025.12.01	01:32:08.279	0.93215	0.93223			6
2025.12.01	01:32:09.315	0.93216				2
2025.12.01	01:32:11.389	0.93217				2
2025.12.01	01:32:11.786	0.93215	0.93222			6
2025.12.01	01:32:13.204		0.93221			4
2025.12.01	01:32:16.779	0.93214	0.93220			6
2025.12.01	01:32:17.311		0.93221			4
2025.12.01	01:32:19.120	0.93215				2
2025.12.01	01:32:35.059	0.93214				2
2025.12.01	01:32:35.380		0.93220			4
2025.12.01	01:32:36.983	0.93213				2
2025.12.01	01:32:37.688	0.93214				2
2025.12.01	01:32:39.340		0.93221			4
2025.12.01	01:32:41.838	0.93215				2
2025.12.01	01:32:45.688	0.93216	0.93222			6
2025.12.01	01:32:52.800	0.93214	0.93220			6
2025.12.01	01:32:53.125	0.93215				2
2025.12.01	01:32:53.739		0.93221			4
2025.12.01	01:32:54.357	0.93214	0.93220			6
2025.12.01	01:32:56.515	0.93215				2
2025.12.01	01:32:57.362	0.93216	0.93222			6
2025.12.01	01:32:59.998	0.93215	0.93221			6
2025.12.01	01:33:00.681	0.93212	0.93217			6
2025.12.01	01:33:01.033	0.93213	0.93218			6
2025.12.01	01:33:02.514		0.93217			4
2025.12.01	01:33:05.131		0.93218			4
2025.12.01	01:33:05.693	0.93214	0.93219			6
2025.12.01	01:33:15.131	0.93212	0.93215			6
2025.12.01	01:33:15.441		0.93216			4
2025.12.01	01:33:15.915	0.93213	0.93218			6
2025.12.01	01:33:16.578	0.93211	0.93216			6
2025.12.01	01:33:17.392		0.93217			4
2025.12.01	01:33:19.402	0.93212	0.93218			6
2025.12.01	01:33:21.142	0.93211	0.93216			6
2025.12.01	01:33:21.955	0.93213	0.93219			6
2025.12.01	01:33:23.202	0.93214				2
2025.12.01	01:33:26.245	0.93213				2
2025.12.01	01:33:31.079	0.93212	0.93218			6
2025.12.01	01:33:31.421	0.93213				2
2025.12.01	01:33:32.392	0.93212				2
2025.12.01	01:33:32.714		0.93217			4
2025.12.01	01:33:38.924	0.93213	0.93218			6
2025.12.01	01:33:43.853	0.93212				2
2025.12.01	01:33:45.379		0.93220			4
2025.12.01	01:33:45.809	0.93214				2
2025.12.01	01:33:47.171	0.93213	0.93219			6
2025.12.01	01:33:50.119	0.93212				2
2025.12.01	01:33:54.818	0.93213				2
2025.12.01	01:33:59.283	0.93214				2
2025.12.01	01:34:00.054	0.93212	0.93218			6
2025.12.01	01:34:03.530	0.93211				2
2025.12.01	01:34:04.577	0.93212				2
2025.12.01	01:34:05.607	0.93211				2
2025.12.01	01:34:06.506	0.93212				2
2025.12.01	01:34:07.288	0.93211				2
2025.12.01	01:34:08.789		0.93217			4
2025.12.01	01:34:10.271		0.93218			4
2025.12.01	01:34:11.144		0.93217			4
2025.12.01	01:34:15.683		0.93218			4
2025.12.01	01:34:23.751	0.93212				2
2025.12.01	01:34:25.917	0.93211				2
2025.12.01	01:34:36.787		0.93217			4
2025.12.01	01:34:38.245	0.93213	0.93218			6
2025.12.01	01:34:40.871		0.93219			4
2025.12.01	01:34:44.179	0.93212	0.93218			6
2025.12.01	01:34:47.196	0.93211				2
2025.12.01	01:34:54.299		0.93217			4
2025.12.01	01:34:56.494		0.93218			4
2025.12.01	01:35:00.217	0.93211				2
2025.12.01	01:35:03.166		0.93217			4
2025.12.01	01:35:03.543	0.93210				2
2025.12.01	01:35:04.876	0.93211				2
2025.12.01	01:35:06.247	0.93210				2
2025.12.01	01:35:07.276	0.93211				2
2025.12.01	01:35:07.971	0.93210				2
2025.12.01	01:35:09.532	0.93208				2
2025.12.01	01:35:10.611	0.93211				2
2025.12.01	01:35:10.919		0.93218			4
2025.12.01	01:35:11.485	0.93210				2
2025.12.01	01:35:11.801		0.93217			4
2025.12.01	01:35:19.023	0.93211				2
2025.12.01	01:35:21.854		0.93218			4
2025.12.01	01:35:22.405		0.93217			4
2025.12.01	01:35:24.978	0.93210				2
2025.12.01	01:35:25.379	0.93211				2
2025.12.01	01:35:29.850	0.93210				2
2025.12.01	01:35:31.941	0.93213	0.93220			6
2025.12.01	01:35:32.246	0.93214				2
2025.12.01	01:35:36.570		0.93219			4
2025.12.01	01:35:37.156		0.93220			4
2025.12.01	01:35:42.269		0.93219			4
2025.12.01	01:35:45.502		0.93220			4
2025.12.01	01:36:00.670	0.93211	0.93219			6
2025.12.01	01:36:04.869	0.93212				2
2025.12.01	01:36:06.276	0.93211				2
2025.12.01	01:36:09.676		0.93218			4
2025.12.01	01:36:10.917	0.93214	0.93220			6
2025.12.01	01:36:11.679	0.93213	0.93218			6
2025.12.01	01:36:13.703	0.93211				2
2025.12.01	01:36:16.482		0.93219			4
2025.12.01	01:36:20.136	0.93210				2
2025.12.01	01:36:21.172	0.93211				2
2025.12.01	01:36:24.282		0.93218			4
2025.12.01	01:36:33.036	0.93210	0.93219			6
2025.12.01	01:36:35.065	0.93211	0.93218			6
2025.12.01	01:36:36.271	0.93210				2
2025.12.01	01:36:37.466	0.93211				2
2025.12.01	01:36:40.320		0.93219			4
2025.12.01	01:36:41.354	0.93210				2
2025.12.01	01:36:42.394		0.93218			4
2025.12.01	01:36:42.894	0.93211				2
2025.12.01	01:36:45.067		0.93219			4
2025.12.01	01:36:50.842		0.93218			4
2025.12.01	01:37:00.526	0.93211				2
2025.12.01	01:37:02.319		0.93217			4
2025.12.01	01:37:03.593		0.93218			4
2025.12.01	01:37:04.544		0.93219			4
2025.12.01	01:37:07.546		0.93218			4
2025.12.01	01:37:08.579		0.93219			4
2025.12.01	01:37:09.237	0.93210				2
2025.12.01	01:37:09.678	0.93211				2
2025.12.01	01:37:10.130	0.93210				2
2025.12.01	01:37:10.650	0.93211				2
2025.12.01	01:37:22.271	0.93212				2
2025.12.01	01:37:24.033	0.93211				2
2025.12.01	01:37:24.439	0.93212				2
2025.12.01	01:37:26.272	0.93211				2
2025.12.01	01:37:41.081		0.93218			4
2025.12.01	01:37:42.177		0.93219			4
2025.12.01	01:37:46.650	0.93213	0.93220			6
2025.12.01	01:37:48.426	0.93212				2
2025.12.01	01:37:49.549		0.93219			4
2025.12.01	01:38:00.141	0.93212				2
2025.12.01	01:38:00.884	0.93213	0.93220			6
2025.12.01	01:38:01.860	0.93214				2
2025.12.01	01:38:03.491	0.93213	0.93221			6
2025.12.01	01:38:04.161	0.93212	0.93219			6
2025.12.01	01:38:10.182	0.93214	0.93220			6
2025.12.01	01:38:11.701	0.93212	0.93219			6
2025.12.01	01:38:13.650		0.93220			4
2025.12.01	01:38:15.388	0.93213	0.93219			6
2025.12.01	01:38:15.978		0.93220			4
2025.12.01	01:38:20.423		0.93221			4
2025.12.01	01:38:21.670	0.93212	0.93220			6
2025.12.01	01:38:23.220		0.93219			4
2025.12.01	01:38:24.911		0.93220			4
2025.12.01	01:38:25.515	0.93214	0.93221			6
2025.12.01	01:38:31.541	0.93215	0.93223			6
2025.12.01	01:38:36.329	0.93216				2
2025.12.01	01:38:45.377	0.93215				2
2025.12.01	01:38:46.183	0.93216				2
2025.12.01	01:39:00.466	0.93215	0.93222			6
2025.12.01	01:39:01.672		0.93223			4
2025.12.01	01:39:02.006	0.93216				2
2025.12.01	01:39:19.843	0.93215	0.93224			6
2025.12.01	01:39:20.706		0.93223			4
2025.12.01	01:39:27.089	0.93216				2
2025.12.01	01:39:34.253	0.93215				2
2025.12.01	01:39:35.313	0.93216				2
2025.12.01	01:39:37.723	0.93215	0.93222			6
2025.12.01	01:39:40.533	0.93216	0.93223			6
2025.12.01	01:39:43.496	0.93215				2
2025.12.01	01:39:44.692		0.93222			4
2025.12.01	01:39:55.563	0.93217	0.93224			6
2025.12.01	01:39:56.495	0.93216	0.93222			6
2025.12.01	01:39:59.609		0.93221			4
2025.12.01	01:40:00.703	0.93214				2
2025.12.01	01:40:02.535		0.93220			4
2025.12.01	01:40:05.723		0.93221			4
2025.12.01	01:40:10.670	0.93211	0.93219			6
