<DATE>	<TIME>	<BID>	<ASK>	<LAST>	<VOLUME>	<FLAGS>
2025.12.04	00:03:31.034	0.93249	0.93361			6
2025.12.04	00:04:01.742	0.93249				2
2025.12.04	00:04:32.281		0.93361			4
2025.12.04	00:04:38.816	0.93251				2
2025.12.04	00:05:00.829	0.93251				2
2025.12.04	00:05:35.965		0.93361			4
2025.12.04	00:06:01.408	0.93251				2
2025.12.04	00:06:41.409		0.93361			4
2025.12.04	00:07:00.885	0.93251				2
2025.12.04	00:07:10.668	0.93254	0.93360			6
2025.12.04	00:08:02.280	0.93254				2
2025.12.04	00:08:31.412		0.93360			4
2025.12.04	00:09:02.285	0.93254				2
2025.12.04	00:09:49.089		0.93360			4
2025.12.04	00:10:00.380	0.93254				2
2025.12.04	00:10:06.344	0.93251				2
2025.12.04	00:10:07.971	0.93255				2
2025.12.04	00:10:11.697	0.93247	0.93363			6
2025.12.04	00:11:00.501	0.93247				2
2025.12.04	00:11:04.928	0.93250	0.93361			6
2025.12.04	00:11:06.480	0.93254	0.93360			6
2025.12.04	00:11:08.283	0.93247	0.93363			6
2025.12.04	00:11:09.281	0.93254	0.93360			6
2025.12.04	00:11:20.700	0.93247	0.93363			6
2025.12.04	00:11:21.700	0.93254	0.93360			6
2025.12.04	00:11:26.813	0.93247	0.93363			6
2025.12.04	00:11:27.920	0.93254	0.93360			6
2025.12.04	00:11:33.179	0.93247	0.93363			6
2025.12.04	00:11:34.183	0.93254	0.93360			6
2025.12.04	00:12:02.445	0.93254				2
2025.12.04	00:12:06.393	0.93250				2
2025.12.04	00:12:08.255	0.93254				2
2025.12.04	00:12:37.482		0.93360			4
2025.12.04	00:13:00.583	0.93254				2
2025.12.04	00:13:41.407		0.93360			4
2025.12.04	00:14:01.482	0.93254				2
2025.12.04	00:14:43.184		0.93360			4
2025.12.04	00:15:00.883	0.93256	0.93359			6
2025.12.04	00:15:11.037	0.93261				2
2025.12.04	00:16:00.882	0.93261				2
2025.12.04	00:16:04.482		0.93359			4
2025.12.04	00:16:28.674	0.93258	0.93358			6
2025.12.04	00:16:29.157	0.93263	0.93357			6
2025.12.04	00:17:02.797	0.93263				2
2025.12.04	00:17:30.282		0.93357			4
2025.12.04	00:18:01.160	0.93263				2
2025.12.04	00:18:30.406		0.93357			4
2025.12.04	00:19:01.782	0.93263				2
2025.12.04	00:19:24.942	0.93260	0.93358			6
2025.12.04	00:19:31.873		0.93359			4
2025.12.04	00:19:42.018	0.93263	0.93357			6
2025.12.04	00:20:02.205	0.93263				2
2025.12.04	00:20:05.116	0.93264				2
2025.12.04	00:20:13.728	0.93263				2
2025.12.04	00:20:42.041	0.93266	0.93357			6
2025.12.04	00:21:00.434	0.93266				2
2025.12.04	00:21:05.081	0.93262	0.93359			6
2025.12.04	00:21:10.425	0.93265	0.93358			6
2025.12.04	00:22:00.391	0.93265				2
2025.12.04	00:22:11.682		0.93358			4
2025.12.04	00:22:21.699	0.93268				2
2025.12.04	00:22:50.491	0.93272				2
2025.12.04	00:22:58.472		0.93357			4
2025.12.04	00:23:00.419	0.93272				2
2025.12.04	00:23:42.236	0.93276				2
2025.12.04	00:23:59.977		0.93358			4
2025.12.04	00:24:00.285	0.93276				2
2025.12.04	00:24:29.692	0.93282	0.93357			6
2025.12.04	00:24:31.236	0.93279				2
2025.12.04	00:24:32.061		0.93358			4
2025.12.04	00:24:40.571	0.93281	0.93357			6
2025.12.04	00:24:41.839	0.93280				2
2025.12.04	00:24:42.336	0.93284				2
2025.12.04	00:24:43.746	0.93286				2
2025.12.04	00:24:46.397	0.93282				2
2025.12.04	00:24:46.840	0.93280				2
2025.12.04	00:24:50.192	0.93281				2
2025.12.04	00:25:00.283	0.93280				2
2025.12.04	00:25:00.797	0.93281				2
2025.12.04	00:25:25.734	0.93280	0.93358			6
2025.12.04	00:25:41.192	0.93269	0.93359			6
2025.12.04	00:25:41.759	0.93267				2
2025.12.04	00:25:42.266	0.93268	0.93358			6
2025.12.04	00:25:42.759	0.93267	0.93359			6
2025.12.04	00:25:43.266	0.93270	0.93358			6
2025.12.04	00:25:43.677	0.93268				2
2025.12.04	00:25:44.227	0.93270				2
2025.12.04	00:25:44.742	0.93267				2
2025.12.04	00:25:45.231	0.93270				2
2025.12.04	00:25:46.742	0.93264				2
2025.12.04	00:25:47.275	0.93265				2
2025.12.04	00:25:47.772	0.93266				2
2025.12.04	00:25:48.241	0.93270				2
2025.12.04	00:25:48.728	0.93266				2
2025.12.04	00:25:49.242	0.93265				2
2025.12.04	00:25:49.769	0.93266	0.93359			6
2025.12.04	00:25:50.071	0.93265	0.93358			6
2025.12.04	00:25:50.770	0.93266				2
2025.12.04	00:25:51.093	0.93265	0.93357			6
2025.12.04	00:25:51.741	0.93266				2
2025.12.04	00:25:52.274	0.93267				2
2025.12.04	00:25:52.727	0.93266	0.93358			6
2025.12.04	00:25:53.226	0.93267	0.93357			6
2025.12.04	00:25:53.731	0.93264	0.93358			6
2025.12.04	00:25:54.176	0.93273	0.93357			6
2025.12.04	00:25:59.398	0.93277	0.93356			6
2025.12.04	00:25:59.747	0.93274	0.93357			6
2025.12.04	00:26:00.279	0.93273				2
2025.12.04	00:26:01.989	0.93275				2
2025.12.04	00:26:02.468	0.93273				2
2025.12.04	00:26:03.459	0.93274				2
2025.12.04	00:26:03.986	0.93273				2
2025.12.04	00:26:05.290	0.93277	0.93356			6
2025.12.04	00:26:05.977	0.93275	0.93357			6
2025.12.04	00:26:06.484	0.93274				2
2025.12.04	00:26:06.991	0.93273				2
2025.12.04	00:26:07.496	0.93274				2
2025.12.04	00:26:08.385	0.93272				2
2025.12.04	00:26:08.986	0.93270				2
2025.12.04	00:26:09.988	0.93269				2
2025.12.04	00:26:10.466	0.93271				2
2025.12.04	00:26:11.985	0.93270				2
2025.12.04	00:26:12.497	0.93273				2
2025.12.04	00:26:12.997	0.93271				2
2025.12.04	00:26:13.496	0.93273				2
2025.12.04	00:26:15.987	0.93270				2
2025.12.04	00:26:16.497	0.93272				2
2025.12.04	00:26:16.990	0.93270				2
2025.12.04	00:26:17.500	0.93272				2
2025.12.04	00:26:17.996	0.93270				2
2025.12.04	00:26:18.497	0.93272				2
2025.12.04	00:26:18.997	0.93270				2
2025.12.04	00:26:19.412	0.93272				2
2025.12.04	00:26:19.994	0.93270				2
2025.12.04	00:26:20.496	0.93272				2
2025.12.04	00:26:20.986	0.93270				2
2025.12.04	00:26:21.496	0.93272				2
2025.12.04	00:26:21.990	0.93271				2
2025.12.04	00:26:22.492	0.93272				2
2025.12.04	00:26:22.988	0.93270				2
2025.12.04	00:26:23.497	0.93272				2
2025.12.04	00:26:23.990	0.93271				2
2025.12.04	00:26:24.491	0.93272				2
2025.12.04	00:26:24.826	0.93270				2
2025.12.04	00:26:25.497	0.93272				2
2025.12.04	00:26:25.993	0.93270				2
2025.12.04	00:26:26.501	0.93272				2
2025.12.04	00:26:26.997	0.93270				2
2025.12.04	00:26:27.495	0.93272				2
2025.12.04	00:26:27.800	0.93270				2
2025.12.04	00:26:28.497	0.93272				2
2025.12.04	00:26:28.989	0.93271				2
2025.12.04	00:26:29.798	0.93270				2
2025.12.04	00:26:30.497	0.93272				2
2025.12.04	00:26:30.804	0.93271				2
2025.12.04	00:26:31.306	0.93272				2
2025.12.04	00:26:31.986	0.93270				2
2025.12.04	00:26:32.497	0.93271				2
2025.12.04	00:26:32.988	0.93270				2
2025.12.04	00:26:33.496	0.93272				2
2025.12.04	00:26:33.988	0.93271				2
2025.12.04	00:26:34.497	0.93272				2
2025.12.04	00:26:34.987	0.93270				2
2025.12.04	00:26:35.500	0.93272				2
2025.12.04	00:26:45.962	0.93273				2
2025.12.04	00:26:50.673	0.93274				2
2025.12.04	00:27:00.430	0.93274				2
2025.12.04	00:27:06.985		0.93357			4
2025.12.04	00:28:01.401	0.93275				2
2025.12.04	00:28:11.407		0.93357			4
2025.12.04	00:28:15.837	0.93274				2
2025.12.04	00:28:22.275	0.93275				2
2025.12.04	00:28:26.195	0.93276				2
2025.12.04	00:28:30.421	0.93274				2
2025.12.04	00:29:00.387	0.93274				2
2025.12.04	00:29:05.631	0.93275				2
2025.12.04	00:29:21.195		0.93357			4
2025.12.04	00:30:00.373	0.93274	0.93358			6
2025.12.04	00:30:00.952	0.93275				2
2025.12.04	00:30:02.298	0.93274				2
2025.12.04	00:30:05.325		0.93361			4
2025.12.04	00:30:08.690		0.93362			4
2025.12.04	00:30:10.756		0.93363			4
2025.12.04	00:30:12.753		0.93362			4
2025.12.04	00:30:13.108		0.93365			4
2025.12.04	00:30:14.445		0.93363			4
2025.12.04	00:30:22.888	0.93276	0.93367			6
2025.12.04	00:30:28.678	0.93274	0.93362			6
2025.12.04	00:30:32.797	0.93278				2
2025.12.04	00:30:33.582	0.93277				2
2025.12.04	00:30:37.072		0.93365			4
2025.12.04	00:30:37.782	0.93278				2
2025.12.04	00:30:44.983	0.93277				2
2025.12.04	00:30:46.784	0.93278				2
2025.12.04	00:30:47.804		0.93362			4
2025.12.04	00:30:48.282	0.93277				2
2025.12.04	00:30:52.324	0.93278	0.93363			6
2025.12.04	00:30:53.987	0.93277				2
2025.12.04	00:30:56.385	0.93278				2
2025.12.04	00:31:00.318	0.93278				2
2025.12.04	00:31:07.183	0.93277				2
2025.12.04	00:31:09.283	0.93278				2
2025.12.04	00:31:18.671	0.93279	0.93364			6
2025.12.04	00:31:28.900	0.93280				2
2025.12.04	00:31:31.484	0.93279				2
2025.12.04	00:31:36.526	0.93278				2
2025.12.04	00:31:58.396	0.93277				2
2025.12.04	00:32:00.456	0.93277	0.93367			6
2025.12.04	00:32:02.387	0.93278				2
2025.12.04	00:32:02.798	0.93279	0.93366			6
2025.12.04	00:32:03.617	0.93278	0.93363			6
2025.12.04	00:32:03.967	0.93279				2
2025.12.04	00:32:05.083	0.93278				2
2025.12.04	00:32:07.238	0.93279	0.93365			6
2025.12.04	00:32:07.841	0.93280	0.93364			6
2025.12.04	00:32:08.385	0.93279				2
2025.12.04	00:32:09.463	0.93280	0.93365			6
2025.12.04	00:32:11.005	0.93283	0.93367			6
2025.12.04	00:32:14.298		0.93365			4
2025.12.04	00:32:15.007	0.93284				2
2025.12.04	00:32:21.001		0.93367			4
2025.12.04	00:32:24.171		0.93362			4
2025.12.04	00:32:25.484	0.93285				2
2025.12.04	00:32:33.073		0.93364			4
2025.12.04	00:32:35.081	0.93286				2
2025.12.04	00:32:41.023	0.93285	0.93367			6
2025.12.04	00:32:41.985		0.93363			4
2025.12.04	00:32:48.882	0.93286				2
2025.12.04	00:32:50.385	0.93285				2
2025.12.04	00:32:54.835	0.93286				2
2025.12.04	00:33:00.316	0.93286				2
2025.12.04	00:33:03.899		0.93367			4
2025.12.04	00:33:04.890	0.93287	0.93363			6
2025.12.04	00:33:05.323		0.93364			4
2025.12.04	00:33:05.629	0.93286	0.93362			6
2025.12.04	00:33:05.942		0.93367			4
2025.12.04	00:33:06.912	0.93287				2
2025.12.04	00:33:07.268	0.93286				2
2025.12.04	00:33:07.623	0.93287	0.93365			6
2025.12.04	00:33:07.935		0.93367			4
2025.12.04	00:33:10.776		0.93363			4
2025.12.04	00:33:12.037		0.93367			4
2025.12.04	00:33:22.783	0.93288				2
2025.12.04	00:33:28.155		0.93365			4
2025.12.04	00:33:28.465	0.93287	0.93362			6
2025.12.04	00:33:38.382	0.93288				2
2025.12.04	00:33:41.076		0.93364			4
2025.12.04	00:33:48.881	0.93289				2
2025.12.04	00:33:51.585	0.93288				2
2025.12.04	00:33:53.082	0.93289				2
2025.12.04	00:34:01.790	0.93289				2
2025.12.04	00:34:15.282	0.93290				2
2025.12.04	00:34:16.182	0.93289				2
2025.12.04	00:34:20.683	0.93288				2
2025.12.04	00:34:21.813	0.93289				2
2025.12.04	00:34:23.084	0.93290				2
2025.12.04	00:34:24.882	0.93289				2
2025.12.04	00:34:30.316	0.93290				2
2025.12.04	00:34:34.482	0.93289				2
2025.12.04	00:34:44.083		0.93364			4
2025.12.04	00:34:45.284	0.93290				2
2025.12.04	00:34:49.482	0.93289				2
2025.12.04	00:34:51.925	0.93290				2
2025.12.04	00:34:52.444	0.93287	0.93361			6
2025.12.04	00:34:57.284	0.93286				2
2025.12.04	00:34:57.756	0.93278				2
2025.12.04	00:35:00.356	0.93278				2
2025.12.04	00:35:03.204	0.93281				2
2025.12.04	00:35:34.786	0.93282				2
2025.12.04	00:35:35.274	0.93281				2
2025.12.04	00:35:35.630	0.93282				2
2025.12.04	00:35:42.585	0.93281				2
2025.12.04	00:35:45.586	0.93280				2
2025.12.04	00:35:48.430	0.93281				2
2025.12.04	00:35:52.931		0.93361			4
2025.12.04	00:36:00.398	0.93281				2
2025.12.04	00:36:12.190		0.93360			4
2025.12.04	00:36:23.085	0.93282				2
2025.12.04	00:36:30.605		0.93357			4
2025.12.04	00:36:42.728		0.93359			4
2025.12.04	00:36:53.985	0.93283				2
2025.12.04	00:37:00.134	0.93282				2
2025.12.04	00:37:07.597	0.93283				2
2025.12.04	00:37:16.483	0.93282				2
2025.12.04	00:37:20.326		0.93361			4
2025.12.04	00:37:30.120		0.93359			4
2025.12.04	00:37:32.589	0.93283				2
2025.12.04	00:38:00.012	0.93283				2
2025.12.04	00:38:00.436		0.93361			4
2025.12.04	00:38:03.883		0.93359			4
2025.12.04	00:38:20.323		0.93361			4
2025.12.04	00:38:50.016	0.93284				2
2025.12.04	00:38:50.321		0.93358			4
2025.12.04	00:38:51.299	0.93283	0.93361			6
2025.12.04	00:38:55.587	0.93284				2
2025.12.04	00:39:00.087	0.93284				2
2025.12.04	00:39:10.587	0.93283				2
2025.12.04	00:39:11.086	0.93284				2
2025.12.04	00:39:12.089	0.93283				2
2025.12.04	00:39:12.597	0.93284				2
2025.12.04	00:39:13.087	0.93283				2
2025.12.04	00:39:13.585	0.93284				2
2025.12.04	00:39:14.086	0.93283				2
2025.12.04	00:39:14.596	0.93284				2
2025.12.04	00:39:21.088	0.93283				2
2025.12.04	00:39:21.597	0.93284				2
2025.12.04	00:39:51.413		0.93361			4
2025.12.04	00:39:55.481	0.93286				2
2025.12.04	00:40:00.422	0.93286				2
2025.12.04	00:40:02.436	0.93285				2
2025.12.04	00:40:03.936	0.93286				2
2025.12.04	00:40:04.437	0.93285				2
2025.12.04	00:40:04.764	0.93286				2
2025.12.04	00:40:09.936	0.93285				2
2025.12.04	00:40:10.324	0.93286				2
2025.12.04	00:40:11.937		0.93360			4
2025.12.04	00:40:12.281		0.93361			4
2025.12.04	00:40:12.951		0.93360			4
2025.12.04	00:40:13.441		0.93361			4
2025.12.04	00:41:00.151	0.93286	0.93360			6
2025.12.04	00:41:00.648		0.93361			4
2025.12.04	00:41:05.136	0.93287				2
2025.12.04	00:41:05.443	0.93286				2
2025.12.04	00:41:34.810		0.93360			4
2025.12.04	00:41:35.297		0.93361			4
2025.12.04	00:41:36.798		0.93360			4
2025.12.04	00:41:37.297		0.93361			4
2025.12.04	00:41:37.797		0.93360			4
2025.12.04	00:41:38.303		0.93361			4
2025.12.04	00:41:54.823	0.93287				2
2025.12.04	00:41:55.308	0.93286				2
2025.12.04	00:42:00.297	0.93286				2
2025.12.04	00:42:03.298	0.93287				2
2025.12.04	00:42:07.237	0.93286				2
2025.12.04	00:42:20.295	0.93287				2
2025.12.04	00:42:20.802	0.93286				2
2025.12.04	00:42:28.750	0.93287				2
2025.12.04	00:42:38.303		0.93361			4
2025.12.04	00:42:43.300	0.93286				2
2025.12.04	00:42:46.796	0.93287				2
2025.12.04	00:43:00.302	0.93287				2
2025.12.04	00:43:01.237	0.93286				2
2025.12.04	00:43:04.300	0.93287				2
2025.12.04	00:43:04.802	0.93286				2
2025.12.04	00:43:05.795	0.93287				2
2025.12.04	00:43:06.801	0.93286				2
2025.12.04	00:43:07.295	0.93287				2
2025.12.04	00:43:08.800	0.93286				2
2025.12.04	00:43:09.310	0.93287				2
2025.12.04	00:43:10.797	0.93286				2
2025.12.04	00:43:11.302	0.93287				2
2025.12.04	00:43:11.803	0.93286				2
2025.12.04	00:43:33.302	0.93287				2
2025.12.04	00:43:33.660	0.93286				2
2025.12.04	00:43:36.663	0.93287				2
2025.12.04	00:43:38.800		0.93361			4
2025.12.04	00:44:00.300	0.93287				2
2025.12.04	00:44:10.302	0.93288				2
2025.12.04	00:44:10.801	0.93287				2
2025.12.04	00:44:11.304	0.93288				2
2025.12.04	00:44:11.802	0.93287				2
2025.12.04	00:44:12.300	0.93288				2
2025.12.04	00:44:12.801	0.93287				2
2025.12.04	00:44:13.302	0.93288				2
2025.12.04	00:44:13.801	0.93287				2
2025.12.04	00:44:14.303	0.93288				2
2025.12.04	00:44:14.800	0.93287				2
2025.12.04	00:44:15.284	0.93288				2
2025.12.04	00:44:15.800	0.93287				2
2025.12.04	00:44:16.300	0.93288				2
2025.12.04	00:44:16.801	0.93287				2
2025.12.04	00:44:18.802	0.93288				2
2025.12.04	00:44:19.147	0.93287				2
2025.12.04	00:44:39.206		0.93361			4
2025.12.04	00:44:44.014	0.93286				2
2025.12.04	00:44:51.104	0.93287				2
2025.12.04	00:44:53.431		0.93368			4
2025.12.04	00:45:03.176	0.93275	0.93434			6
2025.12.04	00:45:06.586	0.93287	0.93368			6
2025.12.04	00:45:11.541	0.93305	0.93350			6
2025.12.04	00:45:16.312		0.93349			4
2025.12.04	00:45:20.907	0.93302	0.93347			6
2025.12.04	00:45:21.313	0.93301	0.93345			6
2025.12.04	00:45:22.800	0.93302				2
2025.12.04	00:45:23.533	0.93304				2
2025.12.04	00:45:23.872		0.93344			4
2025.12.04	00:45:24.712		0.93345			4
2025.12.04	00:45:28.345	0.93305	0.93347			6
2025.12.04	00:45:31.930		0.93346			4
2025.12.04	00:45:34.628	0.93304				2
2025.12.04	00:45:44.014		0.93349			4
2025.12.04	00:45:44.520		0.93350			4
2025.12.04	00:45:45.021		0.93347			4
2025.12.04	00:45:52.636		0.93346			4
2025.12.04	00:45:53.135		0.93345			4
2025.12.04	00:46:05.397	0.93304				2
2025.12.04	00:46:14.123	0.93303				2
2025.12.04	00:46:20.350	0.93304				2
2025.12.04	00:46:39.204	0.93303				2
2025.12.04	00:46:55.220		0.93345			4
2025.12.04	00:47:02.282	0.93303				2
2025.12.04	00:47:03.204	0.93292	0.93412			6
2025.12.04	00:47:06.615	0.93303	0.93345			6
2025.12.04	00:47:30.630		0.93349			4
2025.12.04	00:47:31.021		0.93347			4
2025.12.04	00:47:58.564		0.93349			4
2025.12.04	00:47:59.564		0.93346			4
2025.12.04	00:48:02.283	0.93303				2
2025.12.04	00:48:08.793	0.93304				2
2025.12.04	00:48:17.628		0.93348			4
2025.12.04	00:48:23.982	0.93305				2
2025.12.04	00:48:47.654	0.93304				2
2025.12.04	00:49:00.447	0.93304				2
2025.12.04	00:49:17.682	0.93303	0.93348			6
2025.12.04	00:49:21.898	0.93304				2
2025.12.04	00:49:25.847	0.93303				2
2025.12.04	00:49:26.192	0.93304	0.93365			6
2025.12.04	00:50:00.548	0.93304				2
2025.12.04	00:50:22.056	0.93303				2
2025.12.04	00:50:27.194	0.93304	0.93365			6
2025.12.04	00:50:30.076	0.93305				2
2025.12.04	00:50:36.388	0.93304				2
2025.12.04	00:50:40.380	0.93305				2
2025.12.04	00:51:02.230	0.93305				2
2025.12.04	00:51:11.236	0.93304				2
2025.12.04	00:51:11.746	0.93303				2
2025.12.04	00:51:19.336	0.93304				2
2025.12.04	00:51:20.342	0.93305				2
2025.12.04	00:51:29.382		0.93365			4
2025.12.04	00:51:30.335	0.93306				2
2025.12.04	00:51:44.486	0.93304				2
2025.12.04	00:51:44.813	0.93305				2
2025.12.04	00:51:47.619	0.93306				2
2025.12.04	00:51:48.730	0.93305				2
2025.12.04	00:51:51.921	0.93306				2
2025.12.04	00:51:52.917	0.93305				2
2025.12.04	00:51:53.417	0.93306				2
2025.12.04	00:51:53.918	0.93305				2
2025.12.04	00:52:00.628	0.93305				2
2025.12.04	00:52:24.236	0.93304				2
2025.12.04	00:52:25.785	0.93303				2
2025.12.04	00:52:31.543		0.93365			4
2025.12.04	00:52:41.382	0.93304				2
2025.12.04	00:52:45.554	0.93303				2
2025.12.04	00:52:48.583	0.93304				2
2025.12.04	00:52:52.282	0.93303				2
2025.12.04	00:52:52.600	0.93304				2
2025.12.04	00:53:01.062	0.93304				2
2025.12.04	00:53:13.013		0.93354			4
2025.12.04	00:53:17.308		0.93365			4
2025.12.04	00:53:28.102	0.93300				2
2025.12.04	00:53:30.203	0.93297				2
2025.12.04	00:53:34.068	0.93299				2
2025.12.04	00:53:34.663	0.93297				2
2025.12.04	00:53:35.066	0.93299				2
2025.12.04	00:53:41.733	0.93298				2
2025.12.04	00:53:43.791	0.93292				2
2025.12.04	00:53:45.424	0.93298				2
2025.12.04	00:53:47.019	0.93296				2
2025.12.04	00:53:49.531	0.93297				2
2025.12.04	00:54:00.281	0.93297				2
2025.12.04	00:54:11.335	0.93296				2
2025.12.04	00:54:12.137	0.93295				2
2025.12.04	00:54:18.568		0.93365			4
2025.12.04	00:54:54.882	0.93294				2
2025.12.04	00:55:00.390	0.93294				2
2025.12.04	00:55:03.238	0.93293				2
2025.12.04	00:55:04.807	0.93292				2
2025.12.04	00:55:18.846		0.93365			4
2025.12.04	00:55:35.965	0.93291				2
2025.12.04	00:55:41.588	0.93292				2
2025.12.04	00:55:43.994		0.93352			4
2025.12.04	00:55:45.387	0.93291	0.93353			6
2025.12.04	00:55:46.205		0.93354			4
2025.12.04	00:55:47.588		0.93365			4
2025.12.04	00:55:53.175	0.93292				2
2025.12.04	00:55:57.050	0.93291				2
2025.12.04	00:56:00.656	0.93291				2
2025.12.04	00:56:02.931	0.93292				2
2025.12.04	00:56:20.589	0.93293				2
2025.12.04	00:56:47.127	0.93294				2
2025.12.04	00:56:49.024		0.93365			4
2025.12.04	00:57:01.411	0.93294				2
2025.12.04	00:57:03.362	0.93295				2
2025.12.04	00:57:05.465	0.93293				2
2025.12.04	00:57:09.541	0.93292				2
2025.12.04	00:57:12.930	0.93294				2
2025.12.04	00:57:21.828	0.93296				2
2025.12.04	00:57:23.983	0.93295				2
2025.12.04	00:57:30.297	0.93294				2
2025.12.04	00:57:47.142	0.93295				2
2025.12.04	00:57:49.223		0.93365			4
2025.12.04	00:57:56.589	0.93293				2
2025.12.04	00:57:59.624	0.93294				2
2025.12.04	00:58:01.062	0.93295				2
2025.12.04	00:58:02.689		0.93361			4
2025.12.04	00:58:09.645	0.93293	0.93362			6
2025.12.04	00:58:14.717		0.93363			4
2025.12.04	00:58:24.170	0.93294	0.93362			6
2025.12.04	00:58:28.047	0.93295				2
2025.12.04	00:58:31.785		0.93361			4
2025.12.04	00:58:38.493		0.93359			4
2025.12.04	00:58:40.182	0.93294	0.93360			6
2025.12.04	00:58:44.875		0.93361			4
2025.12.04	00:58:47.693	0.93295	0.93362			6
2025.12.04	00:58:49.061	0.93294	0.93360			6
2025.12.04	00:58:51.728	0.93295	0.93362			6
2025.12.04	00:58:54.161		0.93361			4
2025.12.04	00:59:00.282	0.93295				2
2025.12.04	00:59:01.132		0.93363			4
2025.12.04	00:59:02.764	0.93296	0.93360			6
2025.12.04	00:59:05.538		0.93361			4
2025.12.04	00:59:14.913	0.93295				2
2025.12.04	00:59:17.760		0.93360			4
2025.12.04	00:59:20.246	0.93297	0.93365			6
2025.12.04	00:59:21.644	0.93295				2
2025.12.04	00:59:21.973	0.93294				2
2025.12.04	00:59:23.858		0.93355			4
2025.12.04	00:59:26.851		0.93357			4
2025.12.04	00:59:31.852	0.93290	0.93365			6
2025.12.04	00:59:32.158	0.93285				2
2025.12.04	00:59:33.671	0.93288				2
2025.12.04	00:59:35.236	0.93286				2
2025.12.04	00:59:35.538	0.93284				2
2025.12.04	00:59:35.845	0.93286				2
2025.12.04	00:59:36.158	0.93283				2
2025.12.04	00:59:36.460	0.93281				2
2025.12.04	00:59:36.780	0.93283				2
2025.12.04	00:59:37.085	0.93281				2
2025.12.04	00:59:37.402	0.93282				2
2025.12.04	00:59:38.350	0.93281				2
2025.12.04	00:59:38.659	0.93280				2
2025.12.04	00:59:38.969	0.93281				2
2025.12.04	00:59:39.280	0.93279				2
2025.12.04	00:59:39.582	0.93280				2
2025.12.04	00:59:41.582	0.93281				2
2025.12.04	00:59:41.898	0.93280				2
2025.12.04	00:59:47.998	0.93279				2
2025.12.04	00:59:58.297	0.93280				2
2025.12.04	01:00:00.150	0.93279	0.93343			6
2025.12.04	01:00:00.460	0.93271				2
2025.12.04	01:00:01.078		0.93333			4
2025.12.04	01:00:01.382	0.93270				2
2025.12.04	01:00:01.790	0.93276				2
2025.12.04	01:00:02.430	0.93275				2
2025.12.04	01:00:02.904	0.93279				2
2025.12.04	01:00:03.246	0.93276				2
2025.12.04	01:00:03.614	0.93264	0.93370			6
2025.12.04	01:00:03.935	0.93265	0.93375			6
2025.12.04	01:00:04.251	0.93266	0.93379			6
2025.12.04	01:00:04.556		0.93380			4
2025.12.04	01:00:04.891	0.93267	0.93379			6
2025.12.04	01:00:05.586	0.93268	0.93378			6
2025.12.04	01:00:05.896	0.93267	0.93377			6
2025.12.04	01:00:06.210		0.93378			4
2025.12.04	01:00:06.517	0.93266	0.93379			6
2025.12.04	01:00:06.837		0.93378			4
2025.12.04	01:00:07.141	0.93279	0.93332			6
2025.12.04	01:00:08.172	0.93278				2
2025.12.04	01:00:09.174	0.93280				2
2025.12.04	01:00:09.948	0.93281				2
2025.12.04	01:00:10.259	0.93282				2
2025.12.04	01:00:10.766	0.93284				2
2025.12.04	01:00:12.047		0.93331			4
2025.12.04	01:00:12.458	0.93281				2
2025.12.04	01:00:12.771	0.93285				2
2025.12.04	01:00:15.248		0.93330			4
2025.12.04	01:00:16.240	0.93294				2
2025.12.04	01:00:16.685	0.93293				2
2025.12.04	01:00:17.720		0.93331			4
2025.12.04	01:00:18.122	0.93292	0.93330			6
2025.12.04	01:00:18.437	0.93299	0.93332			6
2025.12.04	01:00:18.774	0.93303	0.93334			6
2025.12.04	01:00:19.085	0.93300	0.93335			6
2025.12.04	01:00:19.646	0.93299	0.93334			6
2025.12.04	01:00:19.970	0.93298				2
2025.12.04	01:00:20.387	0.93299	0.93338			6
2025.12.04	01:00:20.698		0.93340			4
2025.12.04	01:00:21.418	0.93298	0.93334			6
2025.12.04	01:00:23.461		0.93335			4
2025.12.04	01:00:23.783	0.93297				2
2025.12.04	01:00:25.188	0.93301				2
2025.12.04	01:00:26.131	0.93303	0.93333			6
2025.12.04	01:00:26.463	0.93313	0.93328			6
2025.12.04	01:00:26.780	0.93302				2
2025.12.04	01:00:27.287	0.93310	0.93327			6
2025.12.04	01:00:27.624	0.93302	0.93328			6
2025.12.04	01:00:27.966	0.93310	0.93327			6
2025.12.04	01:00:28.316	0.93302	0.93328			6
2025.12.04	01:00:28.664	0.93310	0.93327			6
2025.12.04	01:00:29.014	0.93302	0.93328			6
2025.12.04	01:00:29.347		0.93327			4
2025.12.04	01:00:29.703		0.93329			4
2025.12.04	01:00:30.025	0.93304	0.93332			6
2025.12.04	01:00:30.389		0.93333			4
2025.12.04	01:00:50.685		0.93331			4
2025.12.04	01:00:52.162		0.93329			4
2025.12.04	01:01:00.312	0.93305	0.93331			6
2025.12.04	01:01:00.629	0.93302	0.93328			6
2025.12.04	01:01:00.933	0.93303				2
2025.12.04	01:01:01.747	0.93302	0.93329			6
2025.12.04	01:01:02.058	0.93303				2
2025.12.04	01:01:03.458	0.93304				2
2025.12.04	01:01:03.883		0.93331			4
2025.12.04	01:01:04.227	0.93303	0.93330			6
2025.12.04	01:01:04.538		0.93329			4
2025.12.04	01:01:07.998	0.93304	0.93331			6
2025.12.04	01:01:11.545	0.93303				2
2025.12.04	01:01:14.083	0.93302				2
2025.12.04	01:01:14.889	0.93303				2
2025.12.04	01:01:15.383		0.93329			4
2025.12.04	01:01:15.698		0.93326			4
2025.12.04	01:01:16.432	0.93302				2
2025.12.04	01:01:16.866		0.93331			4
2025.12.04	01:01:17.617	0.93303	0.93330			6
2025.12.04	01:01:19.483		0.93328			4
2025.12.04	01:01:21.408	0.93304				2
2025.12.04	01:01:22.276	0.93305	0.93330			6
2025.12.04	01:01:23.792		0.93331			4
2025.12.04	01:01:26.260		0.93330			4
2025.12.04	01:01:30.364	0.93309	0.93333			6
2025.12.04	01:01:36.786	0.93306	0.93330			6
2025.12.04	01:01:41.408		0.93329			4
2025.12.04	01:01:47.200		0.93328			4
2025.12.04	01:01:48.933	0.93305				2
2025.12.04	01:01:51.222		0.93329			4
2025.12.04	01:01:56.410		0.93327			4
2025.12.04	01:01:56.985		0.93328			4
2025.12.04	01:02:00.428	0.93305	0.93327			6
2025.12.04	01:02:09.283	0.93306				2
2025.12.04	01:02:10.991	0.93305				2
2025.12.04	01:02:18.585	0.93306				2
2025.12.04	01:02:21.742		0.93326			4
2025.12.04	01:02:23.522	0.93302	0.93324			6
2025.12.04	01:02:24.870		0.93323			4
2025.12.04	01:02:26.546		0.93322			4
2025.12.04	01:02:28.483		0.93321			4
2025.12.04	01:02:31.409	0.93299	0.93319			6
2025.12.04	01:02:32.917	0.93298	0.93317			6
2025.12.04	01:02:33.645	0.93299	0.93318			6
2025.12.04	01:02:36.002	0.93297	0.93316			6
2025.12.04	01:02:36.343	0.93298	0.93317			6
2025.12.04	01:02:37.777	0.93299				2
2025.12.04	01:02:38.281	0.93298	0.93313			6
2025.12.04	01:02:39.079		0.93316			4
2025.12.04	01:02:40.681	0.93297				2
2025.12.04	01:02:41.472	0.93298				2
2025.12.04	01:02:43.183	0.93299				2
2025.12.04	01:02:44.913	0.93298				2
2025.12.04	01:02:45.717	0.93299				2
2025.12.04	01:02:46.353		0.93317			4
2025.12.04	01:02:46.779	0.93298	0.93315			6
2025.12.04	01:02:50.539		0.93318			4
2025.12.04	01:02:50.840	0.93300	0.93319			6
2025.12.04	01:02:56.984	0.93301				2
2025.12.04	01:02:57.977	0.93299	0.93318			6
2025.12.04	01:03:00.433	0.93299				2
2025.12.04	01:03:01.784		0.93317			4
2025.12.04	01:03:04.795	0.93297	0.93314			6
2025.12.04	01:03:05.686	0.93298	0.93313			6
2025.12.04	01:03:06.846	0.93296	0.93314			6
2025.12.04	01:03:08.230	0.93298				2
2025.12.04	01:03:08.684	0.93296	0.93313			6
2025.12.04	01:03:09.974		0.93314			4
2025.12.04	01:03:15.297	0.93297	0.93313			6
2025.12.04	01:03:16.484	0.93298				2
2025.12.04	01:03:18.885	0.93299	0.93316			6
2025.12.04	01:03:27.583		0.93315			4
2025.12.04	01:03:56.982	0.93300				2
2025.12.04	01:04:00.606	0.93299	0.93314			6
2025.12.04	01:04:04.388	0.93298				2
2025.12.04	01:04:12.921	0.93304	0.93310			6
2025.12.04	01:04:16.325	0.93299	0.93313			6
2025.12.04	01:04:17.382	0.93298				2
2025.12.04	01:04:20.082	0.93299				2
2025.12.04	01:04:21.546	0.93298	0.93314			6
2025.12.04	01:04:35.683	0.93299				2
2025.12.04	01:04:36.836	0.93303	0.93309			6
2025.12.04	01:04:40.255	0.93299	0.93314			6
2025.12.04	01:04:46.783	0.93300				2
2025.12.04	01:04:50.982	0.93299				2
2025.12.04	01:04:51.960	0.93300				2
2025.12.04	01:05:00.370	0.93300				2
2025.12.04	01:05:04.948	0.93302	0.93315			6
2025.12.04	01:05:05.260	0.93301				2
2025.12.04	01:05:05.581	0.93300	0.93312			6
2025.12.04	01:05:09.344	0.93301				2
2025.12.04	01:05:10.811	0.93300				2
2025.12.04	01:05:11.982	0.93301	0.93313			6
2025.12.04	01:05:14.383	0.93302				2
2025.12.04	01:05:15.381	0.93300	0.93312			6
2025.12.04	01:05:22.367	0.93299	0.93310			6
2025.12.04	01:05:22.699		0.93312			4
2025.12.04	01:05:30.366	0.93300				2
2025.12.04	01:05:31.523	0.93299				2
2025.12.04	01:05:33.394	0.93300				2
2025.12.04	01:05:43.533	0.93301				2
2025.12.04	01:05:45.367	0.93303	0.93314			6
2025.12.04	01:05:49.677		0.93313			4
2025.12.04	01:05:54.613	0.93301				2
2025.12.04	01:05:55.546	0.93303	0.93315			6
2025.12.04	01:06:00.705	0.93302	0.93313			6
2025.12.04	01:06:03.829	0.93301				2
2025.12.04	01:06:08.299	0.93303	0.93314			6
2025.12.04	01:06:11.083	0.93301	0.93313			6
2025.12.04	01:06:11.470		0.93312			4
2025.12.04	01:06:15.999	0.93300				2
2025.12.04	01:06:17.083		0.93311			4
2025.12.04	01:06:27.583	0.93299				2
2025.12.04	01:06:41.386	0.93300				2
2025.12.04	01:06:46.526	0.93302	0.93313			6
2025.12.04	01:06:46.855		0.93312			4
2025.12.04	01:06:47.160		0.93314			4
2025.12.04	01:06:47.728		0.93313			4
2025.12.04	01:06:48.327		0.93314			4
2025.12.04	01:06:50.128		0.93313			4
2025.12.04	01:06:52.294	0.93300	0.93312			6
2025.12.04	01:06:52.658	0.93302	0.93314			6
2025.12.04	01:06:56.408		0.93313			4
2025.12.04	01:06:59.085		0.93314			4
2025.12.04	01:07:00.700	0.93302				2
2025.12.04	01:07:03.474	0.93301				2
2025.12.04	01:07:11.385	0.93302	0.93313			6
2025.12.04	01:07:12.723	0.93301	0.93314			6
2025.12.04	01:07:17.683		0.93313			4
2025.12.04	01:07:22.483	0.93302				2
2025.12.04	01:07:57.375	0.93300	0.93312			6
2025.12.04	01:07:58.782		0.93311			4
2025.12.04	01:08:00.696	0.93300				2
2025.12.04	01:08:15.379	0.93301				2
2025.12.04	01:08:47.083	0.93300				2
2025.12.04	01:08:48.883	0.93301				2
2025.12.04	01:08:51.165	0.93299	0.93312			6
2025.12.04	01:08:52.246	0.93300				2
2025.12.04	01:09:00.377	0.93300				2
2025.12.04	01:09:21.376		0.93311			4
2025.12.04	01:09:23.982		0.93312			4
2025.12.04	01:09:27.282		0.93311			4
2025.12.04	01:09:40.783		0.93312			4
2025.12.04	01:09:43.485	0.93299				2
2025.12.04	01:09:45.365	0.93303	0.93314			6
2025.12.04	01:10:00.303	0.93305	0.93315			6
2025.12.04	01:10:00.647		0.93317			4
2025.12.04	01:10:42.019	0.93304	0.93316			6
2025.12.04	01:10:42.372	0.93302	0.93314			6
2025.12.04	01:10:43.126	0.93303				2
2025.12.04	01:10:44.461	0.93304				2
2025.12.04	01:10:47.582		0.93315			4
2025.12.04	01:10:47.982		0.93316			4
2025.12.04	01:10:48.548	0.93305				2
2025.12.04	01:10:51.192	0.93306				2
2025.12.04	01:10:52.662	0.93304				2
2025.12.04	01:10:52.979	0.93305				2
2025.12.04	01:10:54.636	0.93304	0.93313			6
2025.12.04	01:10:55.003		0.93314			4
2025.12.04	01:10:55.465	0.93306	0.93317			6
2025.12.04	01:10:55.856		0.93316			4
2025.12.04	01:10:56.362		0.93317			4
2025.12.04	01:10:57.056		0.93318			4
2025.12.04	01:10:57.572		0.93317			4
2025.12.04	01:10:57.883		0.93318			4
2025.12.04	01:10:58.244		0.93317			4
2025.12.04	01:10:59.675	0.93307	0.93316			6
2025.12.04	01:11:00.633	0.93306	0.93317			6
2025.12.04	01:11:01.882	0.93307				2
2025.12.04	01:11:05.682	0.93306				2
2025.12.04	01:11:13.258		0.93318			4
2025.12.04	01:11:17.568	0.93307	0.93316			6
2025.12.04	01:11:19.858		0.93317			4
2025.12.04	01:11:22.185		0.93316			4
2025.12.04	01:11:26.737		0.93317			4
2025.12.04	01:11:33.175		0.93318			4
2025.12.04	01:11:38.212	0.93304	0.93314			6
2025.12.04	01:11:38.919	0.93300				2
2025.12.04	01:11:40.206	0.93304	0.93315			6
2025.12.04	01:11:41.210	0.93301	0.93314			6
2025.12.04	01:11:44.085	0.93302				2
2025.12.04	01:11:58.503	0.93301				2
2025.12.04	01:12:00.269	0.93301				2
2025.12.04	01:12:01.182	0.93302				2
2025.12.04	01:12:26.210		0.93313			4
2025.12.04	01:12:39.329	0.93301				2
2025.12.04	01:12:39.894	0.93302	0.93312			6
2025.12.04	01:12:42.282	0.93301				2
2025.12.04	01:12:45.356	0.93307	0.93317			6
2025.12.04	01:12:47.377	0.93305	0.93316			6
2025.12.04	01:12:50.611	0.93301	0.93310			6
2025.12.04	01:12:51.949	0.93299				2
2025.12.04	01:12:53.984	0.93301				2
2025.12.04	01:12:55.050		0.93312			4
2025.12.04	01:12:55.964		0.93311			4
2025.12.04	01:12:56.777	0.93302	0.93313			6
2025.12.04	01:13:00.282	0.93301	0.93312			6
2025.12.04	01:13:00.598	0.93299	0.93309			6
2025.12.04	01:13:07.700	0.93300	0.93310			6
2025.12.04	01:13:08.984		0.93309			4
2025.12.04	01:13:14.985		0.93310			4
2025.12.04	01:13:17.385	0.93301				2
2025.12.04	01:13:20.982	0.93300	0.93309			6
2025.12.04	01:13:21.561		0.93310			4
2025.12.04	01:13:24.421	0.93301				2
2025.12.04	01:13:28.783	0.93300				2
2025.12.04	01:13:30.538		0.93309			4
2025.12.04	01:13:42.354	0.93299				2
2025.12.04	01:13:42.676	0.93300				2
2025.12.04	01:13:56.890		0.93311			4
2025.12.04	01:13:57.994	0.93301	0.93312			6
2025.12.04	01:14:00.352	0.93300				2
2025.12.04	01:14:00.703	0.93297	0.93308			6
2025.12.04	01:14:12.574	0.93298	0.93307			6
2025.12.04	01:14:20.513		0.93309			4
2025.12.04	01:14:20.982		0.93307			4
2025.12.04	01:14:21.905		0.93309			4
2025.12.04	01:14:22.240		0.93307			4
2025.12.04	01:14:28.611		0.93308			4
2025.12.04	01:14:31.420		0.93307			4
2025.12.04	01:14:35.289	0.93299	0.93309			6
2025.12.04	01:14:36.283	0.93300	0.93308			6
2025.12.04	01:14:45.358		0.93310			4
2025.12.04	01:14:46.559		0.93312			4
2025.12.04	01:14:48.583	0.93301	0.93311			6
2025.12.04	01:15:00.307	0.93299	0.93309			6
2025.12.04	01:15:28.559	0.93300				2
2025.12.04	01:15:34.604	0.93299				2
2025.12.04	01:15:36.929	0.93297				2
2025.12.04	01:15:37.950	0.93299				2
2025.12.04	01:15:45.377	0.93300				2
2025.12.04	01:15:55.355	0.93301				2
2025.12.04	01:15:56.049	0.93300	0.93310			6
2025.12.04	01:16:01.654	0.93300				2
2025.12.04	01:16:01.977		0.93309			4
2025.12.04	01:16:02.989		0.93310			4
2025.12.04	01:16:03.617		0.93309			4
2025.12.04	01:16:04.022		0.93310			4
2025.12.04	01:16:05.383	0.93301	0.93309			6
2025.12.04	01:16:07.131	0.93300	0.93310			6
2025.12.04	01:16:08.284		0.93309			4
2025.12.04	01:16:08.689	0.93301	0.93310			6
2025.12.04	01:16:11.326	0.93300				2
2025.12.04	01:16:12.574		0.93309			4
2025.12.04	01:16:14.093	0.93301	0.93310			6
2025.12.04	01:16:17.131	0.93300				2
2025.12.04	01:16:19.106		0.93309			4
2025.12.04	01:16:20.339	0.93301	0.93310			6
2025.12.04	01:16:20.708	0.93300				2
2025.12.04	01:16:22.292		0.93311			4
2025.12.04	01:16:22.781	0.93301	0.93310			6
2025.12.04	01:16:23.346	0.93300				2
2025.12.04	01:16:23.820	0.93301				2
2025.12.04	01:16:24.852	0.93300	0.93309			6
2025.12.04	01:16:25.332		0.93308			4
2025.12.04	01:16:25.888		0.93309			4
2025.12.04	01:16:26.460	0.93301	0.93310			6
2025.12.04	01:16:26.922	0.93300	0.93309			6
2025.12.04	01:16:27.490		0.93310			4
2025.12.04	01:16:28.527		0.93308			4
2025.12.04	01:16:28.862		0.93310			4
2025.12.04	01:16:30.600	0.93301				2
2025.12.04	01:16:31.069	0.93300				2
2025.12.04	01:16:32.105	0.93301				2
2025.12.04	01:16:32.672	0.93300				2
2025.12.04	01:16:33.140		0.93309			4
2025.12.04	01:16:33.712		0.93308			4
2025.12.04	01:16:34.177		0.93309			4
2025.12.04	01:16:34.743		0.93310			4
2025.12.04	01:16:35.073		0.93309			4
2025.12.04	01:16:36.256	0.93301	0.93310			6
2025.12.04	01:16:36.817	0.93300				2
2025.12.04	01:16:41.996	0.93301				2
2025.12.04	01:16:44.068	0.93300				2
2025.12.04	01:16:49.479		0.93312			4
2025.12.04	01:16:50.452	0.93303	0.93314			6
2025.12.04	01:16:50.831		0.93313			4
2025.12.04	01:16:55.042	0.93304				2
2025.12.04	01:16:56.888	0.93303				2
2025.12.04	01:16:58.151	0.93304				2
2025.12.04	01:16:59.265	0.93303				2
2025.12.04	01:17:00.418	0.93304				2
2025.12.04	01:17:01.584	0.93303	0.93315			6
2025.12.04	01:17:02.822		0.93313			4
2025.12.04	01:17:07.030	0.93302				2
2025.12.04	01:17:11.372	0.93304	0.93314			6
2025.12.04	01:17:12.339	0.93305				2
2025.12.04	01:17:26.401	0.93304				2
2025.12.04	01:17:26.913	0.93305				2
2025.12.04	01:17:28.767		0.93313			4
2025.12.04	01:17:29.146		0.93314			4
2025.12.04	01:17:33.464	0.93304				2
2025.12.04	01:17:33.802		0.93313			4
2025.12.04	01:17:35.084		0.93312			4
2025.12.04	01:17:43.123	0.93298	0.93308			6
2025.12.04	01:17:44.496		0.93307			4
2025.12.04	01:17:45.228		0.93308			4
2025.12.04	01:17:45.781		0.93307			4
2025.12.04	01:17:46.306		0.93306			4
2025.12.04	01:17:46.692		0.93307			4
2025.12.04	01:17:47.534		0.93308			4
2025.12.04	01:17:50.607		0.93307			4
2025.12.04	01:17:51.047		0.93308			4
2025.12.04	01:17:52.495	0.93297				2
2025.12.04	01:17:52.863	0.93298				2
2025.12.04	01:17:53.877		0.93307			4
2025.12.04	01:17:54.201		0.93308			4
2025.12.04	01:17:54.819	0.93297				2
2025.12.04	01:17:56.383	0.93298				2
2025.12.04	01:17:57.892	0.93297				2
2025.12.04	01:17:59.682	0.93298				2
2025.12.04	01:18:00.536	0.93297				2
2025.12.04	01:18:01.775	0.93298				2
2025.12.04	01:18:05.118		0.93307			4
2025.12.04	01:18:05.696		0.93308			4
2025.12.04	01:18:08.897	0.93297				2
2025.12.04	01:18:11.100	0.93298				2
2025.12.04	01:18:12.005	0.93297				2
2025.12.04	01:18:13.826	0.93296	0.93307			6
2025.12.04	01:18:14.133	0.93297	0.93306			6
2025.12.04	01:18:14.438		0.93305			4
2025.12.04	01:18:17.093	0.93296	0.93307			6
2025.12.04	01:18:17.645		0.93306			4
2025.12.04	01:18:18.866	0.93297	0.93305			6
2025.12.04	01:18:22.271	0.93296	0.93307			6
2025.12.04	01:18:25.471	0.93297	0.93306			6
2025.12.04	01:18:28.881		0.93305			4
2025.12.04	01:18:31.689	0.93296	0.93307			6
2025.12.04	01:18:32.724	0.93297	0.93306			6
2025.12.04	01:18:34.797	0.93296	0.93307			6
2025.12.04	01:18:35.684	0.93297	0.93306			6
2025.12.04	01:18:36.869	0.93296	0.93307			6
2025.12.04	01:18:37.905	0.93297	0.93306			6
2025.12.04	01:18:39.977	0.93296	0.93307			6
2025.12.04	01:18:41.012	0.93297	0.93306			6
2025.12.04	01:18:44.120	0.93296	0.93307			6
2025.12.04	01:18:45.288	0.93297				2
2025.12.04	01:18:47.984	0.93298				2
2025.12.04	01:18:48.903		0.93306			4
2025.12.04	01:18:50.736		0.93307			4
2025.12.04	01:18:57.883	0.93297				2
2025.12.04	01:19:00.425	0.93297				2
2025.12.04	01:19:09.540		0.93306			4
2025.12.04	01:19:23.254	0.93298				2
2025.12.04	01:19:24.225	0.93297	0.93305			6
2025.12.04	01:19:26.815		0.93306			4
2025.12.04	01:19:33.597		0.93305			4
2025.12.04	01:19:45.377	0.93298	0.93307			6
2025.12.04	01:19:48.303		0.93308			4
2025.12.04	01:20:00.334	0.93298				2
2025.12.04	01:20:08.470		0.93307			4
2025.12.04	01:20:10.751		0.93308			4
2025.12.04	01:20:23.278		0.93307			4
2025.12.04	01:21:00.247	0.93298				2
2025.12.04	01:21:09.125	0.93295	0.93304			6
2025.12.04	01:21:09.444	0.93296				2
2025.12.04	01:21:10.531	0.93295	0.93305			6
2025.12.04	01:21:19.841	0.93294				2
2025.12.04	01:21:23.010	0.93295	0.93304			6
2025.12.04	01:21:23.982	0.93294	0.93305			6
2025.12.04	01:21:26.217		0.93304			4
2025.12.04	01:21:26.518		0.93305			4
2025.12.04	01:21:28.344	0.93295	0.93304			6
2025.12.04	01:21:28.742	0.93294	0.93305			6
2025.12.04	01:21:29.063	0.93295	0.93304			6
2025.12.04	01:21:29.481	0.93294	0.93305			6
2025.12.04	01:21:30.332		0.93304			4
2025.12.04	01:21:31.374		0.93305			4
2025.12.04	01:21:32.403	0.93295	0.93304			6
2025.12.04	01:21:32.792	0.93294	0.93305			6
2025.12.04	01:21:33.421	0.93295	0.93304			6
2025.12.04	01:21:33.825	0.93294	0.93305			6
2025.12.04	01:21:34.211	0.93295	0.93304			6
2025.12.04	01:21:34.535	0.93294	0.93305			6
2025.12.04	01:21:39.397		0.93304			4
2025.12.04	01:21:39.722		0.93305			4
2025.12.04	01:21:42.763		0.93304			4
2025.12.04	01:21:43.985	0.93295	0.93305			6
2025.12.04	01:21:44.804	0.93294	0.93304			6
2025.12.04	01:21:45.123	0.93296	0.93305			6
2025.12.04	01:21:45.428	0.93295				2
2025.12.04	01:21:45.943		0.93304			4
2025.12.04	01:21:46.351	0.93296	0.93305			6
2025.12.04	01:21:49.027	0.93294				2
2025.12.04	01:21:49.338		0.93304			4
2025.12.04	01:21:49.726	0.93296	0.93305			6
2025.12.04	01:21:51.675	0.93297				2
2025.12.04	01:21:52.486	0.93296	0.93304			6
2025.12.04	01:21:52.865	0.93297	0.93305			6
2025.12.04	01:21:54.584	0.93296	0.93304			6
2025.12.04	01:21:54.939	0.93297	0.93305			6
2025.12.04	01:21:56.682	0.93296	0.93304			6
2025.12.04	01:21:57.001	0.93297	0.93305			6
2025.12.04	01:21:59.844	0.93298				2
2025.12.04	01:22:00.431	0.93296	0.93304			6
2025.12.04	01:22:01.084	0.93295				2
2025.12.04	01:22:02.078	0.93297				2
2025.12.04	01:22:04.216	0.93295				2
2025.12.04	01:22:04.962	0.93294				2
2025.12.04	01:22:05.277	0.93297				2
2025.12.04	01:22:05.578	0.93294				2
2025.12.04	01:22:06.030	0.93295				2
2025.12.04	01:22:06.478	0.93297				2
2025.12.04	01:22:06.903	0.93296	0.93305			6
2025.12.04	01:22:07.618	0.93294	0.93304			6
2025.12.04	01:22:08.383	0.93296	0.93305			6
2025.12.04	01:22:09.816	0.93294	0.93304			6
2025.12.04	01:22:10.138	0.93297				2
2025.12.04	01:22:10.454	0.93296	0.93305			6
2025.12.04	01:22:11.247	0.93294				2
2025.12.04	01:22:11.624	0.93296	0.93304			6
2025.12.04	01:22:12.008	0.93295	0.93305			6
2025.12.04	01:22:12.697	0.93294	0.93304			6
2025.12.04	01:22:13.301	0.93296	0.93305			6
2025.12.04	01:22:13.603	0.93295				2
2025.12.04	01:22:14.114	0.93296	0.93306			6
2025.12.04	01:22:15.499		0.93305			4
2025.12.04	01:22:15.806	0.93297	0.93306			6
2025.12.04	01:22:17.585	0.93295				2
2025.12.04	01:22:17.949	0.93297				2
2025.12.04	01:22:18.622	0.93296	0.93305			6
2025.12.04	01:22:18.926		0.93306			4
2025.12.04	01:22:20.696		0.93305			4
2025.12.04	01:22:20.997		0.93306			4
2025.12.04	01:22:22.646	0.93298	0.93305			6
2025.12.04	01:22:22.958	0.93296	0.93306			6
2025.12.04	01:22:25.853	0.93297	0.93305			6
2025.12.04	01:22:26.167	0.93296	0.93306			6
2025.12.04	01:22:26.973	0.93297	0.93305			6
2025.12.04	01:22:27.822	0.93294				2
2025.12.04	01:22:28.139	0.93295	0.93306			6
2025.12.04	01:22:29.160	0.93294	0.93305			6
2025.12.04	01:22:29.498	0.93296				2
2025.12.04	01:22:29.802	0.93294				2
2025.12.04	01:22:30.145	0.93295	0.93306			6
2025.12.04	01:22:31.183	0.93294	0.93305			6
2025.12.04	01:22:31.572		0.93306			4
2025.12.04	01:22:31.877	0.93296	0.93305			6
2025.12.04	01:22:32.203	0.93295	0.93306			6
2025.12.04	01:22:33.189	0.93294	0.93305			6
2025.12.04	01:22:33.643	0.93296				2
2025.12.04	01:22:33.966	0.93295	0.93306			6
2025.12.04	01:22:37.136		0.93305			4
2025.12.04	01:22:37.462		0.93306			4
2025.12.04	01:22:38.211		0.93305			4
2025.12.04	01:22:38.725	0.93294	0.93306			6
2025.12.04	01:22:39.535		0.93305			4
2025.12.04	01:22:39.859	0.93295	0.93306			6
2025.12.04	01:22:40.336		0.93307			4
2025.12.04	01:22:40.775	0.93294	0.93306			6
2025.12.04	01:22:41.095	0.93295	0.93307			6
2025.12.04	01:22:41.978	0.93294	0.93306			6
2025.12.04	01:22:42.626	0.93295	0.93307			6
2025.12.04	01:22:43.128	0.93294	0.93306			6
2025.12.04	01:22:43.439	0.93296				2
2025.12.04	01:22:43.812	0.93295	0.93307			6
2025.12.04	01:22:44.480	0.93294	0.93306			6
2025.12.04	01:22:44.786	0.93295	0.93307			6
2025.12.04	01:22:45.754	0.93294	0.93306			6
2025.12.04	01:22:46.727	0.93295	0.93307			6
2025.12.04	01:22:47.795	0.93294	0.93306			6
2025.12.04	01:22:48.146	0.93296	0.93307			6
2025.12.04	01:22:49.315		0.93306			4
2025.12.04	01:22:50.200	0.93294				2
2025.12.04	01:22:50.541	0.93296				2
2025.12.04	01:22:53.650	0.93294				2
2025.12.04	01:22:54.302	0.93296	0.93307			6
2025.12.04	01:22:55.465		0.93306			4
2025.12.04	01:22:55.784		0.93307			4
2025.12.04	01:22:56.697	0.93294	0.93305			6
2025.12.04	01:22:57.085		0.93306			4
2025.12.04	01:22:58.051	0.93297				2
2025.12.04	01:22:58.748		0.93305			4
2025.12.04	01:22:59.093	0.93295	0.93306			6
2025.12.04	01:23:00.065	0.93295				2
2025.12.04	01:23:01.380	0.93297	0.93308			6
2025.12.04	01:23:02.063	0.93296	0.93307			6
2025.12.04	01:23:14.408		0.93308			4
2025.12.04	01:23:17.459		0.93307			4
2025.12.04	01:23:22.140		0.93308			4
2025.12.04	01:23:24.286	0.93298				2
2025.12.04	01:23:25.124	0.93296				2
2025.12.04	01:23:26.518	0.93298				2
2025.12.04	01:23:27.791	0.93296				2
2025.12.04	01:23:30.035	0.93298				2
2025.12.04	01:23:31.283	0.93296				2
2025.12.04	01:23:32.497	0.93298				2
2025.12.04	01:23:33.016	0.93296				2
2025.12.04	01:23:33.667	0.93298				2
2025.12.04	01:23:33.990	0.93299				2
2025.12.04	01:23:34.891	0.93297				2
2025.12.04	01:23:44.149	0.93299				2
2025.12.04	01:23:45.034	0.93297				2
2025.12.04	01:23:45.381	0.93299				2
2025.12.04	01:23:46.416	0.93297				2
2025.12.04	01:23:47.128	0.93299				2
2025.12.04	01:23:47.969	0.93297				2
2025.12.04	01:23:48.612	0.93299				2
2025.12.04	01:23:49.826	0.93300				2
2025.12.04	01:23:50.150	0.93299				2
2025.12.04	01:23:50.681	0.93297				2
2025.12.04	01:23:51.074	0.93299				2
2025.12.04	01:23:51.471	0.93300				2
2025.12.04	01:23:52.056	0.93298				2
2025.12.04	01:23:52.372	0.93299				2
2025.12.04	01:23:56.642	0.93298				2
2025.12.04	01:23:56.966	0.93300				2
2025.12.04	01:23:58.137	0.93297				2
2025.12.04	01:23:58.454	0.93300				2
2025.12.04	01:24:00.604	0.93297				2
2025.12.04	01:24:00.934	0.93300				2
2025.12.04	01:24:03.180	0.93297				2
2025.12.04	01:24:03.915	0.93300				2
2025.12.04	01:24:11.098	0.93299				2
2025.12.04	01:24:14.453	0.93298				2
2025.12.04	01:24:21.120	0.93296				2
2025.12.04	01:24:21.530	0.93298				2
2025.12.04	01:24:22.803	0.93296	0.93308			6
2025.12.04	01:24:23.213	0.93298				2
2025.12.04	01:24:24.350	0.93296				2
2025.12.04	01:24:25.415	0.93299				2
2025.12.04	01:24:25.719	0.93296				2
2025.12.04	01:24:26.063	0.93299				2
2025.12.04	01:24:36.588	0.93298				2
2025.12.04	01:25:04.150	0.93298				2
2025.12.04	01:25:05.398	0.93295				2
2025.12.04	01:25:15.583	0.93296				2
2025.12.04	01:25:23.907		0.93308			4
2025.12.04	01:25:38.606		0.93307			4
2025.12.04	01:25:40.358	0.93298	0.93308			6
2025.12.04	01:25:46.375	0.93296	0.93307			6
2025.12.04	01:25:46.900	0.93297	0.93306			6
2025.12.04	01:25:47.910		0.93307			4
2025.12.04	01:25:49.950	0.93296	0.93308			6
2025.12.04	01:25:51.792	0.93297	0.93307			6
2025.12.04	01:25:52.146	0.93296	0.93308			6
2025.12.04	01:25:54.095	0.93297	0.93307			6
2025.12.04	01:25:56.906	0.93296	0.93308			6
2025.12.04	01:25:58.555	0.93297	0.93307			6
2025.12.04	01:26:00.156	0.93297				2
2025.12.04	01:26:02.739	0.93296	0.93308			6
2025.12.04	01:26:04.771	0.93295	0.93306			6
2025.12.04	01:26:05.134	0.93297	0.93307			6
2025.12.04	01:26:06.045	0.93300	0.93311			6
2025.12.04	01:26:06.348	0.93301	0.93309			6
2025.12.04	01:26:06.715	0.93299	0.93311			6
2025.12.04	01:26:14.880	0.93303	0.93313			6
2025.12.04	01:26:15.198	0.93302				2
2025.12.04	01:26:15.502	0.93303				2
2025.12.04	01:26:16.153	0.93302				2
2025.12.04	01:26:16.490	0.93303				2
2025.12.04	01:26:20.514	0.93302				2
2025.12.04	01:26:21.061	0.93303	0.93315			6
2025.12.04	01:26:21.584	0.93299	0.93311			6
2025.12.04	01:26:22.417	0.93301	0.93310			6
2025.12.04	01:26:22.753	0.93300	0.93311			6
2025.12.04	01:26:23.657	0.93299				2
2025.12.04	01:26:24.698	0.93300				2
2025.12.04	01:26:25.735		0.93310			4
2025.12.04	01:26:27.164	0.93299	0.93311			6
2025.12.04	01:26:27.824		0.93310			4
2025.12.04	01:26:28.759	0.93301	0.93311			6
2025.12.04	01:26:29.778		0.93312			4
2025.12.04	01:26:30.930		0.93311			4
2025.12.04	01:26:34.145	0.93300	0.93312			6
2025.12.04	01:26:34.992	0.93301	0.93311			6
2025.12.04	01:26:35.332	0.93300	0.93312			6
2025.12.04	01:26:37.274	0.93301	0.93311			6
2025.12.04	01:26:40.376	0.93300	0.93312			6
2025.12.04	01:26:43.489	0.93301				2
2025.12.04	01:26:44.264		0.93311			4
2025.12.04	01:26:44.654	0.93300	0.93312			6
2025.12.04	01:26:45.375	0.93301	0.93311			6
2025.12.04	01:26:50.530	0.93306	0.93314			6
2025.12.04	01:26:50.832	0.93304	0.93316			6
2025.12.04	01:26:52.890		0.93315			4
2025.12.04	01:26:53.205		0.93316			4
2025.12.04	01:26:54.104	0.93303				2
2025.12.04	01:26:55.845	0.93306	0.93319			6
2025.12.04	01:26:56.157	0.93308				2
2025.12.04	01:26:57.215	0.93307	0.93321			6
2025.12.04	01:27:00.316	0.93310				2
2025.12.04	01:27:00.621	0.93307				2
2025.12.04	01:27:02.125		0.93320			4
2025.12.04	01:27:07.305	0.93309				2
2025.12.04	01:27:08.352	0.93311				2
2025.12.04	01:27:08.734	0.93309				2
2025.12.04	01:27:09.455	0.93310				2
2025.12.04	01:27:11.516	0.93309				2
2025.12.04	01:27:13.646	0.93310				2
2025.12.04	01:27:15.728	0.93309				2
2025.12.04	01:27:20.313	0.93308				2
2025.12.04	01:27:28.783	0.93309				2
2025.12.04	01:27:29.514		0.93319			4
2025.12.04	01:27:30.623	0.93308				2
2025.12.04	01:27:31.667		0.93318			4
2025.12.04	01:27:32.173	0.93307	0.93319			6
2025.12.04	01:27:32.692	0.93309	0.93318			6
2025.12.04	01:27:33.859	0.93310	0.93319			6
2025.12.04	01:27:36.579		0.93318			4
2025.12.04	01:27:37.549		0.93319			4
2025.12.04	01:27:49.388		0.93318			4
2025.12.04	01:27:50.816		0.93319			4
2025.12.04	01:27:51.469		0.93318			4
2025.12.04	01:27:53.542		0.93319			4
2025.12.04	01:27:54.569		0.93318			4
2025.12.04	01:27:55.606		0.93319			4
2025.12.04	01:27:56.648		0.93318			4
2025.12.04	01:28:00.614	0.93310				2
2025.12.04	01:28:04.551	0.93308	0.93317			6
2025.12.04	01:28:04.872		0.93318			4
2025.12.04	01:28:12.544	0.93309				2
2025.12.04	01:28:13.164	0.93308	0.93319			6
2025.12.04	01:28:15.103	0.93309	0.93318			6
2025.12.04	01:28:16.459	0.93308	0.93319			6
2025.12.04	01:28:17.302	0.93309	0.93318			6
2025.12.04	01:28:18.207	0.93308	0.93319			6
2025.12.04	01:28:29.085		0.93318			4
2025.12.04	01:28:30.093		0.93319			4
2025.12.04	01:28:31.223	0.93307				2
2025.12.04	01:28:35.495	0.93308	0.93318			6
2025.12.04	01:28:37.565	0.93309	0.93319			6
2025.12.04	01:28:39.644	0.93310	0.93318			6
2025.12.04	01:28:40.023	0.93309				2
2025.12.04	01:28:40.488	0.93308	0.93319			6
2025.12.04	01:28:40.903		0.93318			4
2025.12.04	01:28:41.911	0.93307				2
2025.12.04	01:28:42.412	0.93308	0.93319			6
2025.12.04	01:28:42.976	0.93307				2
2025.12.04	01:28:44.012		0.93318			4
2025.12.04	01:28:45.380	0.93308	0.93319			6
2025.12.04	01:28:55.347		0.93318			4
2025.12.04	01:28:56.563		0.93319			4
2025.12.04	01:28:59.578	0.93309				2
2025.12.04	01:29:00.534	0.93307	0.93318			6
2025.12.04	01:29:01.656	0.93306	0.93319			6
2025.12.04	01:29:07.837	0.93308	0.93318			6
2025.12.04	01:29:08.255	0.93307				2
2025.12.04	01:29:09.134	0.93308				2
2025.12.04	01:29:09.439	0.93307				2
2025.12.04	01:29:10.431	0.93306	0.93319			6
2025.12.04	01:29:10.789	0.93307				2
2025.12.04	01:29:12.144	0.93306				2
2025.12.04	01:29:13.915	0.93307	0.93318			6
2025.12.04	01:29:14.474	0.93306	0.93319			6
2025.12.04	01:29:16.025	0.93307				2
2025.12.04	01:29:16.677	0.93306				2
2025.12.04	01:29:17.623		0.93316			4
2025.12.04	01:29:17.956	0.93305	0.93317			6
2025.12.04	01:29:19.872	0.93307				2
2025.12.04	01:29:37.722		0.93316			4
2025.12.04	01:29:38.045		0.93317			4
2025.12.04	01:29:44.722	0.93312	0.93320			6
2025.12.04	01:29:45.030		0.93323			4
2025.12.04	01:29:47.987	0.93310				2
2025.12.04	01:29:48.364	0.93313				2
2025.12.04	01:29:48.923	0.93311	0.93322			6
2025.12.04	01:29:50.413	0.93310				2
2025.12.04	01:29:51.093	0.93315				2
2025.12.04	01:29:51.409	0.93313	0.93323			6
2025.12.04	01:29:55.226	0.93316	0.93324			6
2025.12.04	01:29:55.533	0.93315				2
2025.12.04	01:29:56.353	0.93316				2
2025.12.04	01:29:56.666	0.93315				2
2025.12.04	01:29:57.534	0.93313	0.93323			6
2025.12.04	01:29:57.949	0.93315	0.93325			6
2025.12.04	01:30:00.335	0.93315				2
2025.12.04	01:30:03.227	0.93317	0.93323			6
2025.12.04	01:30:04.487	0.93316	0.93322			6
2025.12.04	01:30:04.790	0.93317	0.93323			6
2025.12.04	01:30:05.421	0.93316	0.93322			6
2025.12.04	01:30:06.044	0.93321	0.93327			6
2025.12.04	01:30:06.356	0.93319	0.93325			6
2025.12.04	01:30:06.674	0.93315	0.93326			6
2025.12.04	01:30:07.629	0.93317				2
2025.12.04	01:30:07.942	0.93315				2
2025.12.04	01:30:13.005	0.93316				2
2025.12.04	01:30:14.040	0.93317				2
2025.12.04	01:30:14.346	0.93315				2
2025.12.04	01:30:15.076	0.93317				2
2025.12.04	01:30:15.379	0.93318	0.93328			6
2025.12.04	01:30:16.446	0.93317				2
2025.12.04	01:30:21.657	0.93318				2
2025.12.04	01:30:23.521	0.93319				2
2025.12.04	01:30:25.061	0.93317				2
2025.12.04	01:30:34.498	0.93318				2
2025.12.04	01:30:38.641	0.93319				2
2025.12.04	01:30:40.717	0.93320				2
2025.12.04	01:30:41.881	0.93319				2
2025.12.04	01:30:49.867	0.93316	0.93327			6
2025.12.04	01:30:52.112	0.93317				2
2025.12.04	01:30:57.020		0.93326			4
2025.12.04	01:30:59.714		0.93328			4
2025.12.04	01:31:00.018	0.93317				2
2025.12.04	01:31:06.909		0.93326			4
2025.12.04	01:31:07.219	0.93320	0.93327			6
2025.12.04	01:31:07.552		0.93329			4
2025.12.04	01:31:09.320	0.93321				2
2025.12.04	01:31:13.392	0.93320	0.93327			6
2025.12.04	01:31:27.334	0.93321				2
2025.12.04	01:31:30.457	0.93320				2
2025.12.04	01:31:52.895		0.93330			4
2025.12.04	01:31:56.221	0.93319				2
2025.12.04	01:31:56.638	0.93321	0.93329			6
2025.12.04	01:32:00.313	0.93319	0.93326			6
2025.12.04	01:32:00.671	0.93317				2
2025.12.04	01:32:03.474	0.93316				2
2025.12.04	01:32:06.794	0.93315				2
2025.12.04	01:32:07.216		0.93324			4
2025.12.04	01:32:12.700	0.93320	0.93325			6
2025.12.04	01:32:13.020	0.93319				2
2025.12.04	01:32:15.646	0.93318				2
2025.12.04	01:32:16.311	0.93319				2
2025.12.04	01:32:18.254	0.93318				2
2025.12.04	01:32:19.648	0.93317				2
2025.12.04	01:32:21.492	0.93318				2
2025.12.04	01:32:21.850	0.93317				2
2025.12.04	01:32:29.102	0.93318				2
2025.12.04	01:32:30.134	0.93317				2
2025.12.04	01:32:31.173	0.93319				2
2025.12.04	01:32:31.576	0.93318				2
2025.12.04	01:32:36.571	0.93319				2
2025.12.04	01:32:38.597	0.93318				2
2025.12.04	01:32:41.413	0.93319				2
2025.12.04	01:32:41.800	0.93318				2
2025.12.04	01:32:42.482	0.93319	0.93324			6
2025.12.04	01:32:51.244	0.93321	0.93328			6
2025.12.04	01:32:53.424	0.93320	0.93324			6
2025.12.04	01:32:57.365	0.93318				2
2025.12.04	01:32:58.471		0.93326			4
2025.12.04	01:32:58.791		0.93328			4
2025.12.04	01:33:00.073	0.93319				2
2025.12.04	01:33:01.679	0.93320				2
2025.12.04	01:33:05.722	0.93319				2
2025.12.04	01:33:11.091	0.93318				2
2025.12.04	01:33:30.472	0.93319				2
2025.12.04	01:33:34.689	0.93316	0.93326			6
2025.12.04	01:33:37.514	0.93317				2
2025.12.04	01:33:37.818	0.93316				2
2025.12.04	01:33:38.513	0.93317				2
2025.12.04	01:33:39.035	0.93316				2
2025.12.04	01:33:39.513	0.93317				2
2025.12.04	01:33:42.928	0.93316				2
2025.12.04	01:33:44.993		0.93327			4
2025.12.04	01:33:48.098	0.93317	0.93326			6
2025.12.04	01:33:51.336	0.93316	0.93327			6
2025.12.04	01:33:52.243	0.93317	0.93326			6
2025.12.04	01:33:53.354	0.93320	0.93328			6
2025.12.04	01:33:54.272	0.93317	0.93327			6
2025.12.04	01:34:00.596	0.93315	0.93325			6
2025.12.04	01:34:04.864		0.93324			4
2025.12.04	01:34:05.624	0.93317	0.93325			6
2025.12.04	01:34:05.940		0.93327			4
2025.12.04	01:34:09.205		0.93328			4
2025.12.04	01:34:12.630	0.93316	0.93327			6
2025.12.04	01:34:15.885	0.93317				2
2025.12.04	01:34:21.883		0.93328			4
2025.12.04	01:34:30.349		0.93327			4
2025.12.04	01:34:31.268	0.93313	0.93323			6
2025.12.04	01:34:31.579	0.93315	0.93325			6
2025.12.04	01:34:32.982	0.93314				2
2025.12.04	01:34:33.423		0.93324			4
2025.12.04	01:34:35.084	0.93316	0.93326			6
2025.12.04	01:34:38.953	0.93317				2
2025.12.04	01:34:39.441	0.93314	0.93325			6
2025.12.04	01:34:45.267	0.93315	0.93324			6
2025.12.04	01:34:45.606	0.93314	0.93325			6
2025.12.04	01:34:47.550	0.93315	0.93324			6
2025.12.04	01:34:48.586	0.93314	0.93325			6
2025.12.04	01:34:53.217	0.93313	0.93326			6
2025.12.04	01:34:53.745	0.93314	0.93325			6
2025.12.04	01:34:57.895	0.93316	0.93326			6
2025.12.04	01:35:00.385	0.93315				2
2025.12.04	01:35:00.701		0.93325			4
2025.12.04	01:35:08.272	0.93316				2
2025.12.04	01:35:09.256	0.93314				2
2025.12.04	01:35:14.552	0.93315				2
2025.12.04	01:35:17.828	0.93314				2
2025.12.04	01:35:26.661	0.93315	0.93326			6
2025.12.04	01:35:32.249	0.93316	0.93325			6
2025.12.04	01:35:34.243	0.93315				2
2025.12.04	01:35:37.484	0.93314				2
2025.12.04	01:35:38.344	0.93315				2
2025.12.04	01:35:38.747	0.93314				2
2025.12.04	01:35:40.351	0.93315				2
2025.12.04	01:35:40.947	0.93314				2
2025.12.04	01:35:44.760		0.93326			4
2025.12.04	01:35:46.845	0.93316	0.93327			6
2025.12.04	01:35:51.390		0.93328			4
2025.12.04	01:35:53.047		0.93327			4
2025.12.04	01:35:55.782		0.93328			4
2025.12.04	01:36:00.299	0.93316				2
2025.12.04	01:36:03.795	0.93318				2
2025.12.04	01:36:04.344	0.93317				2
2025.12.04	01:36:04.908	0.93316				2
2025.12.04	01:36:11.050	0.93317	0.93327			6
2025.12.04	01:36:16.299	0.93316	0.93326			6
2025.12.04	01:36:17.255	0.93315				2
2025.12.04	01:36:23.023	0.93314				2
2025.12.04	01:36:24.559	0.93315	0.93325			6
2025.12.04	01:36:25.850		0.93326			4
2025.12.04	01:36:28.197	0.93316	0.93327			6
2025.12.04	01:36:30.799	0.93315				2
2025.12.04	01:36:32.930	0.93316	0.93326			6
2025.12.04	01:36:34.958	0.93314				2
2025.12.04	01:36:39.152		0.93325			4
2025.12.04	01:36:41.522		0.93326			4
2025.12.04	01:36:44.937	0.93316				2
2025.12.04	01:36:45.306	0.93315				2
2025.12.04	01:36:46.867	0.93318	0.93328			6
2025.12.04	01:36:48.940	0.93317	0.93327			6
2025.12.04	01:36:52.566	0.93318				2
2025.12.04	01:36:57.205		0.93328			4
2025.12.04	01:36:57.582	0.93319				2
2025.12.04	01:37:00.681	0.93319				2
2025.12.04	01:37:01.337	0.93318	0.93326			6
2025.12.04	01:37:05.862		0.93327			4
2025.12.04	01:37:23.940	0.93319				2
2025.12.04	01:37:39.196	0.93318				2
2025.12.04	01:37:42.167	0.93317				2
2025.12.04	01:37:46.207	0.93318				2
2025.12.04	01:37:54.339	0.93317	0.93328			6
2025.12.04	01:37:55.677	0.93318				2
2025.12.04	01:38:00.621	0.93311	0.93321			6
2025.12.04	01:38:03.774	0.93310				2
2025.12.04	01:38:04.820	0.93312				2
2025.12.04	01:38:07.188	0.93311	0.93322			6
2025.12.04	01:38:08.683		0.93321			4
2025.12.04	01:38:15.303	0.93310				2
2025.12.04	01:38:17.028	0.93311				2
2025.12.04	01:38:18.310	0.93310				2
2025.12.04	01:38:24.422	0.93312	0.93322			6
2025.12.04	01:38:27.202	0.93313	0.93323			6
2025.12.04	01:38:30.354	0.93311				2
2025.12.04	01:38:33.306	0.93314				2
2025.12.04	01:38:33.612	0.93313	0.93322			6
2025.12.04	01:38:35.537	0.93312				2
2025.12.04	01:38:42.882	0.93311				2
2025.12.04	01:38:49.430		0.93321			4
2025.12.04	01:38:55.483	0.93309	0.93319			6
2025.12.04	01:39:00.430	0.93308				2
2025.12.04	01:39:03.720	0.93309	0.93318			6
2025.12.04	01:39:09.885	0.93308	0.93319			6
2025.12.04	01:39:15.886	0.93309	0.93318			6
2025.12.04	01:39:23.976	0.93310				2
2025.12.04	01:39:25.206	0.93308	0.93319			6
2025.12.04	01:39:30.882	0.93309	0.93318			6
2025.12.04	01:39:32.800	0.93308				2
2025.12.04	01:39:42.794	0.93309				2
2025.12.04	01:39:50.563	0.93308				2
2025.12.04	01:40:00.183	0.93309	0.93317			6
2025.12.04	01:40:05.478		0.93318			4
2025.12.04	01:40:14.637	0.93308				2
2025.12.04	01:40:15.310	0.93310				2
2025.12.04	01:40:41.036	0.93312				2
2025.12.04	01:40:41.408	0.93308	0.93317			6
2025.12.04	01:40:41.718		0.93316			4
2025.12.04	01:40:42.959	0.93307				2
2025.12.04	01:40:58.493	0.93306				2
2025.12.04	01:41:00.588	0.93306				2
2025.12.04	01:41:02.927	0.93307	0.93315			6
2025.12.04	01:41:15.101	0.93305				2
2025.12.04	01:42:01.060	0.93305				2
2025.12.04	01:42:02.854	0.93304				2
2025.12.04	01:42:03.717		0.93315			4
2025.12.04	01:42:05.099		0.93314			4
2025.12.04	01:42:09.886		0.93313			4
2025.12.04	01:42:11.522		0.93314			4
2025.12.04	01:42:12.549	0.93305				2
2025.12.04	01:42:13.771	0.93304	0.93313			6
2025.12.04	01:42:16.170	0.93305	0.93314			6
2025.12.04	01:42:17.179	0.93304	0.93313			6
2025.12.04	01:42:24.880	0.93305	0.93314			6
2025.12.04	01:42:30.444		0.93313			4
2025.12.04	01:42:31.991	0.93304				2
2025.12.04	01:42:38.129	0.93303	0.93312			6
2025.12.04	01:42:47.937		0.93311			4
2025.12.04	01:42:53.680		0.93312			4
2025.12.04	01:43:00.270	0.93303				2
2025.12.04	01:43:33.883		0.93311			4
2025.12.04	01:43:45.377	0.93301				2
2025.12.04	01:43:46.493	0.93302	0.93310			6
2025.12.04	01:44:00.421	0.93302				2
2025.12.04	01:44:02.984		0.93309			4
2025.12.04	01:44:10.483	0.93301	0.93310			6
2025.12.04	01:44:17.210		0.93312			4
2025.12.04	01:44:31.549		0.93311			4
2025.12.04	01:44:41.657	0.93302	0.93312			6
2025.12.04	01:44:45.881	0.93303				2
2025.12.04	01:44:48.604	0.93302				2
2025.12.04	01:44:57.930	0.93303				2
2025.12.04	01:44:59.133	0.93302				2
2025.12.04	01:44:59.490	0.93303				2
2025.12.04	01:45:01.573	0.93303				2
2025.12.04	01:45:03.649		0.93311			4
2025.12.04	01:45:05.367	0.93301	0.93309			6
2025.12.04	01:45:13.166		0.93308			4
2025.12.04	01:45:16.550	0.93302	0.93311			6
2025.12.04	01:45:31.357	0.93301	0.93309			6
2025.12.04	01:45:31.794		0.93310			4
2025.12.04	01:45:34.625	0.93302				2
2025.12.04	01:45:37.203	0.93301				2
2025.12.04	01:45:38.594	0.93302				2
2025.12.04	01:45:41.197	0.93303				2
2025.12.04	01:45:50.456	0.93302				2
2025.12.04	01:46:00.384	0.93302				2
2025.12.04	01:46:02.978	0.93301	0.93309			6
2025.12.04	01:46:17.106	0.93302				2
2025.12.04	01:46:17.700	0.93301				2
2025.12.04	01:46:30.883	0.93300				2
2025.12.04	01:46:33.593	0.93301				2
2025.12.04	01:46:36.883		0.93308			4
2025.12.04	01:46:43.884		0.93309			4
2025.12.04	01:46:56.227		0.93308			4
2025.12.04	01:47:02.179	0.93301				2
2025.12.04	01:47:09.102	0.93300				2
2025.12.04	01:47:09.669		0.93309			4
2025.12.04	01:47:17.571	0.93298	0.93307			6
2025.12.04	01:47:19.008	0.93299				2
2025.12.04	01:47:20.970	0.93301	0.93309			6
2025.12.04	01:47:30.393	0.93302				2
2025.12.04	01:47:36.889	0.93300	0.93307			6
2025.12.04	01:47:38.602	0.93299				2
2025.12.04	01:47:40.885		0.93306			4
2025.12.04	01:47:45.008		0.93305			4
2025.12.04	01:47:48.271		0.93306			4
2025.12.04	01:47:51.219		0.93307			4
2025.12.04	01:47:51.538		0.93308			4
2025.12.04	01:47:52.833	0.93300				2
2025.12.04	01:47:53.617	0.93299	0.93307			6
2025.12.04	01:47:54.816	0.93301	0.93309			6
2025.12.04	01:47:55.392		0.93308			4
2025.12.04	01:48:00.316	0.93300				2
2025.12.04	01:48:00.618		0.93307			4
2025.12.04	01:48:10.181	0.93298				2
2025.12.04	01:48:13.283	0.93299				2
2025.12.04	01:48:15.120		0.93305			4
2025.12.04	01:48:17.931	0.93298				2
2025.12.04	01:48:33.718		0.93306			4
2025.12.04	01:48:34.055		0.93307			4
2025.12.04	01:48:34.639		0.93305			4
2025.12.04	01:48:49.207	0.93300	0.93308			6
2025.12.04	01:48:52.417	0.93306	0.93313			6
2025.12.04	01:48:52.720	0.93312	0.93318			6
2025.12.04	01:48:53.027		0.93320			4
2025.12.04	01:48:54.155	0.93310	0.93319			6
2025.12.04	01:48:54.850	0.93312	0.93320			6
2025.12.04	01:48:55.159	0.93311				2
2025.12.04	01:48:56.439	0.93312				2
2025.12.04	01:48:57.713	0.93310	0.93318			6
2025.12.04	01:48:58.049		0.93319			4
2025.12.04	01:48:58.962	0.93312	0.93320			6
2025.12.04	01:48:59.264	0.93314	0.93321			6
2025.12.04	01:49:00.289	0.93312	0.93320			6
2025.12.04	01:49:00.598	0.93309	0.93316			6
2025.12.04	01:49:04.762	0.93308				2
2025.12.04	01:49:06.829	0.93306	0.93313			6
2025.12.04	01:49:09.677		0.93314			4
2025.12.04	01:49:10.239		0.93313			4
2025.12.04	01:49:11.609	0.93304	0.93312			6
2025.12.04	01:49:12.910	0.93303	0.93311			6
2025.12.04	01:49:13.774		0.93312			4
2025.12.04	01:49:17.154	0.93307	0.93316			6
2025.12.04	01:49:19.139	0.93311	0.93319			6
2025.12.04	01:49:19.468		0.93320			4
2025.12.04	01:49:19.803		0.93319			4
2025.12.04	01:49:25.139		0.93320			4
2025.12.04	01:49:27.301		0.93319			4
2025.12.04	01:49:29.222	0.93308	0.93316			6
2025.12.04	01:49:31.431		0.93315			4
2025.12.04	01:49:32.119		0.93316			4
2025.12.04	01:49:34.346		0.93315			4
2025.12.04	01:49:38.280		0.93316			4
2025.12.04	01:49:38.737		0.93315			4
2025.12.04	01:49:40.325		0.93316			4
2025.12.04	01:49:45.465		0.93315			4
2025.12.04	01:49:46.309		0.93316			4
2025.12.04	01:49:59.837	0.93310	0.93317			6
2025.12.04	01:50:00.357	0.93310				2
2025.12.04	01:50:00.664		0.93319			4
2025.12.04	01:50:12.884		0.93318			4
2025.12.04	01:50:47.215	0.93309	0.93317			6
2025.12.04	01:50:52.568	0.93311	0.93320			6
2025.12.04	01:50:55.792	0.93312				2
2025.12.04	01:51:00.537	0.93312				2
2025.12.04	01:51:01.239	0.93313	0.93322			6
2025.12.04	01:51:01.716	0.93314				2
2025.12.04	01:51:03.431	0.93313	0.93319			6
2025.12.04	01:51:03.981	0.93314	0.93322			6
2025.12.04	01:51:04.300		0.93321			4
2025.12.04	01:51:05.142	0.93313				2
2025.12.04	01:51:14.105	0.93315	0.93323			6
2025.12.04	01:51:15.088	0.93316				2
2025.12.04	01:51:19.466	0.93314	0.93321			6
2025.12.04	01:51:20.281	0.93313				2
2025.12.04	01:51:21.729	0.93314	0.93322			6
2025.12.04	01:51:22.731	0.93316	0.93325			6
2025.12.04	01:51:25.429	0.93313	0.93321			6
2025.12.04	01:51:27.899		0.93320			4
2025.12.04	01:51:28.267	0.93312				2
2025.12.04	01:51:29.055	0.93311	0.93319			6
2025.12.04	01:51:29.364	0.93310				2
2025.12.04	01:51:30.923	0.93311				2
2025.12.04	01:51:31.262	0.93309	0.93316			6
2025.12.04	01:51:32.605	0.93310				2
2025.12.04	01:51:34.348	0.93311	0.93318			6
2025.12.04	01:51:36.402	0.93309				2
2025.12.04	01:51:37.576	0.93311				2
2025.12.04	01:51:37.972	0.93309				2
2025.12.04	01:51:38.907	0.93311				2
2025.12.04	01:51:40.320	0.93312				2
2025.12.04	01:51:42.028	0.93311	0.93320			6
2025.12.04	01:51:45.949	0.93310	0.93318			6
2025.12.04	01:51:48.196	0.93309				2
2025.12.04	01:51:48.502	0.93311	0.93321			6
2025.12.04	01:51:48.896	0.93309	0.93319			6
2025.12.04	01:51:49.437	0.93310	0.93318			6
2025.12.04	01:51:49.758	0.93311	0.93317			6
2025.12.04	01:51:50.061	0.93309				2
2025.12.04	01:51:52.083	0.93308				2
2025.12.04	01:51:53.426	0.93309				2
2025.12.04	01:51:57.971	0.93308				2
2025.12.04	01:51:58.448	0.93307	0.93315			6
2025.12.04	01:51:58.762	0.93306				2
2025.12.04	01:51:59.474		0.93316			4
2025.12.04	01:52:00.000	0.93306				2
2025.12.04	01:52:01.403		0.93315			4
2025.12.04	01:52:05.687		0.93316			4
2025.12.04	01:52:18.480		0.93314			4
2025.12.04	01:52:30.231	0.93304	0.93313			6
2025.12.04	01:52:32.660	0.93305	0.93315			6
2025.12.04	01:52:37.023		0.93316			4
2025.12.04	01:52:37.338		0.93313			4
2025.12.04	01:52:38.912	0.93304	0.93312			6
2025.12.04	01:52:40.622	0.93305				2
2025.12.04	01:52:41.632		0.93313			4
2025.12.04	01:52:41.954		0.93312			4
2025.12.04	01:52:43.256	0.93303	0.93310			6
2025.12.04	01:52:45.252	0.93302				2
2025.12.04	01:52:48.473	0.93301	0.93308			6
2025.12.04	01:52:58.471	0.93302	0.93309			6
2025.12.04	01:53:00.106	0.93303	0.93310			6
2025.12.04	01:53:00.569	0.93301				2
2025.12.04	01:53:03.881	0.93302				2
2025.12.04	01:53:07.065	0.93300	0.93309			6
2025.12.04	01:53:08.616	0.93296	0.93305			6
2025.12.04	01:53:08.937	0.93298				2
2025.12.04	01:53:19.019		0.93307			4
2025.12.04	01:53:19.415	0.93299				2
2025.12.04	01:53:25.637	0.93298	0.93306			6
2025.12.04	01:53:27.188	0.93299				2
2025.12.04	01:53:27.913	0.93298	0.93305			6
2025.12.04	01:53:30.853	0.93299	0.93306			6
2025.12.04	01:53:35.458	0.93300	0.93307			6
2025.12.04	01:53:36.796	0.93299				2
2025.12.04	01:53:37.813	0.93298	0.93308			6
2025.12.04	01:53:39.582	0.93299	0.93307			6
2025.12.04	01:53:40.324	0.93298				2
2025.12.04	01:53:40.978	0.93300				2
2025.12.04	01:53:42.288	0.93299	0.93308			6
2025.12.04	01:53:45.121	0.93298	0.93306			6
2025.12.04	01:53:46.911		0.93307			4
2025.12.04	01:53:48.849	0.93297				2
2025.12.04	01:53:53.797	0.93299				2
2025.12.04	01:54:01.750	0.93298				2
2025.12.04	01:54:15.419	0.93297				2
2025.12.04	01:54:15.827	0.93299	0.93308			6
2025.12.04	01:54:18.729		0.93309			4
2025.12.04	01:54:26.097	0.93300	0.93310			6
2025.12.04	01:54:27.181	0.93301	0.93309			6
2025.12.04	01:54:28.497		0.93310			4
2025.12.04	01:54:31.613	0.93302				2
2025.12.04	01:54:34.974	0.93299				2
2025.12.04	01:54:35.285	0.93300				2
2025.12.04	01:54:35.954	0.93301				2
2025.12.04	01:54:40.482	0.93302				2
2025.12.04	01:54:46.323	0.93303	0.93312			6
2025.12.04	01:54:46.628	0.93304				2
2025.12.04	01:54:50.260		0.93313			4
2025.12.04	01:54:55.162	0.93305	0.93312			6
2025.12.04	01:55:00.457	0.93303	0.93313			6
2025.12.04	01:55:00.779	0.93304				2
2025.12.04	01:55:12.105	0.93305				2
2025.12.04	01:55:15.451	0.93304				2
2025.12.04	01:55:26.113	0.93305				2
2025.12.04	01:55:26.911	0.93304				2
2025.12.04	01:55:28.103	0.93305	0.93314			6
2025.12.04	01:55:29.029	0.93304	0.93315			6
2025.12.04	01:55:30.271	0.93305	0.93314			6
2025.12.04	01:55:30.726	0.93306				2
2025.12.04	01:55:33.843	0.93305	0.93315			6
2025.12.04	01:55:35.830		0.93314			4
2025.12.04	01:55:37.880	0.93306				2
2025.12.04	01:55:38.355	0.93305				2
2025.12.04	01:55:43.449	0.93303	0.93313			6
2025.12.04	01:55:48.822	0.93304	0.93314			6
2025.12.04	01:55:51.886	0.93305				2
2025.12.04	01:56:00.643	0.93304				2
2025.12.04	01:56:02.897	0.93303	0.93313			6
2025.12.04	01:56:09.912		0.93312			4
2025.12.04	01:56:15.065		0.93311			4
2025.12.04	01:56:16.486	0.93302	0.93312			6
2025.12.04	01:56:17.129	0.93301				2
2025.12.04	01:56:18.166	0.93303	0.93311			6
2025.12.04	01:56:20.324	0.93302	0.93312			6
2025.12.04	01:56:21.276	0.93303	0.93311			6
2025.12.04	01:56:22.320	0.93302	0.93312			6
2025.12.04	01:56:23.325	0.93303	0.93311			6
2025.12.04	01:56:26.374	0.93301	0.93312			6
2025.12.04	01:56:28.351	0.93302	0.93311			6
2025.12.04	01:56:28.658	0.93301	0.93312			6
2025.12.04	01:56:30.660	0.93302	0.93311			6
2025.12.04	01:56:31.768		0.93312			4
2025.12.04	01:56:32.801	0.93301				2
2025.12.04	01:56:33.466	0.93303	0.93311			6
2025.12.04	01:56:33.837	0.93301	0.93312			6
2025.12.04	01:56:34.717	0.93305	0.93314			6
2025.12.04	01:56:39.035	0.93304	0.93313			6
2025.12.04	01:56:48.249	0.93303	0.93314			6
2025.12.04	01:56:50.274	0.93306	0.93315			6
2025.12.04	01:56:54.883	0.93307				2
2025.12.04	01:56:55.793	0.93305				2
2025.12.04	01:57:00.579	0.93303	0.93314			6
2025.12.04	01:57:01.721	0.93304	0.93313			6
2025.12.04	01:57:04.763	0.93303	0.93312			6
2025.12.04	01:57:09.711	0.93305				2
2025.12.04	01:57:22.736	0.93304				2
2025.12.04	01:57:33.855	0.93303				2
2025.12.04	01:57:36.999	0.93304				2
2025.12.04	01:57:37.385	0.93303				2
2025.12.04	01:57:41.631	0.93302	0.93313			6
2025.12.04	01:57:45.734		0.93312			4
2025.12.04	01:57:46.939	0.93304	0.93313			6
2025.12.04	01:57:51.485	0.93303	0.93312			6
2025.12.04	01:57:53.273	0.93304				2
2025.12.04	01:57:59.880	0.93303				2
2025.12.04	01:58:00.386	0.93305				2
2025.12.04	01:58:03.184	0.93303	0.93313			6
2025.12.04	01:58:15.387		0.93312			4
2025.12.04	01:58:33.581	0.93304				2
2025.12.04	01:58:36.891	0.93302				2
2025.12.04	01:58:37.291	0.93303				2
2025.12.04	01:58:44.212	0.93302				2
2025.12.04	01:58:45.008	0.93303				2
2025.12.04	01:59:01.409	0.93303				2
2025.12.04	01:59:14.506		0.93311			4
2025.12.04	01:59:20.459	0.93304				2
2025.12.04	01:59:26.633		0.93312			4
2025.12.04	01:59:28.595		0.93311			4
2025.12.04	01:59:33.479		0.93312			4
2025.12.04	01:59:36.258	0.93305				2
2025.12.04	02:00:00.031	0.93305				2
2025.12.04	02:00:00.352	0.93304				2
2025.12.04	02:00:00.658		0.93311			4
2025.12.04	02:00:00.965		0.93312			4
2025.12.04	02:00:01.727		0.93311			4
2025.12.04	02:00:05.677	0.93303				2
2025.12.04	02:00:09.883		0.93310			4
2025.12.04	02:00:11.287		0.93311			4
2025.12.04	02:00:11.596	0.93304				2
2025.12.04	02:00:15.379	0.93303	0.93310			6
2025.12.04	02:00:18.962		0.93311			4
2025.12.04	02:00:20.105	0.93304	0.93310			6
2025.12.04	02:00:20.448	0.93305	0.93313			6
2025.12.04	02:00:21.660	0.93303	0.93310			6
2025.12.04	02:00:24.032	0.93302				2
2025.12.04	02:00:26.395	0.93304	0.93311			6
2025.12.04	02:00:28.944		0.93312			4
2025.12.04	02:00:30.038	0.93305	0.93311			6
2025.12.04	02:00:33.277	0.93303				2
2025.12.04	02:00:33.604	0.93304				2
2025.12.04	02:00:34.796		0.93310			4
2025.12.04	02:00:39.423		0.93311			4
2025.12.04	02:00:43.380	0.93303	0.93310			6
2025.12.04	02:00:45.378	0.93300	0.93308			6
2025.12.04	02:00:46.295	0.93299				2
2025.12.04	02:00:48.284	0.93301				2
2025.12.04	02:00:50.116	0.93302				2
2025.12.04	02:00:50.420	0.93301				2
2025.12.04	02:00:51.741	0.93302	0.93309			6
2025.12.04	02:00:53.357	0.93304	0.93312			6
2025.12.04	02:00:53.676	0.93310	0.93317			6
2025.12.04	02:00:54.348		0.93318			4
2025.12.04	02:00:55.365	0.93308	0.93315			6
2025.12.04	02:00:57.983	0.93309	0.93317			6
2025.12.04	02:01:00.358	0.93309				2
2025.12.04	02:01:00.677	0.93304	0.93311			6
2025.12.04	02:01:03.357	0.93303				2
2025.12.04	02:01:03.664		0.93310			4
2025.12.04	02:01:03.969	0.93304	0.93311			6
2025.12.04	02:01:07.778	0.93303				2
2025.12.04	02:01:08.445		0.93310			4
2025.12.04	02:01:09.263	0.93305	0.93312			6
2025.12.04	02:01:09.579	0.93310	0.93317			6
2025.12.04	02:01:11.857	0.93311	0.93319			6
2025.12.04	02:01:12.161		0.93318			4
2025.12.04	02:01:13.643		0.93317			4
2025.12.04	02:01:14.509	0.93312	0.93320			6
2025.12.04	02:01:17.097	0.93313				2
2025.12.04	02:01:23.178	0.93312				2
2025.12.04	02:01:23.488	0.93311	0.93319			6
2025.12.04	02:01:25.105	0.93312				2
2025.12.04	02:01:25.458	0.93314	0.93322			6
2025.12.04	02:01:27.046	0.93313	0.93320			6
2025.12.04	02:01:28.221		0.93321			4
2025.12.04	02:01:29.479	0.93312	0.93318			6
2025.12.04	02:01:30.119	0.93311				2
2025.12.04	02:01:31.702		0.93319			4
2025.12.04	02:01:32.266	0.93313	0.93320			6
2025.12.04	02:01:36.884	0.93314				2
2025.12.04	02:01:39.325		0.93321			4
2025.12.04	02:01:40.662	0.93313				2
2025.12.04	02:01:41.460	0.93316	0.93323			6
2025.12.04	02:01:43.477	0.93317	0.93324			6
2025.12.04	02:01:44.622	0.93316	0.93323			6
2025.12.04	02:01:45.794	0.93319	0.93325			6
2025.12.04	02:01:49.389	0.93318				2
2025.12.04	02:01:54.343	0.93319				2
2025.12.04	02:01:54.674	0.93318				2
2025.12.04	02:01:55.626	0.93317	0.93324			6
2025.12.04	02:01:57.162	0.93318	0.93325			6
2025.12.04	02:01:57.479	0.93325	0.93332			6
2025.12.04	02:01:57.956		0.93331			4
2025.12.04	02:01:59.332	0.93321	0.93328			6
2025.12.04	02:01:59.833	0.93322				2
2025.12.04	02:02:00.393	0.93320				2
2025.12.04	02:02:00.757		0.93326			4
2025.12.04	02:02:03.219	0.93319	0.93325			6
2025.12.04	02:02:06.407	0.93318	0.93324			6
2025.12.04	02:02:09.714		0.93325			4
2025.12.04	02:02:16.422	0.93317	0.93323			6
2025.12.04	02:02:20.346		0.93324			4
2025.12.04	02:02:20.860	0.93316	0.93323			6
2025.12.04	02:02:24.637	0.93318	0.93325			6
2025.12.04	02:02:25.075	0.93319				2
2025.12.04	02:02:26.473		0.93326			4
2025.12.04	02:02:28.045	0.93318				2
2025.12.04	02:02:30.506	0.93317	0.93325			6
2025.12.04	02:02:31.469		0.93323			4
2025.12.04	02:02:33.373	0.93318	0.93324			6
2025.12.04	02:02:36.463	0.93317	0.93325			6
2025.12.04	02:02:40.953		0.93324			4
2025.12.04	02:02:41.340	0.93318	0.93325			6
2025.12.04	02:02:44.834	0.93317	0.93324			6
2025.12.04	02:02:46.988	0.93315	0.93323			6
2025.12.04	02:02:48.422		0.93321			4
2025.12.04	02:02:50.414	0.93313	0.93320			6
2025.12.04	02:02:52.449	0.93312				2
2025.12.04	02:02:53.330	0.93313				2
2025.12.04	02:02:56.160	0.93314	0.93321			6
2025.12.04	02:02:56.652	0.93313	0.93320			6
2025.12.04	02:02:57.864	0.93311	0.93318			6
2025.12.04	02:02:58.178	0.93314	0.93321			6
2025.12.04	02:02:59.391	0.93313	0.93320			6
2025.12.04	02:03:00.458	0.93314	0.93321			6
2025.12.04	02:03:00.762	0.93313	0.93319			6
2025.12.04	02:03:02.227	0.93316	0.93322			6
2025.12.04	02:03:02.530		0.93323			4
2025.12.04	02:03:02.988	0.93317				2
2025.12.04	02:03:03.300	0.93318	0.93325			6
2025.12.04	02:03:04.345	0.93320	0.93327			6
2025.12.04	02:03:04.659	0.93322	0.93329			6
2025.12.04	02:03:06.344	0.93321	0.93328			6
2025.12.04	02:03:06.646	0.93325	0.93331			6
2025.12.04	02:03:06.971	0.93324				2
2025.12.04	02:03:07.278	0.93321	0.93329			6
2025.12.04	02:03:10.371	0.93320	0.93327			6
2025.12.04	02:03:10.941	0.93321	0.93328			6
2025.12.04	02:03:11.479	0.93320				2
2025.12.04	02:03:12.398	0.93319				2
2025.12.04	02:03:18.827	0.93317	0.93326			6
2025.12.04	02:03:22.229	0.93314	0.93320			6
2025.12.04	02:03:27.387		0.93321			4
2025.12.04	02:03:37.066	0.93315	0.93323			6
2025.12.04	02:03:42.640	0.93316	0.93324			6
2025.12.04	02:03:46.708	0.93315	0.93323			6
2025.12.04	02:03:48.422	0.93316				2
2025.12.04	02:03:50.925	0.93315	0.93322			6
2025.12.04	02:03:54.381		0.93323			4
2025.12.04	02:03:58.864		0.93322			4
2025.12.04	02:03:59.179	0.93314				2
2025.12.04	02:04:00.257	0.93314				2
2025.12.04	02:04:02.892	0.93313	0.93321			6
2025.12.04	02:04:03.198	0.93314	0.93322			6
2025.12.04	02:04:05.266		0.93321			4
2025.12.04	02:04:06.172		0.93322			4
2025.12.04	02:04:10.575		0.93321			4
2025.12.04	02:04:14.859		0.93322			4
2025.12.04	02:04:15.303		0.93321			4
2025.12.04	02:04:15.739		0.93322			4
2025.12.04	02:04:17.075	0.93315				2
2025.12.04	02:04:18.970	0.93314	0.93323			6
2025.12.04	02:04:19.982		0.93322			4
2025.12.04	02:04:20.299		0.93321			4
2025.12.04	02:04:21.651	0.93318	0.93325			6
2025.12.04	02:04:23.234	0.93317				2
2025.12.04	02:04:23.537		0.93324			4
2025.12.04	02:04:25.410	0.93318				2
2025.12.04	02:04:30.470	0.93316	0.93325			6
2025.12.04	02:04:31.379	0.93318				2
2025.12.04	02:04:31.719	0.93319				2
2025.12.04	02:04:36.952	0.93318	0.93326			6
2025.12.04	02:04:39.619	0.93319				2
2025.12.04	02:04:41.622		0.93327			4
2025.12.04	02:04:42.199	0.93318	0.93326			6
2025.12.04	02:04:51.980	0.93317	0.93324			6
2025.12.04	02:04:57.114	0.93316				2
2025.12.04	02:04:57.802	0.93317				2
2025.12.04	02:04:59.180	0.93316				2
2025.12.04	02:05:00.497	0.93316				2
2025.12.04	02:05:01.119	0.93314	0.93321			6
2025.12.04	02:05:01.438	0.93317	0.93325			6
2025.12.04	02:05:01.758	0.93316	0.93324			6
2025.12.04	02:05:02.401	0.93317	0.93325			6
2025.12.04	02:05:05.425	0.93318				2
2025.12.04	02:05:15.700	0.93319	0.93326			6
2025.12.04	02:05:19.899	0.93320				2
2025.12.04	02:05:20.622	0.93319				2
2025.12.04	02:05:21.159	0.93317	0.93325			6
2025.12.04	02:05:21.632	0.93318	0.93326			6
2025.12.04	02:05:22.082	0.93320	0.93327			6
2025.12.04	02:05:23.833	0.93323	0.93331			6
2025.12.04	02:05:24.139	0.93326	0.93334			6
2025.12.04	02:05:26.255	0.93325	0.93333			6
2025.12.04	02:05:27.156	0.93324	0.93331			6
2025.12.04	02:05:29.784		0.93332			4
2025.12.04	02:05:31.392	0.93325				2
2025.12.04	02:05:32.422	0.93324				2
2025.12.04	02:05:35.392	0.93321	0.93328			6
2025.12.04	02:05:38.035	0.93322	0.93329			6
2025.12.04	02:05:41.858	0.93321	0.93328			6
2025.12.04	02:05:42.803	0.93320				2
2025.12.04	02:05:44.621	0.93322				2
2025.12.04	02:05:45.129	0.93321				2
2025.12.04	02:05:49.494	0.93320				2
2025.12.04	02:05:51.803		0.93327			4
2025.12.04	02:05:58.633	0.93321	0.93328			6
2025.12.04	02:05:59.151	0.93320				2
2025.12.04	02:06:00.629	0.93320	0.93327			6
2025.12.04	02:06:01.048	0.93321				2
2025.12.04	02:06:01.373	0.93320	0.93328			6
2025.12.04	02:06:01.865	0.93319	0.93327			6
2025.12.04	02:06:11.485	0.93320	0.93328			6
2025.12.04	02:06:14.523		0.93327			4
2025.12.04	02:06:16.501		0.93328			4
2025.12.04	02:06:17.019	0.93319				2
2025.12.04	02:06:17.375	0.93318	0.93326			6
2025.12.04	02:06:17.779		0.93327			4
2025.12.04	02:06:22.670		0.93326			4
2025.12.04	02:06:23.980	0.93317				2
2025.12.04	02:06:24.316	0.93318				2
2025.12.04	02:06:25.184		0.93325			4
2025.12.04	02:06:27.089	0.93317				2
2025.12.04	02:06:28.473		0.93326			4
2025.12.04	02:06:29.557	0.93319				2
2025.12.04	02:06:30.768		0.93327			4
2025.12.04	02:06:31.194	0.93317	0.93326			6
2025.12.04	02:06:32.089	0.93318	0.93325			6
2025.12.04	02:06:32.511	0.93317	0.93324			6
2025.12.04	02:06:32.818	0.93318				2
2025.12.04	02:06:33.186	0.93317	0.93325			6
2025.12.04	02:06:33.499	0.93316	0.93324			6
2025.12.04	02:06:35.725	0.93317				2
2025.12.04	02:06:36.065	0.93318				2
2025.12.04	02:06:40.581	0.93316	0.93323			6
2025.12.04	02:06:41.301	0.93317				2
2025.12.04	02:06:45.031		0.93324			4
2025.12.04	02:06:46.508	0.93318				2
2025.12.04	02:06:47.502	0.93319	0.93326			6
2025.12.04	02:06:47.957	0.93318				2
2025.12.04	02:06:48.485		0.93325			4
2025.12.04	02:06:59.025	0.93319				2
2025.12.04	02:07:00.411	0.93319	0.93326			6
2025.12.04	02:07:00.743	0.93318	0.93325			6
2025.12.04	02:07:01.206	0.93317				2
2025.12.04	02:07:01.742	0.93318				2
2025.12.04	02:07:02.875		0.93326			4
2025.12.04	02:07:03.315	0.93319				2
2025.12.04	02:07:08.884		0.93327			4
2025.12.04	02:07:12.161	0.93320				2
2025.12.04	02:07:15.360		0.93328			4
2025.12.04	02:07:16.190	0.93319	0.93327			6
2025.12.04	02:07:24.120	0.93320				2
2025.12.04	02:07:26.383	0.93323	0.93331			6
2025.12.04	02:07:28.171		0.93332			4
2025.12.04	02:07:30.226		0.93331			4
2025.12.04	02:07:30.563	0.93325				2
2025.12.04	02:07:30.922	0.93324				2
2025.12.04	02:07:33.807	0.93323	0.93330			6
2025.12.04	02:07:35.594	0.93322	0.93329			6
2025.12.04	02:07:36.562	0.93321	0.93328			6
2025.12.04	02:07:37.075	0.93320				2
2025.12.04	02:07:37.631		0.93327			4
2025.12.04	02:07:38.410	0.93319				2
2025.12.04	02:07:45.549	0.93320				2
2025.12.04	02:07:45.867	0.93319				2
2025.12.04	02:07:48.171		0.93328			4
2025.12.04	02:08:00.603	0.93318	0.93326			6
2025.12.04	02:08:04.500		0.93325			4
2025.12.04	02:08:04.858	0.93317				2
2025.12.04	02:08:07.609		0.93324			4
2025.12.04	02:08:15.721	0.93318	0.93325			6
2025.12.04	02:08:17.545	0.93319				2
2025.12.04	02:08:19.132	0.93317				2
2025.12.04	02:08:19.830	0.93318				2
2025.12.04	02:08:21.653	0.93317				2
2025.12.04	02:08:22.366	0.93319	0.93327			6
2025.12.04	02:08:22.696	0.93321	0.93328			6
2025.12.04	02:08:24.073	0.93322				2
2025.12.04	02:08:24.477	0.93320				2
2025.12.04	02:08:25.075	0.93322	0.93329			6
2025.12.04	02:08:27.275		0.93328			4
2025.12.04	02:08:30.419	0.93321				2
2025.12.04	02:08:30.831	0.93320	0.93327			6
2025.12.04	02:08:33.112	0.93321	0.93328			6
2025.12.04	02:08:34.327	0.93320				2
2025.12.04	02:08:35.587	0.93324	0.93332			6
2025.12.04	02:08:39.649	0.93325	0.93333			6
2025.12.04	02:08:40.752	0.93326				2
2025.12.04	02:08:41.652	0.93322	0.93330			6
2025.12.04	02:08:43.655	0.93323	0.93332			6
2025.12.04	02:08:43.956	0.93322				2
2025.12.04	02:08:44.911	0.93323	0.93331			6
2025.12.04	02:08:45.812	0.93322	0.93332			6
2025.12.04	02:08:46.561	0.93325	0.93333			6
2025.12.04	02:08:47.210	0.93324	0.93331			6
2025.12.04	02:08:47.522	0.93323	0.93330			6
2025.12.04	02:08:50.628		0.93329			4
2025.12.04	02:08:51.648		0.93330			4
2025.12.04	02:08:52.544	0.93324	0.93332			6
2025.12.04	02:08:53.487		0.93331			4
2025.12.04	02:08:59.470	0.93326	0.93333			6
2025.12.04	02:09:00.287	0.93325	0.93332			6
2025.12.04	02:09:01.648	0.93324				2
2025.12.04	02:09:02.685	0.93325				2
2025.12.04	02:09:07.200	0.93324				2
2025.12.04	02:09:12.408		0.93331			4
2025.12.04	02:09:32.433		0.93332			4
2025.12.04	02:09:34.146	0.93323	0.93331			6
2025.12.04	02:09:35.436	0.93324	0.93332			6
2025.12.04	02:09:36.900		0.93333			4
2025.12.04	02:09:39.002	0.93323	0.93331			6
2025.12.04	02:09:40.775		0.93329			4
2025.12.04	02:09:43.652		0.93330			4
2025.12.04	02:09:44.007	0.93322	0.93329			6
2025.12.04	02:09:45.384	0.93323	0.93330			6
2025.12.04	02:09:49.919	0.93322	0.93329			6
2025.12.04	02:10:00.310	0.93323				2
2025.12.04	02:10:00.682		0.93328			4
2025.12.04	02:10:03.687		0.93329			4
2025.12.04	02:10:15.380		0.93328			4
2025.12.04	02:10:16.673		0.93329			4
2025.12.04	02:10:25.293		0.93328			4
2025.12.04	02:10:27.613		0.93329			4
2025.12.04	02:10:40.263	0.93324	0.93330			6
2025.12.04	02:10:46.368		0.93331			4
2025.12.04	02:10:48.664		0.93330			4
2025.12.04	02:10:53.271		0.93331			4
2025.12.04	02:10:56.557	0.93325				2
2025.12.04	02:10:56.877	0.93324				2
2025.12.04	02:10:57.186	0.93325				2
2025.12.04	02:10:57.514	0.93324				2
2025.12.04	02:10:57.823	0.93325				2
2025.12.04	02:10:58.154	0.93324				2
2025.12.04	02:11:00.348	0.93324				2
2025.12.04	02:11:03.028	0.93323	0.93330			6
2025.12.04	02:11:03.341	0.93322	0.93329			6
2025.12.04	02:11:03.659	0.93320	0.93326			6
2025.12.04	02:11:05.314	0.93321				2
2025.12.04	02:11:05.646		0.93327			4
2025.12.04	02:11:06.410	0.93319	0.93326			6
2025.12.04	02:11:10.645		0.93325			4
2025.12.04	02:11:17.589	0.93318				2
2025.12.04	02:11:21.149	0.93317	0.93323			6
2025.12.04	02:11:24.860	0.93314	0.93321			6
2025.12.04	02:11:26.103	0.93316				2
2025.12.04	02:11:27.255	0.93313	0.93320			6
2025.12.04	02:11:28.046	0.93315	0.93321			6
2025.12.04	02:11:28.977		0.93322			4
2025.12.04	02:11:30.034	0.93317	0.93323			6
2025.12.04	02:11:30.556	0.93316				2
2025.12.04	02:11:32.072	0.93315	0.93322			6
2025.12.04	02:11:32.402	0.93316	0.93323			6
2025.12.04	02:11:33.139	0.93315	0.93322			6
2025.12.04	02:11:34.946	0.93314	0.93320			6
2025.12.04	02:11:36.069	0.93312	0.93319			6
2025.12.04	02:11:37.095	0.93314	0.93320			6
2025.12.04	02:11:38.097	0.93313				2
2025.12.04	02:11:39.112		0.93319			4
2025.12.04	02:11:39.688	0.93312				2
2025.12.04	02:11:39.999	0.93311	0.93318			6
2025.12.04	02:11:42.431	0.93312	0.93320			6
2025.12.04	02:11:42.744	0.93313				2
2025.12.04	02:11:43.568	0.93312				2
2025.12.04	02:11:45.644	0.93313				2
2025.12.04	02:11:48.857	0.93316	0.93323			6
2025.12.04	02:11:52.659		0.93322			4
2025.12.04	02:11:53.877	0.93317	0.93324			6
2025.12.04	02:11:54.276	0.93316	0.93322			6
2025.12.04	02:11:55.394	0.93315	0.93321			6
2025.12.04	02:11:56.415		0.93322			4
2025.12.04	02:11:57.842	0.93314	0.93321			6
2025.12.04	02:11:59.429	0.93313	0.93320			6
2025.12.04	02:12:01.198	0.93314				2
2025.12.04	02:12:01.762	0.93310	0.93317			6
2025.12.04	02:12:04.017	0.93308	0.93316			6
2025.12.04	02:12:04.320	0.93307	0.93315			6
2025.12.04	02:12:05.397	0.93305	0.93313			6
2025.12.04	02:12:06.269	0.93307	0.93314			6
2025.12.04	02:12:07.260	0.93306	0.93312			6
2025.12.04	02:12:09.924	0.93309	0.93315			6
2025.12.04	02:12:11.908	0.93308	0.93316			6
2025.12.04	02:12:12.297	0.93309	0.93317			6
2025.12.04	02:12:12.832	0.93308	0.93316			6
2025.12.04	02:12:15.701	0.93309	0.93317			6
2025.12.04	02:12:16.504	0.93310	0.93318			6
2025.12.04	02:12:16.820		0.93317			4
2025.12.04	02:12:20.096	0.93313	0.93320			6
2025.12.04	02:12:25.315	0.93312	0.93321			6
2025.12.04	02:12:28.346	0.93313				2
2025.12.04	02:12:29.767	0.93312				2
2025.12.04	02:12:30.333	0.93313	0.93320			6
2025.12.04	02:12:36.219	0.93312				2
2025.12.04	02:12:37.728	0.93314				2
2025.12.04	02:12:48.463	0.93312				2
2025.12.04	02:12:53.680		0.93319			4
2025.12.04	02:12:56.680	0.93308	0.93316			6
2025.12.04	02:12:57.000	0.93309	0.93315			6
2025.12.04	02:12:57.762	0.93308				2
2025.12.04	02:12:58.110	0.93309	0.93316			6
2025.12.04	02:13:00.268	0.93309				2
2025.12.04	02:13:00.579	0.93310	0.93317			6
2025.12.04	02:13:01.490	0.93311	0.93316			6
2025.12.04	02:13:03.415	0.93310	0.93318			6
2025.12.04	02:13:05.549		0.93317			4
2025.12.04	02:13:06.592	0.93311	0.93318			6
2025.12.04	02:13:11.645		0.93317			4
2025.12.04	02:13:14.350	0.93310	0.93318			6
2025.12.04	02:13:14.655	0.93309	0.93317			6
2025.12.04	02:13:14.970	0.93308				2
2025.12.04	02:13:15.586	0.93310				2
2025.12.04	02:13:16.421	0.93309				2
2025.12.04	02:13:18.440	0.93311				2
2025.12.04	02:13:19.323	0.93310				2
2025.12.04	02:13:22.353	0.93309				2
2025.12.04	02:13:29.031	0.93310				2
2025.12.04	02:13:29.724	0.93309				2
2025.12.04	02:13:30.629		0.93316			4
2025.12.04	02:13:31.264	0.93310	0.93317			6
2025.12.04	02:13:31.712	0.93309	0.93316			6
2025.12.04	02:13:34.215	0.93310	0.93317			6
2025.12.04	02:13:36.150	0.93311	0.93318			6
2025.12.04	02:13:44.721	0.93312				2
2025.12.04	02:13:45.688	0.93311	0.93319			6
2025.12.04	02:13:46.230	0.93312	0.93318			6
2025.12.04	02:13:49.023	0.93313	0.93319			6
2025.12.04	02:13:51.463	0.93315	0.93321			6
2025.12.04	02:13:59.580	0.93314				2
2025.12.04	02:14:00.641	0.93313	0.93320			6
2025.12.04	02:14:00.960	0.93312	0.93321			6
2025.12.04	02:14:02.141	0.93313	0.93320			6
2025.12.04	02:14:02.453		0.93321			4
2025.12.04	02:14:02.757	0.93312				2
2025.12.04	02:14:03.420	0.93314				2
2025.12.04	02:14:04.056	0.93312				2
2025.12.04	02:14:06.652	0.93313				2
2025.12.04	02:14:09.852	0.93312				2
2025.12.04	02:14:11.503	0.93313				2
2025.12.04	02:14:13.429	0.93314				2
2025.12.04	02:14:15.369	0.93316	0.93322			6
2025.12.04	02:14:20.143	0.93315				2
2025.12.04	02:14:20.745	0.93316	0.93323			6
2025.12.04	02:14:22.021	0.93314	0.93321			6
2025.12.04	02:14:23.548	0.93315				2
2025.12.04	02:14:25.535	0.93316	0.93323			6
2025.12.04	02:14:29.867		0.93322			4
2025.12.04	02:14:30.179	0.93315				2
2025.12.04	02:14:30.734	0.93314	0.93321			6
2025.12.04	02:14:31.978	0.93316	0.93323			6
2025.12.04	02:14:35.245		0.93322			4
2025.12.04	02:14:40.684	0.93315	0.93321			6
2025.12.04	02:14:42.510	0.93313	0.93320			6
2025.12.04	02:14:43.282	0.93314				2
2025.12.04	02:14:45.378	0.93313	0.93319			6
2025.12.04	02:14:53.139		0.93320			4
2025.12.04	02:15:00.307	0.93313				2
2025.12.04	02:15:01.427	0.93314	0.93321			6
2025.12.04	02:15:02.263	0.93313				2
2025.12.04	02:15:05.709		0.93320			4
2025.12.04	02:15:08.002	0.93316	0.93322			6
2025.12.04	02:15:13.944	0.93317	0.93323			6
2025.12.04	02:15:15.051	0.93315	0.93321			6
2025.12.04	02:15:15.360	0.93313	0.93320			6
2025.12.04	02:15:16.985	0.93314				2
2025.12.04	02:15:18.424	0.93313				2
2025.12.04	02:15:21.505	0.93314				2
2025.12.04	02:15:22.756	0.93315	0.93321			6
2025.12.04	02:15:23.274	0.93314	0.93320			6
2025.12.04	02:15:26.618	0.93313				2
2025.12.04	02:15:30.390	0.93314				2
2025.12.04	02:15:31.523	0.93313				2
2025.12.04	02:15:32.238	0.93315				2
2025.12.04	02:15:35.270		0.93322			4
2025.12.04	02:15:36.107		0.93321			4
2025.12.04	02:15:41.399	0.93318	0.93325			6
2025.12.04	02:15:41.735	0.93319	0.93327			6
2025.12.04	02:15:42.071	0.93320	0.93326			6
2025.12.04	02:15:50.632	0.93319				2
2025.12.04	02:15:51.511		0.93325			4
2025.12.04	02:15:54.960		0.93326			4
2025.12.04	02:15:55.451		0.93325			4
2025.12.04	02:15:56.049	0.93320	0.93326			6
2025.12.04	02:16:00.364	0.93320				2
2025.12.04	02:16:04.242	0.93321	0.93327			6
2025.12.04	02:16:07.324	0.93319	0.93326			6
2025.12.04	02:16:09.204	0.93321	0.93327			6
2025.12.04	02:16:10.370	0.93319	0.93326			6
2025.12.04	02:16:11.531		0.93325			4
2025.12.04	02:16:19.240		0.93326			4
2025.12.04	02:16:29.036		0.93325			4
2025.12.04	02:16:40.878		0.93326			4
2025.12.04	02:16:44.843	0.93320				2
2025.12.04	02:16:49.776	0.93319	0.93325			6
2025.12.04	02:16:52.266		0.93326			4
2025.12.04	02:16:59.580	0.93327	0.93333			6
2025.12.04	02:17:00.356	0.93327				2
2025.12.04	02:17:01.462		0.93334			4
2025.12.04	02:17:01.821		0.93332			4
2025.12.04	02:17:02.432	0.93326				2
2025.12.04	02:17:06.644		0.93333			4
2025.12.04	02:17:09.653	0.93327				2
2025.12.04	02:17:10.317	0.93326				2
2025.12.04	02:17:12.166	0.93327	0.93332			6
2025.12.04	02:17:12.571	0.93325				2
2025.12.04	02:17:13.689	0.93324	0.93331			6
2025.12.04	02:17:15.500	0.93323	0.93330			6
2025.12.04	02:17:20.199	0.93324	0.93329			6
2025.12.04	02:17:21.238		0.93330			4
2025.12.04	02:17:24.901	0.93326	0.93332			6
2025.12.04	02:17:29.241	0.93323	0.93330			6
2025.12.04	02:17:30.203		0.93331			4
2025.12.04	02:17:33.841		0.93330			4
2025.12.04	02:17:36.664	0.93325	0.93331			6
2025.12.04	02:17:36.996	0.93323	0.93330			6
2025.12.04	02:17:40.070	0.93324	0.93331			6
2025.12.04	02:17:44.871	0.93325				2
2025.12.04	02:17:48.486	0.93324				2
2025.12.04	02:17:48.798		0.93330			4
2025.12.04	02:17:49.184	0.93322				2
2025.12.04	02:17:49.609		0.93329			4
2025.12.04	02:17:55.384		0.93330			4
2025.12.04	02:17:58.670	0.93323	0.93329			6
2025.12.04	02:18:00.081	0.93323				2
2025.12.04	02:18:01.500	0.93320	0.93326			6
2025.12.04	02:18:03.358		0.93327			4
2025.12.04	02:18:03.817	0.93319	0.93326			6
2025.12.04	02:18:16.363		0.93325			4
2025.12.04	02:18:22.838		0.93326			4
2025.12.04	02:18:27.761	0.93320				2
2025.12.04	02:18:29.377	0.93322	0.93328			6
2025.12.04	02:18:35.145	0.93321				2
2025.12.04	02:18:36.745	0.93318	0.93326			6
2025.12.04	02:18:37.798	0.93319	0.93325			6
2025.12.04	02:18:39.164		0.93326			4
2025.12.04	02:18:46.653	0.93320				2
2025.12.04	02:18:48.667	0.93318	0.93324			6
2025.12.04	02:18:51.686		0.93326			4
2025.12.04	02:18:52.003	0.93319	0.93325			6
2025.12.04	02:18:52.330	0.93318				2
2025.12.04	02:18:53.471	0.93319				2
2025.12.04	02:18:56.094	0.93318				2
2025.12.04	02:18:58.450	0.93319				2
2025.12.04	02:18:59.517	0.93320	0.93326			6
2025.12.04	02:19:00.029	0.93320				2
2025.12.04	02:19:01.399		0.93327			4
2025.12.04	02:19:01.947	0.93319	0.93326			6
2025.12.04	02:19:02.965	0.93314	0.93321			6
2025.12.04	02:19:05.258	0.93313	0.93320			6
2025.12.04	02:19:07.031	0.93314				2
2025.12.04	02:19:08.977	0.93316	0.93322			6
2025.12.04	02:19:14.761		0.93323			4
2025.12.04	02:19:15.235	0.93315	0.93322			6
2025.12.04	02:19:15.540	0.93314	0.93321			6
2025.12.04	02:19:16.033	0.93313	0.93320			6
2025.12.04	02:19:17.424	0.93312	0.93319			6
2025.12.04	02:19:25.470	0.93313				2
2025.12.04	02:19:27.823	0.93312	0.93320			6
2025.12.04	02:19:29.505	0.93314	0.93322			6
2025.12.04	02:19:33.883	0.93315	0.93323			6
2025.12.04	02:19:35.751	0.93319	0.93325			6
2025.12.04	02:19:36.059	0.93318				2
2025.12.04	02:19:36.641	0.93317				2
2025.12.04	02:19:39.865	0.93322	0.93328			6
2025.12.04	02:19:40.201	0.93321	0.93329			6
2025.12.04	02:19:41.428	0.93322	0.93328			6
2025.12.04	02:19:42.661	0.93323	0.93329			6
2025.12.04	02:19:45.536	0.93321	0.93328			6
2025.12.04	02:20:00.570	0.93321	0.93327			6
2025.12.04	02:20:01.949	0.93320				2
2025.12.04	02:20:02.426		0.93326			4
2025.12.04	02:20:06.872	0.93317	0.93324			6
2025.12.04	02:20:10.610	0.93318				2
2025.12.04	02:20:18.399	0.93316	0.93323			6
2025.12.04	02:20:29.391	0.93320	0.93326			6
2025.12.04	02:20:30.193		0.93325			4
2025.12.04	02:20:31.183	0.93318				2
2025.12.04	02:20:32.555	0.93319				2
2025.12.04	02:20:42.677	0.93318				2
2025.12.04	02:20:43.619	0.93319				2
2025.12.04	02:20:44.192		0.93324			4
2025.12.04	02:20:44.518		0.93323			4
2025.12.04	02:20:44.824	0.93317	0.93324			6
2025.12.04	02:20:45.363		0.93323			4
2025.12.04	02:20:52.915	0.93318				2
2025.12.04	02:20:55.669	0.93317				2
2025.12.04	02:21:00.443	0.93317				2
2025.12.04	02:21:06.093	0.93316	0.93322			6
2025.12.04	02:21:06.477		0.93323			4
2025.12.04	02:21:12.273	0.93315	0.93322			6
2025.12.04	02:21:20.971	0.93314				2
2025.12.04	02:21:21.629	0.93315				2
2025.12.04	02:21:22.465	0.93316				2
2025.12.04	02:21:28.227	0.93319	0.93324			6
2025.12.04	02:21:28.676	0.93317	0.93323			6
2025.12.04	02:21:35.166		0.93322			4
2025.12.04	02:21:36.541		0.93324			4
2025.12.04	02:21:37.792	0.93316	0.93325			6
2025.12.04	02:21:47.478	0.93319	0.93324			6
2025.12.04	02:21:49.428		0.93325			4
2025.12.04	02:21:50.386	0.93318	0.93324			6
2025.12.04	02:21:51.236	0.93317	0.93325			6
2025.12.04	02:21:55.335	0.93318	0.93324			6
2025.12.04	02:21:58.306		0.93323			4
2025.12.04	02:22:00.671	0.93317				2
2025.12.04	02:22:03.652	0.93316	0.93324			6
2025.12.04	02:22:05.876		0.93323			4
2025.12.04	02:22:08.391	0.93315				2
2025.12.04	02:22:08.775	0.93316				2
2025.12.04	02:22:09.277	0.93317				2
2025.12.04	02:22:09.982	0.93318	0.93325			6
2025.12.04	02:22:10.412		0.93324			4
2025.12.04	02:22:12.403		0.93326			4
2025.12.04	02:22:12.705		0.93325			4
2025.12.04	02:22:17.918		0.93324			4
2025.12.04	02:22:23.969		0.93325			4
2025.12.04	02:22:26.126		0.93324			4
2025.12.04	02:22:28.376	0.93317	0.93323			6
2025.12.04	02:22:31.720	0.93316	0.93322			6
2025.12.04	02:22:37.909	0.93315	0.93321			6
2025.12.04	02:22:39.206	0.93316	0.93322			6
2025.12.04	02:22:43.709		0.93321			4
2025.12.04	02:22:44.820	0.93314	0.93322			6
2025.12.04	02:22:49.499	0.93315	0.93323			6
2025.12.04	02:22:50.479		0.93321			4
2025.12.04	02:22:54.807		0.93323			4
2025.12.04	02:22:55.118		0.93321			4
2025.12.04	02:22:57.609	0.93314				2
2025.12.04	02:23:00.321	0.93315				2
2025.12.04	02:23:01.561	0.93316				2
2025.12.04	02:23:01.870	0.93314	0.93322			6
2025.12.04	02:23:03.710	0.93315				2
2025.12.04	02:23:04.290	0.93316	0.93323			6
2025.12.04	02:23:04.607	0.93317	0.93324			6
2025.12.04	02:23:04.922		0.93323			4
2025.12.04	02:23:07.656		0.93324			4
2025.12.04	02:23:14.982		0.93323			4
2025.12.04	02:23:16.277	0.93318	0.93324			6
2025.12.04	02:23:16.611	0.93317	0.93325			6
2025.12.04	02:23:19.773	0.93315	0.93321			6
2025.12.04	02:23:27.761	0.93316	0.93322			6
2025.12.04	02:23:41.024	0.93317				2
2025.12.04	02:23:41.792		0.93323			4
2025.12.04	02:23:44.176		0.93324			4
2025.12.04	02:23:45.060		0.93323			4
2025.12.04	02:23:45.379		0.93324			4
2025.12.04	02:23:46.970	0.93318				2
2025.12.04	02:24:00.638	0.93318				2
2025.12.04	02:24:03.651	0.93317				2
2025.12.04	02:24:08.894		0.93322			4
2025.12.04	02:24:09.955		0.93323			4
2025.12.04	02:24:11.493	0.93315	0.93321			6
2025.12.04	02:24:18.885	0.93316				2
2025.12.04	02:24:20.430	0.93315				2
2025.12.04	02:24:21.947	0.93316				2
2025.12.04	02:24:22.488	0.93315				2
2025.12.04	02:24:29.577	0.93316	0.93322			6
2025.12.04	02:24:40.299	0.93315	0.93321			6
2025.12.04	02:24:41.259		0.93320			4
2025.12.04	02:24:45.380	0.93314	0.93321			6
2025.12.04	02:24:54.669	0.93315				2
2025.12.04	02:25:00.560	0.93315				2
2025.12.04	02:25:01.408		0.93322			4
2025.12.04	02:25:01.750		0.93320			4
2025.12.04	02:25:04.985	0.93314	0.93319			6
2025.12.04	02:25:05.327	0.93313				2
2025.12.04	02:25:08.422	0.93314				2
2025.12.04	02:25:08.946		0.93320			4
2025.12.04	02:25:09.332		0.93319			4
2025.12.04	02:25:10.178		0.93320			4
2025.12.04	02:25:18.188		0.93322			4
2025.12.04	02:25:18.602		0.93320			4
2025.12.04	02:25:19.431	0.93315	0.93322			6
2025.12.04	02:25:20.327	0.93313	0.93319			6
2025.12.04	02:25:22.662	0.93312	0.93318			6
2025.12.04	02:25:23.855	0.93311				2
2025.12.04	02:25:30.409	0.93310	0.93316			6
2025.12.04	02:25:31.652		0.93318			4
2025.12.04	02:25:37.959	0.93311				2
2025.12.04	02:25:38.264	0.93310	0.93317			6
2025.12.04	02:25:39.334	0.93309	0.93318			6
2025.12.04	02:25:43.019	0.93310	0.93316			6
2025.12.04	02:25:43.560	0.93309	0.93317			6
2025.12.04	02:25:43.950	0.93310	0.93316			6
2025.12.04	02:25:45.123		0.93317			4
2025.12.04	02:25:55.140		0.93318			4
2025.12.04	02:25:55.458		0.93316			4
2025.12.04	02:25:58.478		0.93317			4
2025.12.04	02:25:59.273	0.93312	0.93319			6
2025.12.04	02:26:00.052	0.93311	0.93318			6
2025.12.04	02:26:00.398	0.93313	0.93319			6
2025.12.04	02:26:04.199	0.93311				2
2025.12.04	02:26:05.192	0.93312	0.93318			6
2025.12.04	02:26:07.200	0.93309	0.93316			6
2025.12.04	02:26:08.658	0.93310				2
2025.12.04	02:26:09.283	0.93311				2
2025.12.04	02:26:09.612	0.93310				2
2025.12.04	02:26:11.523		0.93317			4
2025.12.04	02:26:13.718	0.93308	0.93314			6
2025.12.04	02:26:14.175	0.93307				2
2025.12.04	02:26:14.762	0.93308	0.93315			6
2025.12.04	02:26:15.260		0.93314			4
2025.12.04	02:26:15.675	0.93309	0.93315			6
2025.12.04	02:26:16.543		0.93314			4
2025.12.04	02:26:20.217	0.93310	0.93316			6
2025.12.04	02:26:21.451		0.93315			4
2025.12.04	02:26:24.541	0.93309				2
2025.12.04	02:26:29.152		0.93316			4
2025.12.04	02:26:30.411	0.93310				2
2025.12.04	02:26:30.926	0.93309				2
2025.12.04	02:26:35.546	0.93310				2
2025.12.04	02:26:37.434		0.93315			4
2025.12.04	02:26:47.126	0.93311	0.93318			6
2025.12.04	02:26:48.024	0.93313	0.93317			6
2025.12.04	02:26:53.313	0.93311				2
2025.12.04	02:26:56.694	0.93312				2
2025.12.04	02:27:00.552	0.93312				2
2025.12.04	02:27:02.675	0.93311				2
2025.12.04	02:27:03.474	0.93312	0.93319			6
2025.12.04	02:27:08.556		0.93318			4
2025.12.04	02:27:10.549	0.93315	0.93322			6
2025.12.04	02:27:11.107		0.93321			4
2025.12.04	02:27:12.734		0.93322			4
2025.12.04	02:27:22.741	0.93316				2
2025.12.04	02:27:27.936	0.93315	0.93321			6
2025.12.04	02:27:28.262		0.93322			4
2025.12.04	02:27:28.586	0.93316				2
2025.12.04	02:27:31.464	0.93314	0.93321			6
2025.12.04	02:27:31.903	0.93315	0.93322			6
2025.12.04	02:27:33.547		0.93321			4
2025.12.04	02:27:34.529		0.93320			4
2025.12.04	02:27:35.957	0.93314				2
2025.12.04	02:27:37.733	0.93315	0.93321			6
2025.12.04	02:27:38.069		0.93322			4
2025.12.04	02:27:39.069	0.93316				2
2025.12.04	02:27:43.109		0.93321			4
2025.12.04	02:27:43.421		0.93322			4
2025.12.04	02:27:46.170	0.93315				2
2025.12.04	02:27:47.117	0.93313	0.93319			6
2025.12.04	02:27:47.904	0.93312				2
2025.12.04	02:27:49.813	0.93319	0.93325			6
2025.12.04	02:27:52.143	0.93318				2
2025.12.04	02:27:55.553	0.93319	0.93326			6
2025.12.04	02:27:57.802		0.93325			4
2025.12.04	02:27:59.170	0.93316	0.93324			6
2025.12.04	02:28:00.077	0.93316				2
2025.12.04	02:28:01.522		0.93323			4
2025.12.04	02:28:07.496	0.93317	0.93324			6
2025.12.04	02:28:12.581	0.93318				2
2025.12.04	02:28:15.362	0.93317	0.93323			6
2025.12.04	02:28:15.710	0.93316				2
