<DATE>	<TIME>	<BID>	<ASK>	<LAST>	<VOLUME>	<FLAGS>
2025.10.22	00:03:31.073	0.92299	0.92451			6
2025.10.22	00:04:00.656	0.92299				2
2025.10.22	00:04:31.457		0.92451			4
2025.10.22	00:05:00.216	0.92299				2
2025.10.22	00:05:05.793		0.92427			4
2025.10.22	00:05:06.099		0.92434			4
2025.10.22	00:05:10.475		0.92433			4
2025.10.22	00:05:10.777		0.92434			4
2025.10.22	00:05:11.149		0.92435			4
2025.10.22	00:05:16.275		0.92431			4
2025.10.22	00:05:16.576		0.92435			4
2025.10.22	00:05:18.933		0.92434			4
2025.10.22	00:05:19.238		0.92435			4
2025.10.22	00:05:25.176		0.92436			4
2025.10.22	00:05:25.501		0.92435			4
2025.10.22	00:05:26.463		0.92434			4
2025.10.22	00:05:28.218		0.92433			4
2025.10.22	00:05:30.535		0.92429			4
2025.10.22	00:05:30.838		0.92433			4
2025.10.22	00:05:31.957		0.92430			4
2025.10.22	00:05:32.278		0.92434			4
2025.10.22	00:05:34.354		0.92451			4
2025.10.22	00:05:35.329		0.92434			4
2025.10.22	00:05:36.301		0.92432			4
2025.10.22	00:05:36.617		0.92435			4
2025.10.22	00:05:40.936		0.92436			4
2025.10.22	00:05:42.347		0.92451			4
2025.10.22	00:06:01.018	0.92299				2
2025.10.22	00:06:42.761		0.92451			4
2025.10.22	00:06:59.857		0.92441			4
2025.10.22	00:07:00.158	0.92299	0.92451			6
2025.10.22	00:07:04.317	0.92309	0.92441			6
2025.10.22	00:07:04.619	0.92299	0.92451			6
2025.10.22	00:07:21.938		0.92447			4
2025.10.22	00:07:23.036		0.92451			4
2025.10.22	00:07:24.301		0.92450			4
2025.10.22	00:07:25.462		0.92447			4
2025.10.22	00:07:25.778		0.92450			4
2025.10.22	00:07:26.958		0.92447			4
2025.10.22	00:07:28.116		0.92440			4
2025.10.22	00:07:28.437		0.92451			4
2025.10.22	00:07:30.656		0.92450			4
2025.10.22	00:07:31.921		0.92449			4
2025.10.22	00:07:32.232		0.92451			4
2025.10.22	00:07:33.664		0.92450			4
2025.10.22	00:07:34.237		0.92451			4
2025.10.22	00:07:36.347		0.92448			4
2025.10.22	00:07:36.658		0.92451			4
2025.10.22	00:07:40.076		0.92448			4
2025.10.22	00:07:40.393		0.92451			4
2025.10.22	00:07:42.896		0.92442			4
2025.10.22	00:07:43.208		0.92451			4
2025.10.22	00:07:46.018		0.92470			4
2025.10.22	00:07:46.346		0.92477			4
2025.10.22	00:07:46.654		0.92479			4
2025.10.22	00:07:49.713		0.92476			4
2025.10.22	00:07:51.802		0.92477			4
2025.10.22	00:07:52.833		0.92486			4
2025.10.22	00:07:53.877		0.92494			4
2025.10.22	00:07:54.417		0.92491			4
2025.10.22	00:07:54.916		0.92494			4
2025.10.22	00:07:56.015		0.92481			4
2025.10.22	00:07:56.701		0.92455			4
2025.10.22	00:07:58.097		0.92472			4
2025.10.22	00:07:59.215		0.92463			4
2025.10.22	00:08:00.324	0.92299	0.92460			6
2025.10.22	00:08:01.362		0.92476			4
2025.10.22	00:08:02.422		0.92472			4
2025.10.22	00:08:03.455		0.92476			4
2025.10.22	00:08:04.515		0.92467			4
2025.10.22	00:08:05.533		0.92475			4
2025.10.22	00:08:06.587		0.92476			4
2025.10.22	00:08:08.635		0.92475			4
2025.10.22	00:08:09.676		0.92476			4
2025.10.22	00:08:10.714		0.92468			4
2025.10.22	00:08:18.152		0.92476			4
2025.10.22	00:08:20.255		0.92470			4
2025.10.22	00:08:26.600		0.92476			4
2025.10.22	00:08:27.639		0.92470			4
2025.10.22	00:08:28.675		0.92476			4
2025.10.22	00:08:32.935		0.92472			4
2025.10.22	00:08:33.259		0.92467			4
2025.10.22	00:08:34.275		0.92471			4
2025.10.22	00:08:35.317		0.92472			4
2025.10.22	00:08:36.518		0.92459			4
2025.10.22	00:08:37.677		0.92476			4
2025.10.22	00:08:38.901		0.92470			4
2025.10.22	00:08:39.960		0.92468			4
2025.10.22	00:08:41.055		0.92476			4
2025.10.22	00:08:42.136		0.92475			4
2025.10.22	00:08:43.176		0.92477			4
2025.10.22	00:08:44.214		0.92472			4
2025.10.22	00:08:45.335		0.92476			4
2025.10.22	00:08:47.529		0.92475			4
2025.10.22	00:08:48.560		0.92476			4
2025.10.22	00:08:49.599		0.92473			4
2025.10.22	00:08:50.696		0.92474			4
2025.10.22	00:08:51.803		0.92475			4
2025.10.22	00:08:52.839		0.92473			4
2025.10.22	00:08:53.875		0.92471			4
2025.10.22	00:08:54.916		0.92467			4
2025.10.22	00:08:55.954		0.92470			4
2025.10.22	00:08:57.002		0.92473			4
2025.10.22	00:08:58.037		0.92470			4
2025.10.22	00:09:00.114	0.92299				2
2025.10.22	00:09:01.156		0.92468			4
2025.10.22	00:09:02.196		0.92469			4
2025.10.22	00:09:04.275		0.92472			4
2025.10.22	00:09:07.403		0.92485			4
2025.10.22	00:09:08.434		0.92470			4
2025.10.22	00:09:09.477		0.92471			4
2025.10.22	00:09:10.795		0.92470			4
2025.10.22	00:09:14.157		0.92469			4
2025.10.22	00:09:15.238		0.92470			4
2025.10.22	00:09:18.461		0.92472			4
2025.10.22	00:09:19.639		0.92470			4
2025.10.22	00:09:22.756		0.92471			4
2025.10.22	00:09:23.794		0.92467			4
2025.10.22	00:09:24.835		0.92470			4
2025.10.22	00:09:57.075		0.92469			4
2025.10.22	00:10:00.195	0.92299	0.92420			6
2025.10.22	00:10:03.314		0.92419			4
2025.10.22	00:10:11.532	0.92258	0.92430			6
2025.10.22	00:10:13.723	0.92260				2
2025.10.22	00:10:17.769		0.92429			4
2025.10.22	00:10:23.086	0.92261				2
2025.10.22	00:10:30.582	0.92248	0.92442			6
2025.10.22	00:10:31.264	0.92246				2
2025.10.22	00:10:31.876	0.92250	0.92440			6
2025.10.22	00:10:32.221	0.92249				2
2025.10.22	00:10:33.476		0.92441			4
2025.10.22	00:10:36.690	0.92252	0.92437			6
2025.10.22	00:10:37.038	0.92249	0.92441			6
2025.10.22	00:10:37.342	0.92250	0.92440			6
2025.10.22	00:10:37.997	0.92258	0.92438			6
2025.10.22	00:10:38.296	0.92260	0.92435			6
2025.10.22	00:10:38.644	0.92259	0.92438			6
2025.10.22	00:10:38.949	0.92252	0.92437			6
2025.10.22	00:10:41.209	0.92254	0.92436			6
2025.10.22	00:10:41.510	0.92253	0.92437			6
2025.10.22	00:10:42.465	0.92254	0.92436			6
2025.10.22	00:10:44.473		0.92435			4
2025.10.22	00:10:45.424	0.92253				2
2025.10.22	00:10:46.727	0.92254				2
2025.10.22	00:10:47.681		0.92434			4
2025.10.22	00:10:49.588	0.92255				2
2025.10.22	00:10:51.843		0.92433			4
2025.10.22	00:10:52.797	0.92256	0.92432			6
2025.10.22	00:10:54.102	0.92260	0.92428			6
2025.10.22	00:10:54.720	0.92261				2
2025.10.22	00:10:55.656	0.92260				2
2025.10.22	00:10:55.958	0.92261				2
2025.10.22	00:10:56.585	0.92260	0.92429			6
2025.10.22	00:10:56.909		0.92428			4
2025.10.22	00:10:57.862	0.92219	0.92431			6
2025.10.22	00:10:59.821	0.92240	0.92430			6
2025.10.22	00:11:00.122	0.92221	0.92431			6
2025.10.22	00:11:00.772	0.92240	0.92430			6
2025.10.22	00:11:01.123	0.92218	0.92432			6
2025.10.22	00:11:02.075	0.92221	0.92431			6
2025.10.22	00:11:03.985	0.92218	0.92432			6
2025.10.22	00:11:04.983	0.92299	0.92429			6
2025.10.22	00:11:06.097		0.92420			4
2025.10.22	00:11:06.738	0.92217	0.92433			6
2025.10.22	00:11:07.048	0.92221	0.92432			6
2025.10.22	00:11:07.701	0.92299	0.92419			6
2025.10.22	00:11:08.141		0.92421			4
2025.10.22	00:11:08.597		0.92423			4
2025.10.22	00:11:12.216		0.92424			4
2025.10.22	00:11:13.603	0.92216	0.92436			6
2025.10.22	00:11:14.226	0.92213				2
2025.10.22	00:11:14.528	0.92299	0.92423			6
2025.10.22	00:11:16.315		0.92424			4
2025.10.22	00:11:20.354	0.92215	0.92436			6
2025.10.22	00:11:21.347	0.92299	0.92424			6
2025.10.22	00:11:27.300	0.92216	0.92436			6
2025.10.22	00:11:27.615	0.92213				2
2025.10.22	00:11:28.271	0.92299	0.92424			6
2025.10.22	00:11:33.715		0.92425			4
2025.10.22	00:11:34.137	0.92216	0.92436			6
2025.10.22	00:11:34.447	0.92242	0.92434			6
2025.10.22	00:11:34.794	0.92216	0.92436			6
2025.10.22	00:11:35.101	0.92299	0.92425			6
2025.10.22	00:12:00.349	0.92299				2
2025.10.22	00:12:06.557		0.92424			4
2025.10.22	00:12:07.389		0.92426			4
2025.10.22	00:12:10.777		0.92425			4
2025.10.22	00:12:11.801		0.92426			4
2025.10.22	00:12:12.833		0.92425			4
2025.10.22	00:12:19.073		0.92424			4
2025.10.22	00:12:26.355	0.92300				2
2025.10.22	00:12:28.436	0.92299				2
2025.10.22	00:12:29.475	0.92300				2
2025.10.22	00:12:29.787		0.92419			4
2025.10.22	00:12:31.555		0.92420			4
2025.10.22	00:12:39.153		0.92416			4
2025.10.22	00:12:39.464		0.92417			4
2025.10.22	00:12:40.589		0.92416			4
2025.10.22	00:12:40.916	0.92299				2
2025.10.22	00:12:41.955	0.92300				2
2025.10.22	00:12:46.446	0.92299				2
2025.10.22	00:12:47.114	0.92300				2
2025.10.22	00:12:47.467	0.92299				2
2025.10.22	00:12:48.194	0.92300	0.92415			6
2025.10.22	00:12:49.234		0.92416			4
2025.10.22	00:12:51.082	0.92301				2
2025.10.22	00:12:51.407	0.92300				2
2025.10.22	00:12:55.474	0.92299				2
2025.10.22	00:12:56.497	0.92300				2
2025.10.22	00:12:57.556	0.92299				2
2025.10.22	00:12:58.594	0.92300				2
2025.10.22	00:13:00.675	0.92300				2
2025.10.22	00:13:02.050	0.92299				2
2025.10.22	00:13:05.877	0.92300				2
2025.10.22	00:13:07.955		0.92414			4
2025.10.22	00:13:08.869	0.92301				2
2025.10.22	00:13:10.036	0.92300	0.92416			6
2025.10.22	00:13:12.116	0.92301				2
2025.10.22	00:13:13.156	0.92300				2
2025.10.22	00:13:14.194	0.92299				2
2025.10.22	00:13:16.106	0.92300				2
2025.10.22	00:13:19.403	0.92299				2
2025.10.22	00:13:21.475	0.92302	0.92415			6
2025.10.22	00:13:22.513	0.92300	0.92416			6
2025.10.22	00:13:23.555		0.92417			4
2025.10.22	00:13:28.755		0.92416			4
2025.10.22	00:13:29.799		0.92417			4
2025.10.22	00:13:30.839	0.92299				2
2025.10.22	00:13:31.875	0.92300				2
2025.10.22	00:13:32.915		0.92416			4
2025.10.22	00:13:33.958		0.92417			4
2025.10.22	00:13:35.001	0.92299	0.92416			6
2025.10.22	00:13:41.235	0.92300				2
2025.10.22	00:13:42.274	0.92299				2
2025.10.22	00:13:46.343	0.92300				2
2025.10.22	00:13:48.515	0.92299				2
2025.10.22	00:13:49.391	0.92300				2
2025.10.22	00:13:51.633	0.92299				2
2025.10.22	00:13:53.713	0.92300				2
2025.10.22	00:13:58.916	0.92299				2
2025.10.22	00:13:59.957	0.92300				2
2025.10.22	00:14:00.995	0.92299				2
2025.10.22	00:14:02.036	0.92300				2
2025.10.22	00:14:06.196		0.92417			4
2025.10.22	00:14:07.235	0.92299				2
2025.10.22	00:14:08.273		0.92416			4
2025.10.22	00:14:10.356	0.92301	0.92415			6
2025.10.22	00:14:11.417	0.92300				2
2025.10.22	00:14:12.437		0.92417			4
2025.10.22	00:14:17.437	0.92301	0.92416			6
2025.10.22	00:14:17.741	0.92302	0.92415			6
2025.10.22	00:14:18.675	0.92299	0.92417			6
2025.10.22	00:14:19.714	0.92300				2
2025.10.22	00:14:30.114	0.92302	0.92415			6
2025.10.22	00:14:31.155	0.92300	0.92417			6
2025.10.22	00:14:40.515	0.92302	0.92415			6
2025.10.22	00:14:41.554	0.92300	0.92417			6
2025.10.22	00:14:43.634	0.92299				2
2025.10.22	00:14:44.673	0.92300				2
2025.10.22	00:14:45.714	0.92299				2
2025.10.22	00:14:51.955		0.92416			4
2025.10.22	00:14:55.074		0.92417			4
2025.10.22	00:14:56.117		0.92416			4
2025.10.22	00:14:57.155		0.92417			4
2025.10.22	00:14:59.235		0.92416			4
2025.10.22	00:15:00.274	0.92300				2
2025.10.22	00:15:01.227		0.92417			4
2025.10.22	00:15:03.397	0.92299	0.92416			6
2025.10.22	00:15:07.554	0.92301				2
2025.10.22	00:15:09.634	0.92300				2
2025.10.22	00:15:10.673	0.92301				2
2025.10.22	00:15:13.797		0.92417			4
2025.10.22	00:15:14.834		0.92416			4
2025.10.22	00:15:15.875		0.92419			4
2025.10.22	00:15:17.954	0.92300				2
2025.10.22	00:15:18.995	0.92299	0.92418			6
2025.10.22	00:15:21.076		0.92419			4
2025.10.22	00:15:23.158	0.92301				2
2025.10.22	00:15:26.004		0.92418			4
2025.10.22	00:15:30.356		0.92419			4
2025.10.22	00:15:31.484		0.92418			4
2025.10.22	00:15:32.516	0.92299				2
2025.10.22	00:15:42.915		0.92419			4
2025.10.22	00:15:43.955		0.92418			4
2025.10.22	00:16:00.596	0.92299				2
2025.10.22	00:16:06.835	0.92301	0.92417			6
2025.10.22	00:16:07.723	0.92300	0.92416			6
2025.10.22	00:16:08.234	0.92301	0.92418			6
2025.10.22	00:16:08.917	0.92300	0.92419			6
2025.10.22	00:16:09.953	0.92299	0.92418			6
2025.10.22	00:16:10.996	0.92300				2
2025.10.22	00:16:12.034	0.92299				2
2025.10.22	00:16:14.114	0.92301				2
2025.10.22	00:16:15.156	0.92299				2
2025.10.22	00:16:16.978	0.92302				2
2025.10.22	00:16:17.301	0.92300				2
2025.10.22	00:16:18.274	0.92299				2
2025.10.22	00:16:20.355	0.92300				2
2025.10.22	00:16:21.393	0.92299	0.92417			6
2025.10.22	00:16:22.434		0.92418			4
2025.10.22	00:16:23.474	0.92300				2
2025.10.22	00:16:24.516	0.92301				2
2025.10.22	00:16:25.556	0.92299	0.92417			6
2025.10.22	00:16:26.596	0.92300	0.92418			6
2025.10.22	00:16:27.593	0.92301	0.92419			6
2025.10.22	00:16:28.675	0.92299	0.92418			6
2025.10.22	00:16:30.755	0.92301	0.92419			6
2025.10.22	00:16:31.793	0.92299	0.92418			6
2025.10.22	00:16:35.955		0.92419			4
2025.10.22	00:16:36.995	0.92301				2
2025.10.22	00:16:38.035	0.92299				2
2025.10.22	00:16:39.076	0.92300				2
2025.10.22	00:16:40.115	0.92301				2
2025.10.22	00:16:41.155	0.92299	0.92418			6
2025.10.22	00:16:47.400		0.92419			4
2025.10.22	00:16:48.083		0.92418			4
2025.10.22	00:16:54.675	0.92301	0.92419			6
2025.10.22	00:16:55.715	0.92299				2
2025.10.22	00:16:56.754		0.92418			4
2025.10.22	00:16:59.876	0.92301	0.92419			6
2025.10.22	00:17:00.314	0.92301				2
2025.10.22	00:17:00.915	0.92299	0.92418			6
2025.10.22	00:17:03.001	0.92300	0.92419			6
2025.10.22	00:17:04.033	0.92299	0.92418			6
2025.10.22	00:17:06.114		0.92419			4
2025.10.22	00:17:07.156		0.92418			4
2025.10.22	00:17:10.275	0.92301	0.92419			6
2025.10.22	00:17:11.315	0.92299	0.92418			6
2025.10.22	00:17:12.357		0.92419			4
2025.10.22	00:17:13.395		0.92418			4
2025.10.22	00:17:17.555	0.92300	0.92419			6
2025.10.22	00:17:18.597	0.92301				2
2025.10.22	00:17:20.680	0.92299	0.92418			6
2025.10.22	00:17:24.836		0.92419			4
2025.10.22	00:17:27.954		0.92418			4
2025.10.22	00:17:30.034		0.92419			4
2025.10.22	00:17:34.196	0.92300	0.92420			6
2025.10.22	00:17:35.235	0.92299	0.92419			6
2025.10.22	00:17:37.313	0.92300				2
2025.10.22	00:17:38.356	0.92299				2
2025.10.22	00:17:44.596	0.92301	0.92420			6
2025.10.22	00:17:45.633	0.92299	0.92419			6
2025.10.22	00:17:48.755	0.92300	0.92420			6
2025.10.22	00:17:49.794	0.92299	0.92419			6
2025.10.22	00:17:50.702		0.92420			4
2025.10.22	00:17:57.076		0.92419			4
2025.10.22	00:17:59.156		0.92420			4
2025.10.22	00:18:00.197	0.92299				2
2025.10.22	00:18:01.233		0.92423			4
2025.10.22	00:18:01.775		0.92422			4
2025.10.22	00:18:02.273		0.92423			4
2025.10.22	00:18:11.637		0.92424			4
2025.10.22	00:18:18.916		0.92425			4
2025.10.22	00:18:22.039		0.92424			4
2025.10.22	00:18:24.114		0.92425			4
2025.10.22	00:18:25.155		0.92424			4
2025.10.22	00:18:27.234		0.92425			4
2025.10.22	00:18:29.317		0.92424			4
2025.10.22	00:18:31.394		0.92425			4
2025.10.22	00:18:44.915		0.92426			4
2025.10.22	00:18:46.995		0.92425			4
2025.10.22	00:18:49.076		0.92426			4
2025.10.22	00:18:51.154		0.92425			4
2025.10.22	00:18:53.236		0.92426			4
2025.10.22	00:18:55.316		0.92425			4
2025.10.22	00:18:57.396		0.92426			4
2025.10.22	00:18:58.433		0.92425			4
2025.10.22	00:18:59.475		0.92426			4
2025.10.22	00:19:00.315	0.92299	0.92425			6
2025.10.22	00:19:01.556		0.92426			4
2025.10.22	00:19:03.634		0.92425			4
2025.10.22	00:19:06.755		0.92426			4
2025.10.22	00:19:08.833		0.92425			4
2025.10.22	00:19:09.875		0.92426			4
2025.10.22	00:19:10.915		0.92427			4
2025.10.22	00:19:12.994		0.92426			4
2025.10.22	00:19:18.194		0.92425			4
2025.10.22	00:19:19.237		0.92426			4
2025.10.22	00:19:22.353		0.92425			4
2025.10.22	00:19:23.394		0.92426			4
2025.10.22	00:19:36.917		0.92425			4
2025.10.22	00:19:37.956		0.92426			4
2025.10.22	00:20:00.836	0.92299				2
2025.10.22	00:20:02.915		0.92427			4
2025.10.22	00:20:03.954		0.92426			4
2025.10.22	00:20:08.115		0.92427			4
2025.10.22	00:20:10.196		0.92426			4
2025.10.22	00:20:11.237		0.92427			4
2025.10.22	00:20:14.360		0.92426			4
2025.10.22	00:20:14.948		0.92428			4
2025.10.22	00:20:20.598		0.92427			4
2025.10.22	00:20:26.795		0.92426			4
2025.10.22	00:20:38.276		0.92425			4
2025.10.22	00:20:39.315		0.92426			4
2025.10.22	00:20:42.315		0.92425			4
2025.10.22	00:20:43.475		0.92426			4
2025.10.22	00:20:44.516		0.92425			4
2025.10.22	00:21:00.114	0.92299	0.92424			6
2025.10.22	00:21:08.436		0.92423			4
2025.10.22	00:21:09.475		0.92424			4
2025.10.22	00:21:32.356		0.92423			4
2025.10.22	00:21:45.874		0.92424			4
2025.10.22	00:21:46.915		0.92423			4
2025.10.22	00:22:00.357	0.92299				2
2025.10.22	00:22:11.368	0.92298				2
2025.10.22	00:22:11.875	0.92291				2
2025.10.22	00:22:12.917	0.92298				2
2025.10.22	00:22:16.035	0.92290				2
2025.10.22	00:22:21.235	0.92298				2
2025.10.22	00:22:23.314	0.92290				2
2025.10.22	00:22:24.354	0.92298				2
2025.10.22	00:22:25.228	0.92296				2
2025.10.22	00:22:32.645	0.92297				2
2025.10.22	00:22:36.115	0.92298				2
2025.10.22	00:22:37.875		0.92422			4
2025.10.22	00:22:38.692	0.92292				2
2025.10.22	00:22:38.996	0.92298				2
2025.10.22	00:22:42.035	0.92292				2
2025.10.22	00:22:42.790	0.92299	0.92420			6
2025.10.22	00:22:46.016	0.92297	0.92428			6
2025.10.22	00:22:46.349		0.92427			4
2025.10.22	00:22:49.254		0.92426			4
2025.10.22	00:22:50.295		0.92427			4
2025.10.22	00:22:59.300		0.92423			4
2025.10.22	00:23:00.775	0.92297				2
2025.10.22	00:23:02.303		0.92420			4
2025.10.22	00:23:04.381		0.92421			4
2025.10.22	00:23:07.390		0.92422			4
2025.10.22	00:23:09.486		0.92423			4
2025.10.22	00:23:11.174	0.92300				2
2025.10.22	00:23:16.015		0.92424			4
2025.10.22	00:23:21.790	0.92299				2
2025.10.22	00:23:23.051		0.92425			4
2025.10.22	00:23:35.545		0.92424			4
2025.10.22	00:23:36.941		0.92425			4
2025.10.22	00:23:46.282		0.92424			4
2025.10.22	00:23:56.277		0.92426			4
2025.10.22	00:24:00.927	0.92299	0.92427			6
2025.10.22	00:24:31.882		0.92426			4
2025.10.22	00:25:00.306	0.92299				2
2025.10.22	00:25:08.334		0.92425			4
2025.10.22	00:25:27.428	0.92292				2
2025.10.22	00:25:32.356		0.92424			4
2025.10.22	00:25:33.499		0.92425			4
2025.10.22	00:25:34.481		0.92424			4
2025.10.22	00:25:35.481		0.92425			4
2025.10.22	00:25:36.487		0.92424			4
2025.10.22	00:25:38.503	0.92299				2
2025.10.22	00:25:41.803		0.92425			4
2025.10.22	00:25:42.650		0.92426			4
2025.10.22	00:25:52.124	0.92293				2
2025.10.22	00:26:00.365	0.92293				2
2025.10.22	00:26:22.156	0.92298				2
2025.10.22	00:26:27.031		0.92427			4
2025.10.22	00:26:28.131		0.92426			4
2025.10.22	00:26:34.530	0.92299				2
2025.10.22	00:26:52.215	0.92293				2
2025.10.22	00:27:00.316	0.92293				2
2025.10.22	00:27:03.910	0.92298	0.92428			6
2025.10.22	00:27:07.037	0.92299				2
2025.10.22	00:27:12.154		0.92429			4
2025.10.22	00:27:13.175		0.92428			4
2025.10.22	00:27:14.200		0.92429			4
2025.10.22	00:27:14.890	0.92300	0.92427			6
2025.10.22	00:27:18.277		0.92426			4
2025.10.22	00:27:20.316		0.92427			4
2025.10.22	00:27:44.262		0.92426			4
2025.10.22	00:27:45.814		0.92425			4
2025.10.22	00:28:00.094	0.92300				2
2025.10.22	00:28:07.235		0.92424			4
2025.10.22	00:28:10.294		0.92425			4
2025.10.22	00:28:15.395		0.92424			4
2025.10.22	00:28:16.415		0.92425			4
2025.10.22	00:28:18.459		0.92424			4
2025.10.22	00:28:23.557		0.92425			4
2025.10.22	00:28:27.634		0.92424			4
2025.10.22	00:28:28.653		0.92425			4
2025.10.22	00:28:33.753		0.92424			4
2025.10.22	00:28:35.270		0.92425			4
2025.10.22	00:28:37.834	0.92301				2
2025.10.22	00:28:39.873		0.92424			4
2025.10.22	00:28:40.896		0.92425			4
2025.10.22	00:28:45.995		0.92426			4
2025.10.22	00:28:57.683		0.92425			4
2025.10.22	00:29:04.347	0.92301				2
2025.10.22	00:29:09.227		0.92426			4
2025.10.22	00:29:31.702	0.92306				2
2025.10.22	00:29:35.227		0.92425			4
2025.10.22	00:29:38.591		0.92426			4
2025.10.22	00:29:44.144		0.92427			4
2025.10.22	00:29:56.509		0.92428			4
2025.10.22	00:30:00.375	0.92306				2
2025.10.22	00:30:13.420	0.92318				2
2025.10.22	00:30:13.883		0.92429			4
2025.10.22	00:30:34.263		0.92428			4
2025.10.22	00:30:38.152	0.92320				2
2025.10.22	00:31:02.949	0.92320				2
2025.10.22	00:31:06.001	0.92300	0.92427			6
2025.10.22	00:31:07.620	0.92296				2
2025.10.22	00:31:15.083		0.92426			4
2025.10.22	00:31:25.233	0.92297				2
2025.10.22	00:31:34.631		0.92427			4
2025.10.22	00:31:48.721		0.92426			4
2025.10.22	00:32:05.670	0.92297				2
2025.10.22	00:32:08.325		0.92427			4
2025.10.22	00:32:08.863		0.92426			4
2025.10.22	00:32:25.236	0.92303	0.92424			6
2025.10.22	00:32:26.255		0.92426			4
2025.10.22	00:32:27.277		0.92427			4
2025.10.22	00:32:28.293		0.92425			4
2025.10.22	00:32:29.317		0.92424			4
2025.10.22	00:32:30.333		0.92425			4
2025.10.22	00:32:33.056		0.92426			4
2025.10.22	00:32:33.674		0.92427			4
2025.10.22	00:32:34.418		0.92426			4
2025.10.22	00:32:35.434		0.92424			4
2025.10.22	00:32:36.102		0.92425			4
2025.10.22	00:32:36.413		0.92426			4
2025.10.22	00:32:51.482		0.92425			4
2025.10.22	00:32:53.493	0.92299				2
2025.10.22	00:32:53.882		0.92426			4
2025.10.22	00:32:58.867		0.92424			4
2025.10.22	00:33:00.355	0.92299				2
2025.10.22	00:33:08.865		0.92426			4
2025.10.22	00:33:19.390		0.92425			4
2025.10.22	00:33:20.970		0.92423			4
2025.10.22	00:33:21.282		0.92422			4
2025.10.22	00:33:21.797		0.92424			4
2025.10.22	00:33:22.102		0.92423			4
2025.10.22	00:33:22.800		0.92424			4
2025.10.22	00:33:23.122		0.92423			4
2025.10.22	00:33:23.949		0.92424			4
2025.10.22	00:33:25.077		0.92423			4
2025.10.22	00:33:26.097		0.92424			4
2025.10.22	00:33:26.467		0.92423			4
2025.10.22	00:33:27.115		0.92424			4
2025.10.22	00:33:28.136		0.92423			4
2025.10.22	00:33:30.175		0.92424			4
2025.10.22	00:33:31.193		0.92423			4
2025.10.22	00:33:34.255		0.92422			4
2025.10.22	00:33:35.275		0.92423			4
2025.10.22	00:33:36.296		0.92424			4
2025.10.22	00:33:38.336		0.92422			4
2025.10.22	00:33:39.066		0.92423			4
2025.10.22	00:33:39.712		0.92422			4
2025.10.22	00:33:42.418		0.92423			4
2025.10.22	00:33:43.434		0.92424			4
2025.10.22	00:33:44.449		0.92423			4
2025.10.22	00:33:45.476		0.92422			4
2025.10.22	00:33:49.556		0.92423			4
2025.10.22	00:33:52.659		0.92424			4
2025.10.22	00:33:54.657		0.92423			4
2025.10.22	00:33:55.673		0.92422			4
2025.10.22	00:33:56.694		0.92423			4
2025.10.22	00:33:56.996		0.92422			4
2025.10.22	00:33:58.759		0.92423			4
2025.10.22	00:33:59.541		0.92424			4
2025.10.22	00:34:00.797	0.92299				2
2025.10.22	00:34:01.111		0.92422			4
2025.10.22	00:34:02.835		0.92423			4
2025.10.22	00:34:06.198		0.92422			4
2025.10.22	00:34:06.693		0.92424			4
2025.10.22	00:34:07.026		0.92423			4
2025.10.22	00:34:08.875		0.92425			4
2025.10.22	00:34:09.973		0.92426			4
2025.10.22	00:34:11.210		0.92423			4
2025.10.22	00:34:16.198		0.92424			4
2025.10.22	00:34:26.353		0.92423			4
2025.10.22	00:34:44.115		0.92422			4
2025.10.22	00:34:45.135	0.92300				2
2025.10.22	00:34:46.154		0.92423			4
2025.10.22	00:34:47.174		0.92424			4
2025.10.22	00:34:53.664		0.92423			4
2025.10.22	00:35:01.830	0.92300	0.92425			6
2025.10.22	00:35:02.857	0.92302	0.92424			6
2025.10.22	00:35:03.160		0.92423			4
2025.10.22	00:35:03.880	0.92301	0.92425			6
2025.10.22	00:35:04.898	0.92299	0.92423			6
2025.10.22	00:35:07.564		0.92422			4
2025.10.22	00:35:08.978		0.92423			4
2025.10.22	00:35:15.701		0.92424			4
2025.10.22	00:35:16.218		0.92423			4
2025.10.22	00:35:23.132		0.92420			4
2025.10.22	00:35:25.177		0.92421			4
2025.10.22	00:35:26.727		0.92420			4
2025.10.22	00:35:27.101		0.92419			4
2025.10.22	00:35:27.980	0.92295				2
2025.10.22	00:35:28.311		0.92420			4
2025.10.22	00:35:29.259		0.92421			4
2025.10.22	00:35:29.562		0.92419			4
2025.10.22	00:35:30.278		0.92420			4
2025.10.22	00:35:31.299		0.92421			4
2025.10.22	00:35:32.316	0.92302				2
2025.10.22	00:35:35.379		0.92420			4
2025.10.22	00:35:36.341		0.92422			4
2025.10.22	00:35:37.415		0.92423			4
2025.10.22	00:35:37.951		0.92424			4
2025.10.22	00:35:38.441		0.92423			4
2025.10.22	00:35:41.033	0.92305	0.92424			6
2025.10.22	00:35:42.056		0.92423			4
2025.10.22	00:35:47.156		0.92424			4
2025.10.22	00:35:48.485		0.92423			4
2025.10.22	00:35:49.202		0.92422			4
2025.10.22	00:35:50.217		0.92423			4
2025.10.22	00:35:51.234		0.92422			4
2025.10.22	00:35:53.235		0.92421			4
2025.10.22	00:35:53.951		0.92423			4
2025.10.22	00:35:54.295		0.92424			4
2025.10.22	00:35:57.355		0.92425			4
2025.10.22	00:35:57.922		0.92424			4
2025.10.22	00:36:00.444	0.92305				2
2025.10.22	00:36:05.333		0.92423			4
2025.10.22	00:36:07.375		0.92422			4
2025.10.22	00:36:09.983		0.92423			4
2025.10.22	00:36:13.974		0.92422			4
2025.10.22	00:36:18.796		0.92421			4
2025.10.22	00:36:20.096	0.92307				2
2025.10.22	00:36:21.118		0.92419			4
2025.10.22	00:36:22.135		0.92420			4
2025.10.22	00:36:23.158		0.92418			4
2025.10.22	00:36:23.950		0.92420			4
2025.10.22	00:36:24.251		0.92421			4
2025.10.22	00:36:24.565		0.92422			4
2025.10.22	00:36:25.785		0.92420			4
2025.10.22	00:36:26.798		0.92419			4
2025.10.22	00:36:27.817		0.92420			4
2025.10.22	00:36:35.977		0.92419			4
2025.10.22	00:36:36.997		0.92420			4
2025.10.22	00:36:39.037		0.92419			4
2025.10.22	00:36:40.055		0.92420			4
2025.10.22	00:36:41.076		0.92419			4
2025.10.22	00:36:42.003		0.92418			4
2025.10.22	00:36:44.135		0.92419			4
2025.10.22	00:36:46.175		0.92418			4
2025.10.22	00:36:48.383		0.92419			4
2025.10.22	00:36:52.204	0.92304	0.92418			6
2025.10.22	00:36:53.222		0.92419			4
2025.10.22	00:36:58.315		0.92420			4
2025.10.22	00:36:59.334	0.92308				2
2025.10.22	00:37:00.214	0.92308				2
2025.10.22	00:37:02.139	0.92304	0.92418			6
2025.10.22	00:37:09.836		0.92419			4
2025.10.22	00:37:11.874		0.92418			4
2025.10.22	00:37:12.894	0.92307	0.92419			6
2025.10.22	00:37:13.199	0.92303	0.92418			6
2025.10.22	00:37:15.954		0.92417			4
2025.10.22	00:37:17.994		0.92419			4
2025.10.22	00:37:20.042		0.92418			4
2025.10.22	00:37:23.097		0.92419			4
2025.10.22	00:37:28.199		0.92420			4
2025.10.22	00:37:30.236		0.92418			4
2025.10.22	00:37:31.257		0.92419			4
2025.10.22	00:37:32.295	0.92301	0.92418			6
2025.10.22	00:37:33.677	0.92308	0.92419			6
2025.10.22	00:37:34.336		0.92420			4
2025.10.22	00:37:36.202	0.92304	0.92418			6
2025.10.22	00:37:59.431		0.92419			4
2025.10.22	00:38:01.124	0.92304				2
2025.10.22	00:38:05.217		0.92418			4
2025.10.22	00:38:08.865		0.92419			4
2025.10.22	00:38:14.848		0.92418			4
2025.10.22	00:38:21.204		0.92419			4
2025.10.22	00:38:25.377		0.92418			4
2025.10.22	00:38:28.315		0.92419			4
2025.10.22	00:38:29.331	0.92303	0.92418			6
2025.10.22	00:38:31.494		0.92419			4
2025.10.22	00:38:33.536		0.92418			4
2025.10.22	00:38:34.547	0.92307				2
2025.10.22	00:38:35.575		0.92420			4
2025.10.22	00:38:36.599		0.92419			4
2025.10.22	00:38:37.296	0.92310	0.92420			6
2025.10.22	00:38:38.767	0.92307				2
2025.10.22	00:38:40.816	0.92312	0.92421			6
2025.10.22	00:38:41.836		0.92420			4
2025.10.22	00:38:43.875		0.92421			4
2025.10.22	00:38:44.896	0.92306				2
2025.10.22	00:38:45.913	0.92311	0.92420			6
2025.10.22	00:38:46.938		0.92421			4
2025.10.22	00:38:47.256	0.92314				2
2025.10.22	00:38:49.794	0.92311	0.92418			6
2025.10.22	00:38:51.016	0.92306				2
2025.10.22	00:38:52.035	0.92312				2
2025.10.22	00:38:53.055		0.92417			4
2025.10.22	00:38:53.479	0.92309	0.92418			6
2025.10.22	00:38:54.075		0.92417			4
2025.10.22	00:39:00.197	0.92309	0.92418			6
2025.10.22	00:39:00.872	0.92312	0.92420			6
2025.10.22	00:39:04.525		0.92419			4
2025.10.22	00:39:06.983		0.92420			4
2025.10.22	00:39:08.864	0.92309				2
2025.10.22	00:39:10.020	0.92312				2
2025.10.22	00:39:13.076		0.92421			4
2025.10.22	00:39:13.416		0.92419			4
2025.10.22	00:39:15.116		0.92421			4
2025.10.22	00:39:16.135		0.92420			4
2025.10.22	00:39:19.005		0.92421			4
2025.10.22	00:39:21.234		0.92420			4
2025.10.22	00:39:22.329		0.92421			4
2025.10.22	00:39:22.902		0.92420			4
2025.10.22	00:39:23.274		0.92422			4
2025.10.22	00:39:24.394		0.92421			4
2025.10.22	00:39:25.316	0.92309	0.92420			6
2025.10.22	00:39:27.357		0.92419			4
2025.10.22	00:39:33.476		0.92420			4
2025.10.22	00:39:34.016		0.92419			4
2025.10.22	00:39:35.516	0.92313	0.92421			6
2025.10.22	00:39:45.209		0.92422			4
2025.10.22	00:39:49.427		0.92421			4
2025.10.22	00:39:56.032		0.92420			4
2025.10.22	00:40:00.457	0.92309	0.92419			6
2025.10.22	00:40:01.327		0.92421			4
2025.10.22	00:40:02.494		0.92420			4
2025.10.22	00:40:04.025		0.92421			4
2025.10.22	00:40:06.061		0.92422			4
2025.10.22	00:40:06.575		0.92421			4
2025.10.22	00:40:07.595		0.92420			4
2025.10.22	00:40:09.186		0.92422			4
2025.10.22	00:40:10.652		0.92421			4
2025.10.22	00:40:14.734		0.92422			4
2025.10.22	00:40:15.755		0.92421			4
2025.10.22	00:40:17.793		0.92422			4
2025.10.22	00:40:21.874		0.92421			4
2025.10.22	00:40:22.895	0.92312	0.92422			6
2025.10.22	00:40:23.917	0.92308	0.92421			6
2025.10.22	00:40:25.954		0.92419			4
2025.10.22	00:40:26.975		0.92420			4
2025.10.22	00:40:27.340	0.92306	0.92419			6
2025.10.22	00:40:27.925	0.92305				2
2025.10.22	00:40:28.866	0.92308				2
2025.10.22	00:40:31.054		0.92418			4
2025.10.22	00:40:33.095		0.92419			4
2025.10.22	00:40:33.949		0.92418			4
2025.10.22	00:40:37.175		0.92419			4
2025.10.22	00:40:39.216		0.92418			4
2025.10.22	00:40:39.797		0.92419			4
2025.10.22	00:40:40.235		0.92418			4
2025.10.22	00:40:41.254		0.92419			4
2025.10.22	00:40:43.296		0.92418			4
2025.10.22	00:40:46.265		0.92419			4
2025.10.22	00:40:48.091		0.92418			4
2025.10.22	00:40:51.454		0.92419			4
2025.10.22	00:40:51.853		0.92420			4
2025.10.22	00:40:53.520		0.92421			4
2025.10.22	00:40:55.345		0.92422			4
2025.10.22	00:40:56.997		0.92423			4
2025.10.22	00:40:57.311		0.92421			4
2025.10.22	00:40:58.315		0.92419			4
2025.10.22	00:41:00.374	0.92308				2
2025.10.22	00:41:02.991		0.92420			4
2025.10.22	00:41:05.303		0.92422			4
2025.10.22	00:41:05.728		0.92423			4
2025.10.22	00:41:06.086		0.92422			4
2025.10.22	00:41:08.761		0.92421			4
2025.10.22	00:41:10.837		0.92422			4
2025.10.22	00:41:11.854		0.92423			4
2025.10.22	00:41:12.876		0.92422			4
2025.10.22	00:41:13.902		0.92420			4
2025.10.22	00:41:15.933		0.92423			4
2025.10.22	00:41:17.270		0.92422			4
2025.10.22	00:41:18.932		0.92421			4
2025.10.22	00:41:20.916		0.92422			4
2025.10.22	00:41:23.576		0.92421			4
2025.10.22	00:41:26.648		0.92422			4
2025.10.22	00:41:28.174		0.92423			4
2025.10.22	00:41:29.671		0.92421			4
2025.10.22	00:41:34.296		0.92422			4
2025.10.22	00:41:35.317		0.92421			4
2025.10.22	00:41:36.335		0.92420			4
2025.10.22	00:41:36.905		0.92422			4
2025.10.22	00:41:38.374		0.92423			4
2025.10.22	00:41:40.459		0.92422			4
2025.10.22	00:41:41.419	0.92304				2
2025.10.22	00:41:43.146		0.92423			4
2025.10.22	00:41:44.375	0.92303	0.92420			6
2025.10.22	00:41:44.760	0.92304	0.92422			6
2025.10.22	00:41:45.178	0.92296	0.92423			6
2025.10.22	00:41:45.499	0.92303				2
2025.10.22	00:41:46.941		0.92424			4
2025.10.22	00:41:48.455		0.92423			4
2025.10.22	00:41:49.475		0.92424			4
2025.10.22	00:41:51.524	0.92306				2
2025.10.22	00:41:52.142	0.92303	0.92423			6
2025.10.22	00:41:53.554		0.92422			4
2025.10.22	00:41:54.079	0.92300	0.92427			6
2025.10.22	00:41:54.444		0.92430			4
2025.10.22	00:41:54.747		0.92429			4
2025.10.22	00:41:55.597		0.92430			4
2025.10.22	00:41:56.013		0.92428			4
2025.10.22	00:41:56.597		0.92429			4
2025.10.22	00:41:58.655		0.92430			4
2025.10.22	00:41:59.677		0.92429			4
2025.10.22	00:42:00.039	0.92300				2
2025.10.22	00:42:00.696		0.92428			4
2025.10.22	00:42:01.715		0.92430			4
2025.10.22	00:42:04.774		0.92429			4
2025.10.22	00:42:06.408		0.92430			4
2025.10.22	00:42:06.816		0.92429			4
2025.10.22	00:42:07.842		0.92430			4
2025.10.22	00:42:08.859		0.92429			4
2025.10.22	00:42:09.877		0.92428			4
2025.10.22	00:42:10.903		0.92429			4
2025.10.22	00:42:12.897		0.92433			4
2025.10.22	00:42:13.957		0.92434			4
2025.10.22	00:42:14.975		0.92433			4
2025.10.22	00:42:19.550		0.92429			4
2025.10.22	00:42:19.915		0.92428			4
2025.10.22	00:42:21.093		0.92427			4
2025.10.22	00:42:22.114		0.92426			4
2025.10.22	00:42:22.459		0.92427			4
2025.10.22	00:42:22.789		0.92426			4
2025.10.22	00:42:23.706		0.92425			4
2025.10.22	00:42:24.156		0.92426			4
2025.10.22	00:42:28.237		0.92425			4
2025.10.22	00:42:30.215		0.92426			4
2025.10.22	00:42:31.294		0.92425			4
2025.10.22	00:42:32.315		0.92426			4
2025.10.22	00:42:33.335		0.92425			4
2025.10.22	00:42:34.361		0.92426			4
2025.10.22	00:42:35.920		0.92425			4
2025.10.22	00:42:38.071		0.92422			4
2025.10.22	00:42:38.378		0.92423			4
2025.10.22	00:42:39.455	0.92301				2
2025.10.22	00:42:40.476		0.92422			4
2025.10.22	00:42:41.495		0.92423			4
2025.10.22	00:42:43.778	0.92305				2
2025.10.22	00:42:44.556	0.92301	0.92422			6
2025.10.22	00:42:45.576	0.92304	0.92421			6
2025.10.22	00:42:46.597		0.92422			4
2025.10.22	00:42:47.134		0.92423			4
2025.10.22	00:42:47.614	0.92302	0.92422			6
2025.10.22	00:42:48.344	0.92308	0.92421			6
2025.10.22	00:42:48.656	0.92307	0.92422			6
2025.10.22	00:42:50.229		0.92423			4
2025.10.22	00:42:50.677		0.92422			4
2025.10.22	00:42:52.615		0.92423			4
2025.10.22	00:42:54.755		0.92422			4
2025.10.22	00:42:55.775		0.92423			4
2025.10.22	00:42:56.799		0.92422			4
2025.10.22	00:42:57.821	0.92304				2
2025.10.22	00:42:59.854		0.92423			4
2025.10.22	00:43:00.464	0.92304	0.92422			6
2025.10.22	00:43:01.893		0.92423			4
2025.10.22	00:43:02.915		0.92422			4
2025.10.22	00:43:09.035		0.92423			4
2025.10.22	00:43:10.054		0.92422			4
2025.10.22	00:43:13.116		0.92423			4
2025.10.22	00:43:16.015		0.92422			4
2025.10.22	00:43:17.197		0.92423			4
2025.10.22	00:43:18.216		0.92422			4
2025.10.22	00:43:19.233		0.92424			4
2025.10.22	00:43:20.256		0.92421			4
2025.10.22	00:43:20.574		0.92422			4
2025.10.22	00:43:21.278	0.92307	0.92423			6
2025.10.22	00:43:21.884		0.92422			4
2025.10.22	00:43:22.296		0.92423			4
2025.10.22	00:43:23.324	0.92302	0.92422			6
2025.10.22	00:43:24.336		0.92423			4
2025.10.22	00:43:25.356		0.92422			4
2025.10.22	00:43:29.435		0.92423			4
2025.10.22	00:43:30.455		0.92422			4
2025.10.22	00:43:31.477		0.92421			4
2025.10.22	00:43:32.494		0.92422			4
2025.10.22	00:43:34.535		0.92421			4
2025.10.22	00:43:35.555		0.92420			4
2025.10.22	00:43:36.163		0.92421			4
2025.10.22	00:43:36.576		0.92422			4
2025.10.22	00:43:38.614		0.92421			4
2025.10.22	00:43:40.658		0.92420			4
2025.10.22	00:43:41.677		0.92421			4
2025.10.22	00:43:43.716		0.92422			4
2025.10.22	00:43:45.755		0.92421			4
2025.10.22	00:43:46.776		0.92423			4
2025.10.22	00:43:47.793		0.92422			4
2025.10.22	00:43:49.836		0.92423			4
2025.10.22	00:43:50.854		0.92422			4
2025.10.22	00:43:54.935		0.92420			4
2025.10.22	00:43:55.956		0.92422			4
2025.10.22	00:43:56.976		0.92420			4
2025.10.22	00:43:58.003		0.92421			4
2025.10.22	00:43:58.860		0.92420			4
2025.10.22	00:44:00.037	0.92302	0.92422			6
2025.10.22	00:44:01.058	0.92306	0.92421			6
2025.10.22	00:44:03.103		0.92422			4
2025.10.22	00:44:04.116		0.92421			4
2025.10.22	00:44:05.135		0.92422			4
2025.10.22	00:44:06.154		0.92421			4
2025.10.22	00:44:08.195		0.92423			4
2025.10.22	00:44:08.811		0.92421			4
2025.10.22	00:44:09.214	0.92296				2
2025.10.22	00:44:09.556	0.92300				2
2025.10.22	00:44:10.237	0.92304	0.92422			6
2025.10.22	00:44:11.255		0.92421			4
2025.10.22	00:44:12.580		0.92422			4
2025.10.22	00:44:13.296		0.92421			4
2025.10.22	00:44:13.605		0.92423			4
2025.10.22	00:44:14.315		0.92421			4
2025.10.22	00:44:15.335		0.92423			4
2025.10.22	00:44:17.377		0.92422			4
2025.10.22	00:44:18.825	0.92300	0.92421			6
2025.10.22	00:44:19.401	0.92295				2
2025.10.22	00:44:20.435		0.92422			4
2025.10.22	00:44:21.459		0.92421			4
2025.10.22	00:44:22.475	0.92307				2
2025.10.22	00:44:22.777		0.92422			4
2025.10.22	00:44:24.514		0.92420			4
2025.10.22	00:44:25.536		0.92421			4
2025.10.22	00:44:28.597		0.92422			4
2025.10.22	00:44:29.616		0.92421			4
2025.10.22	00:44:30.634		0.92422			4
2025.10.22	00:44:32.676		0.92421			4
2025.10.22	00:44:33.696		0.92420			4
2025.10.22	00:44:34.716		0.92422			4
2025.10.22	00:44:35.736		0.92421			4
2025.10.22	00:44:36.754		0.92420			4
2025.10.22	00:44:38.207		0.92421			4
2025.10.22	00:44:39.812		0.92422			4
2025.10.22	00:44:40.673		0.92421			4
2025.10.22	00:44:41.855		0.92422			4
2025.10.22	00:44:43.896		0.92421			4
2025.10.22	00:44:48.794		0.92422			4
2025.10.22	00:44:50.018		0.92420			4
2025.10.22	00:44:51.035		0.92421			4
2025.10.22	00:44:53.074		0.92420			4
2025.10.22	00:44:54.103		0.92421			4
2025.10.22	00:44:56.135		0.92422			4
2025.10.22	00:44:57.155		0.92421			4
2025.10.22	00:45:00.216	0.92307				2
2025.10.22	00:45:01.547		0.92423			4
2025.10.22	00:45:02.559		0.92421			4
2025.10.22	00:45:02.957	0.92272	0.92428			6
2025.10.22	00:45:03.261	0.92271	0.92429			6
2025.10.22	00:45:04.261	0.92272	0.92428			6
2025.10.22	00:45:05.215	0.92284	0.92424			6
2025.10.22	00:45:05.518	0.92283	0.92426			6
2025.10.22	00:45:06.172	0.92285	0.92423			6
2025.10.22	00:45:06.473	0.92308	0.92420			6
2025.10.22	00:45:07.356		0.92422			4
2025.10.22	00:45:08.033	0.92312				2
2025.10.22	00:45:08.377		0.92423			4
2025.10.22	00:45:08.680		0.92421			4
2025.10.22	00:45:11.008	0.92330	0.92403			6
2025.10.22	00:45:13.782	0.92331	0.92405			6
2025.10.22	00:45:14.164		0.92406			4
2025.10.22	00:45:15.516		0.92407			4
2025.10.22	00:45:16.540		0.92404			4
2025.10.22	00:45:17.541		0.92406			4
2025.10.22	00:45:19.012		0.92405			4
2025.10.22	00:45:19.543		0.92407			4
2025.10.22	00:45:21.637		0.92406			4
2025.10.22	00:45:23.675		0.92407			4
2025.10.22	00:45:24.697		0.92406			4
2025.10.22	00:45:25.717		0.92407			4
2025.10.22	00:45:26.542		0.92406			4
2025.10.22	00:45:27.614		0.92405			4
2025.10.22	00:45:28.777		0.92406			4
2025.10.22	00:45:29.800		0.92407			4
2025.10.22	00:45:30.101		0.92405			4
2025.10.22	00:45:31.122		0.92407			4
2025.10.22	00:45:31.541		0.92405			4
2025.10.22	00:45:31.857		0.92407			4
2025.10.22	00:45:32.856		0.92406			4
2025.10.22	00:45:33.875		0.92407			4
2025.10.22	00:45:34.897		0.92404			4
2025.10.22	00:45:35.203		0.92407			4
2025.10.22	00:45:35.915		0.92406			4
2025.10.22	00:45:36.938		0.92405			4
2025.10.22	00:45:38.978		0.92407			4
2025.10.22	00:45:39.994		0.92406			4
2025.10.22	00:45:40.613		0.92405			4
2025.10.22	00:45:40.915		0.92404			4
2025.10.22	00:45:41.239		0.92406			4
2025.10.22	00:45:41.941		0.92404			4
2025.10.22	00:45:43.061	0.92325	0.92405			6
2025.10.22	00:45:43.992	0.92326				2
2025.10.22	00:45:44.302		0.92407			4
2025.10.22	00:45:44.610		0.92406			4
2025.10.22	00:45:45.302	0.92331				2
2025.10.22	00:45:46.117		0.92405			4
2025.10.22	00:45:47.138	0.92335	0.92406			6
2025.10.22	00:45:47.540		0.92405			4
2025.10.22	00:45:48.155		0.92407			4
2025.10.22	00:45:49.176	0.92331	0.92406			6
2025.10.22	00:45:49.802		0.92404			4
2025.10.22	00:45:50.202	0.92325	0.92406			6
2025.10.22	00:45:51.217	0.92334	0.92407			6
2025.10.22	00:45:52.098	0.92331	0.92406			6
2025.10.22	00:45:53.109		0.92407			4
2025.10.22	00:45:53.552	0.92334	0.92406			6
2025.10.22	00:45:54.280	0.92325				2
2025.10.22	00:45:55.300		0.92407			4
2025.10.22	00:45:57.342		0.92406			4
2025.10.22	00:45:58.352	0.92329	0.92405			6
2025.10.22	00:45:58.654	0.92333	0.92406			6
2025.10.22	00:45:59.377	0.92329	0.92405			6
2025.10.22	00:46:00.395	0.92329	0.92406			6
2025.10.22	00:46:02.435	0.92326	0.92405			6
2025.10.22	00:46:02.939		0.92404			4
2025.10.22	00:46:03.458		0.92405			4
2025.10.22	00:46:04.218		0.92406			4
2025.10.22	00:46:04.602	0.92330				2
2025.10.22	00:46:05.496		0.92405			4
2025.10.22	00:46:06.515		0.92406			4
2025.10.22	00:46:09.564		0.92408			4
2025.10.22	00:46:10.062		0.92407			4
2025.10.22	00:46:10.563		0.92406			4
2025.10.22	00:46:11.060		0.92405			4
2025.10.22	00:46:11.561		0.92406			4
2025.10.22	00:46:12.060	0.92328				2
2025.10.22	00:46:12.635		0.92405			4
2025.10.22	00:46:13.655		0.92406			4
2025.10.22	00:46:14.598		0.92407			4
2025.10.22	00:46:14.917	0.92323				2
2025.10.22	00:46:15.541		0.92409			4
2025.10.22	00:46:15.985		0.92406			4
2025.10.22	00:46:16.541		0.92407			4
2025.10.22	00:46:16.850		0.92408			4
2025.10.22	00:46:17.450	0.92328	0.92405			6
2025.10.22	00:46:17.764	0.92329	0.92408			6
2025.10.22	00:46:18.336		0.92409			4
2025.10.22	00:46:18.815		0.92408			4
2025.10.22	00:46:19.856		0.92407			4
2025.10.22	00:46:20.873		0.92408			4
2025.10.22	00:46:21.378	0.92327				2
2025.10.22	00:46:21.762	0.92330	0.92407			6
2025.10.22	00:46:22.379	0.92328	0.92404			6
2025.10.22	00:46:24.954		0.92405			4
2025.10.22	00:46:25.974		0.92406			4
2025.10.22	00:46:27.002		0.92405			4
2025.10.22	00:46:28.015	0.92324	0.92404			6
2025.10.22	00:46:32.095	0.92328				2
2025.10.22	00:46:33.117		0.92403			4
2025.10.22	00:46:37.196	0.92323				2
2025.10.22	00:46:38.992		0.92402			4
2025.10.22	00:46:42.300		0.92403			4
2025.10.22	00:46:43.313		0.92402			4
2025.10.22	00:46:44.339		0.92403			4
2025.10.22	00:46:50.455		0.92402			4
2025.10.22	00:46:58.616		0.92403			4
2025.10.22	00:46:59.503		0.92402			4
2025.10.22	00:47:00.657	0.92323				2
2025.10.22	00:47:02.509		0.92403			4
2025.10.22	00:47:03.129	0.92285	0.92409			6
2025.10.22	00:47:04.771	0.92284				2
2025.10.22	00:47:06.680	0.92323	0.92402			6
2025.10.22	00:47:15.956		0.92401			4
2025.10.22	00:47:17.322	0.92317				2
2025.10.22	00:47:18.001		0.92402			4
2025.10.22	00:47:19.015	0.92319	0.92401			6
2025.10.22	00:47:20.035		0.92402			4
2025.10.22	00:47:23.094		0.92401			4
2025.10.22	00:47:24.116	0.92307				2
2025.10.22	00:47:25.139	0.92318				2
2025.10.22	00:47:27.174		0.92402			4
2025.10.22	00:47:28.198		0.92403			4
2025.10.22	00:47:31.260		0.92402			4
2025.10.22	00:47:32.276		0.92401			4
2025.10.22	00:47:33.294		0.92402			4
2025.10.22	00:47:39.415		0.92401			4
2025.10.22	00:47:40.436		0.92402			4
2025.10.22	00:47:43.496		0.92401			4
2025.10.22	00:47:44.346		0.92402			4
2025.10.22	00:47:45.538		0.92401			4
2025.10.22	00:47:47.577		0.92402			4
2025.10.22	00:47:48.342		0.92401			4
2025.10.22	00:47:52.675		0.92403			4
2025.10.22	00:47:53.541		0.92402			4
2025.10.22	00:47:57.775		0.92401			4
2025.10.22	00:47:59.814		0.92402			4
2025.10.22	00:48:00.838	0.92318				2
2025.10.22	00:48:05.937		0.92401			4
2025.10.22	00:48:06.955		0.92402			4
2025.10.22	00:48:07.975		0.92401			4
2025.10.22	00:48:11.036		0.92402			4
2025.10.22	00:48:12.056	0.92306	0.92401			6
2025.10.22	00:48:13.075	0.92309	0.92402			6
2025.10.22	00:48:14.095	0.92307				2
2025.10.22	00:48:15.115	0.92309				2
2025.10.22	00:48:19.201	0.92319				2
2025.10.22	00:48:21.238		0.92401			4
2025.10.22	00:48:22.255		0.92402			4
2025.10.22	00:48:23.274	0.92317	0.92401			6
2025.10.22	00:48:23.602	0.92320				2
2025.10.22	00:48:25.315		0.92402			4
2025.10.22	00:48:31.435		0.92403			4
2025.10.22	00:48:32.457		0.92402			4
2025.10.22	00:48:34.497		0.92404			4
2025.10.22	00:48:35.515		0.92402			4
2025.10.22	00:48:36.536		0.92403			4
2025.10.22	00:48:37.553		0.92402			4
2025.10.22	00:48:40.349		0.92403			4
2025.10.22	00:48:46.346		0.92401			4
2025.10.22	00:48:46.735		0.92404			4
2025.10.22	00:48:47.091		0.92403			4
2025.10.22	00:48:47.757		0.92402			4
2025.10.22	00:48:49.795		0.92403			4
2025.10.22	00:48:51.666		0.92402			4
2025.10.22	00:48:52.853		0.92403			4
2025.10.22	00:48:53.874		0.92402			4
2025.10.22	00:48:54.895		0.92403			4
2025.10.22	00:49:01.016	0.92320				2
2025.10.22	00:49:10.197		0.92402			4
2025.10.22	00:49:13.257		0.92401			4
2025.10.22	00:49:14.274	0.92305				2
2025.10.22	00:49:15.294		0.92400			4
2025.10.22	00:49:16.315	0.92306				2
2025.10.22	00:49:17.336	0.92312	0.92401			6
2025.10.22	00:49:18.356	0.92313				2
2025.10.22	00:49:19.377	0.92314	0.92402			6
2025.10.22	00:49:20.395		0.92401			4
2025.10.22	00:49:25.496		0.92400			4
2025.10.22	00:49:26.516		0.92401			4
2025.10.22	00:49:30.356		0.92402			4
2025.10.22	00:49:32.637		0.92403			4
2025.10.22	00:49:33.653		0.92402			4
2025.10.22	00:49:34.676		0.92403			4
2025.10.22	00:49:35.697		0.92402			4
2025.10.22	00:49:36.714		0.92401			4
2025.10.22	00:50:00.177	0.92314				2
2025.10.22	00:50:01.197	0.92318				2
2025.10.22	00:50:02.215		0.92402			4
2025.10.22	00:50:03.176	0.92317				2
2025.10.22	00:50:12.418		0.92403			4
2025.10.22	00:50:30.638		0.92402			4
2025.10.22	00:50:33.840		0.92403			4
2025.10.22	00:50:35.874		0.92401			4
2025.10.22	00:50:38.934		0.92402			4
2025.10.22	00:50:39.956		0.92401			4
2025.10.22	00:50:40.696	0.92326				2
2025.10.22	00:50:40.997	0.92317	0.92402			6
2025.10.22	00:50:46.076		0.92403			4
2025.10.22	00:50:47.539		0.92401			4
2025.10.22	00:50:48.114		0.92404			4
2025.10.22	00:50:48.949		0.92402			4
2025.10.22	00:50:50.153		0.92403			4
2025.10.22	00:50:51.176		0.92402			4
2025.10.22	00:50:52.197		0.92401			4
2025.10.22	00:50:53.215		0.92402			4
2025.10.22	00:50:55.256		0.92401			4
2025.10.22	00:50:56.275		0.92402			4
2025.10.22	00:51:00.355	0.92317				2
2025.10.22	00:51:00.656		0.92401			4
2025.10.22	00:51:01.186	0.92318				2
2025.10.22	00:51:02.396		0.92402			4
2025.10.22	00:51:04.436		0.92401			4
2025.10.22	00:51:05.454		0.92402			4
2025.10.22	00:51:06.201	0.92330				2
2025.10.22	00:51:06.518	0.92318				2
2025.10.22	00:51:07.496		0.92401			4
2025.10.22	00:51:08.516		0.92400			4
2025.10.22	00:51:11.056		0.92399			4
2025.10.22	00:51:11.576		0.92401			4
2025.10.22	00:51:14.635		0.92400			4
2025.10.22	00:51:15.646		0.92401			4
2025.10.22	00:51:17.690		0.92402			4
2025.10.22	00:51:18.310		0.92401			4
2025.10.22	00:51:18.662		0.92400			4
2025.10.22	00:51:19.740		0.92401			4
2025.10.22	00:51:24.323		0.92400			4
2025.10.22	00:51:24.841		0.92401			4
2025.10.22	00:51:26.876		0.92400			4
2025.10.22	00:51:27.898	0.92317	0.92402			6
2025.10.22	00:51:28.919		0.92401			4
2025.10.22	00:51:30.458		0.92400			4
2025.10.22	00:51:31.834		0.92399			4
2025.10.22	00:51:33.493		0.92400			4
2025.10.22	00:51:35.036		0.92399			4
2025.10.22	00:51:36.983		0.92400			4
2025.10.22	00:51:39.134		0.92401			4
2025.10.22	00:51:40.155		0.92400			4
2025.10.22	00:51:43.238		0.92401			4
2025.10.22	00:51:44.257		0.92400			4
2025.10.22	00:51:47.316		0.92399			4
2025.10.22	00:51:48.358		0.92400			4
2025.10.22	00:51:51.416		0.92399			4
2025.10.22	00:51:52.346		0.92400			4
2025.10.22	00:51:56.517		0.92401			4
2025.10.22	00:51:57.512		0.92400			4
2025.10.22	00:51:58.555		0.92401			4
2025.10.22	00:52:00.448	0.92317	0.92400			6
2025.10.22	00:52:03.655		0.92399			4
2025.10.22	00:52:04.676		0.92401			4
2025.10.22	00:52:05.102		0.92400			4
2025.10.22	00:52:11.816		0.92399			4
2025.10.22	00:52:15.896		0.92400			4
2025.10.22	00:52:18.960		0.92401			4
2025.10.22	00:52:19.973		0.92399			4
2025.10.22	00:52:20.997		0.92400			4
2025.10.22	00:52:27.137		0.92401			4
2025.10.22	00:52:27.637		0.92400			4
2025.10.22	00:52:33.257		0.92399			4
2025.10.22	00:52:34.276		0.92400			4
2025.10.22	00:52:35.297		0.92399			4
2025.10.22	00:52:36.314		0.92400			4
2025.10.22	00:52:38.084	0.92323				2
2025.10.22	00:52:38.397	0.92317				2
2025.10.22	00:52:38.861		0.92399			4
2025.10.22	00:52:39.376		0.92400			4
2025.10.22	00:52:41.416		0.92401			4
2025.10.22	00:52:43.455		0.92400			4
2025.10.22	00:52:46.516		0.92401			4
2025.10.22	00:52:47.473		0.92399			4
2025.10.22	00:52:48.555		0.92401			4
2025.10.22	00:52:48.868		0.92400			4
2025.10.22	00:52:52.636		0.92399			4
2025.10.22	00:52:56.714	0.92310	0.92400			6
2025.10.22	00:52:57.736	0.92305				2
2025.10.22	00:52:58.755		0.92398			4
2025.10.22	00:52:59.779	0.92306	0.92399			6
2025.10.22	00:53:00.158	0.92306				2
2025.10.22	00:53:00.794	0.92310	0.92400			6
2025.10.22	00:53:02.838	0.92307	0.92399			6
2025.10.22	00:53:03.508		0.92400			4
2025.10.22	00:53:03.854		0.92398			4
2025.10.22	00:53:04.876	0.92310	0.92399			6
2025.10.22	00:53:05.914		0.92400			4
2025.10.22	00:53:06.936		0.92399			4
2025.10.22	00:53:07.955	0.92307				2
2025.10.22	00:53:10.002	0.92310	0.92400			6
2025.10.22	00:53:12.035		0.92401			4
2025.10.22	00:53:13.055		0.92400			4
2025.10.22	00:53:14.075		0.92401			4
2025.10.22	00:53:14.542		0.92400			4
2025.10.22	00:53:17.136		0.92399			4
2025.10.22	00:53:18.154		0.92400			4
2025.10.22	00:53:19.175		0.92401			4
2025.10.22	00:53:20.195	0.92305	0.92400			6
2025.10.22	00:53:21.217		0.92399			4
2025.10.22	00:53:22.236	0.92312				2
2025.10.22	00:53:24.277		0.92398			4
2025.10.22	00:53:25.316		0.92399			4
2025.10.22	00:53:26.356	0.92308				2
2025.10.22	00:53:27.375		0.92397			4
2025.10.22	00:53:28.396	0.92312	0.92399			6
2025.10.22	00:53:29.418		0.92398			4
2025.10.22	00:53:30.436		0.92397			4
2025.10.22	00:53:31.455		0.92398			4
2025.10.22	00:53:31.968		0.92397			4
2025.10.22	00:53:32.476		0.92399			4
2025.10.22	00:53:34.441		0.92398			4
2025.10.22	00:53:35.622		0.92399			4
2025.10.22	00:53:36.556		0.92398			4
2025.10.22	00:53:37.127	0.92315				2
2025.10.22	00:53:38.596		0.92400			4
2025.10.22	00:53:39.185		0.92399			4
2025.10.22	00:53:39.615		0.92400			4
2025.10.22	00:53:40.351	0.92318				2
2025.10.22	00:53:40.657	0.92315	0.92399			6
2025.10.22	00:53:41.655		0.92398			4
2025.10.22	00:53:42.674		0.92397			4
2025.10.22	00:53:43.704		0.92398			4
2025.10.22	00:53:44.717		0.92399			4
2025.10.22	00:53:47.775		0.92400			4
2025.10.22	00:53:48.342		0.92399			4
2025.10.22	00:53:50.841	0.92305	0.92398			6
2025.10.22	00:53:52.873		0.92397			4
2025.10.22	00:53:53.897		0.92398			4
2025.10.22	00:53:54.915	0.92310	0.92399			6
2025.10.22	00:53:55.938		0.92398			4
2025.10.22	00:53:56.956		0.92399			4
2025.10.22	00:54:00.014	0.92310				2
2025.10.22	00:54:01.037		0.92400			4
2025.10.22	00:54:02.056		0.92399			4
2025.10.22	00:54:03.076		0.92400			4
2025.10.22	00:54:08.175		0.92399			4
2025.10.22	00:54:09.251		0.92400			4
2025.10.22	00:54:10.216		0.92398			4
2025.10.22	00:54:12.256		0.92400			4
2025.10.22	00:54:13.275		0.92399			4
2025.10.22	00:54:14.295		0.92400			4
2025.10.22	00:54:15.315	0.92311				2
2025.10.22	00:54:20.416		0.92399			4
2025.10.22	00:54:22.418		0.92400			4
2025.10.22	00:54:23.476		0.92399			4
2025.10.22	00:54:25.520		0.92400			4
2025.10.22	00:54:26.540		0.92398			4
2025.10.22	00:54:27.560		0.92399			4
2025.10.22	00:54:28.883	0.92314				2
2025.10.22	00:54:32.657		0.92400			4
2025.10.22	00:54:38.776	0.92309	0.92399			6
2025.10.22	00:54:40.815		0.92400			4
2025.10.22	00:54:46.674		0.92399			4
2025.10.22	00:54:48.865	0.92313	0.92400			6
2025.10.22	00:54:52.034		0.92399			4
2025.10.22	00:54:53.001		0.92400			4
2025.10.22	00:54:58.153		0.92399			4
2025.10.22	00:54:58.727		0.92400			4
2025.10.22	00:55:00.195	0.92313	0.92399			6
2025.10.22	00:55:02.236		0.92400			4
2025.10.22	00:55:06.316		0.92399			4
2025.10.22	00:55:08.356		0.92400			4
2025.10.22	00:55:10.393		0.92399			4
2025.10.22	00:55:11.415		0.92400			4
2025.10.22	00:55:12.434		0.92399			4
2025.10.22	00:55:13.454		0.92400			4
2025.10.22	00:55:14.474	0.92308				2
2025.10.22	00:55:16.516	0.92315				2
2025.10.22	00:55:21.595	0.92312				2
2025.10.22	00:55:22.145	0.92306				2
2025.10.22	00:55:23.389	0.92322	0.92401			6
2025.10.22	00:55:23.701	0.92306	0.92400			6
2025.10.22	00:55:24.657		0.92401			4
2025.10.22	00:55:25.162		0.92394			4
2025.10.22	00:55:25.467	0.92318				2
2025.10.22	00:55:25.778	0.92328				2
2025.10.22	00:55:26.886	0.92304	0.92393			6
2025.10.22	00:55:27.955	0.92305	0.92394			6
2025.10.22	00:55:28.949	0.92322	0.92395			6
2025.10.22	00:55:29.610	0.92320				2
2025.10.22	00:55:30.120	0.92321				2
2025.10.22	00:55:32.154	0.92320	0.92396			6
2025.10.22	00:55:35.485	0.92321	0.92392			6
2025.10.22	00:55:37.176	0.92320	0.92393			6
2025.10.22	00:55:38.625		0.92392			4
2025.10.22	00:55:39.376	0.92319				2
2025.10.22	00:55:42.846	0.92317	0.92393			6
2025.10.22	00:55:46.497	0.92320				2
2025.10.22	00:55:48.866	0.92319				2
2025.10.22	00:55:50.928	0.92322	0.92394			6
2025.10.22	00:55:55.282	0.92323	0.92393			6
2025.10.22	00:56:01.125	0.92323				2
2025.10.22	00:56:07.022	0.92321				2
2025.10.22	00:56:09.480	0.92319				2
2025.10.22	00:56:12.686	0.92318				2
2025.10.22	00:56:15.686	0.92319				2
2025.10.22	00:56:18.341	0.92317				2
2025.10.22	00:56:22.701	0.92316	0.92394			6
2025.10.22	00:56:26.946	0.92315	0.92395			6
2025.10.22	00:56:28.202	0.92317				2
2025.10.22	00:56:30.152	0.92319				2
2025.10.22	00:56:32.786	0.92318				2
2025.10.22	00:56:37.175	0.92321	0.92396			6
2025.10.22	00:56:37.963	0.92316	0.92395			6
2025.10.22	00:56:38.306	0.92319				2
2025.10.22	00:56:48.308	0.92316				2
2025.10.22	00:56:58.338	0.92319				2
2025.10.22	00:57:00.355	0.92319				2
2025.10.22	00:57:06.385		0.92396			4
2025.10.22	00:57:10.273	0.92305	0.92397			6
2025.10.22	00:57:11.277		0.92396			4
2025.10.22	00:57:16.809		0.92397			4
2025.10.22	00:57:24.347		0.92398			4
2025.10.22	00:57:25.483	0.92306				2
2025.10.22	00:57:29.444	0.92307				2
2025.10.22	00:57:33.123	0.92306				2
2025.10.22	00:57:35.316	0.92305				2
2025.10.22	00:57:38.864	0.92309	0.92399			6
2025.10.22	00:57:40.126	0.92319				2
2025.10.22	00:57:41.401	0.92309	0.92398			6
2025.10.22	00:57:50.409	0.92313				2
2025.10.22	00:57:53.786		0.92399			4
2025.10.22	00:57:54.349		0.92398			4
2025.10.22	00:58:00.719	0.92313				2
2025.10.22	00:58:02.483		0.92399			4
2025.10.22	00:58:03.823		0.92398			4
2025.10.22	00:58:08.183		0.92399			4
2025.10.22	00:58:11.976	0.92309	0.92400			6
2025.10.22	00:58:12.329	0.92306	0.92398			6
2025.10.22	00:58:13.343	0.92308	0.92400			6
2025.10.22	00:58:24.499	0.92321	0.92401			6
2025.10.22	00:58:27.808	0.92328	0.92407			6
2025.10.22	00:58:28.130	0.92327	0.92410			6
2025.10.22	00:58:28.443	0.92329	0.92409			6
2025.10.22	00:58:28.841	0.92328	0.92410			6
2025.10.22	00:58:33.541	0.92317	0.92427			6
2025.10.22	00:58:33.957		0.92422			4
2025.10.22	00:58:34.329		0.92424			4
2025.10.22	00:58:34.726	0.92320	0.92422			6
2025.10.22	00:58:35.265		0.92421			4
2025.10.22	00:58:35.991		0.92422			4
2025.10.22	00:58:37.586	0.92321	0.92421			6
2025.10.22	00:58:37.977	0.92319	0.92423			6
2025.10.22	00:58:38.676	0.92322	0.92420			6
2025.10.22	00:58:40.286	0.92323	0.92419			6
2025.10.22	00:58:42.083	0.92324	0.92418			6
2025.10.22	00:58:43.883	0.92325	0.92417			6
2025.10.22	00:58:46.585	0.92326	0.92416			6
2025.10.22	00:58:48.021	0.92327	0.92415			6
2025.10.22	00:58:50.719		0.92416			4
2025.10.22	00:58:55.313	0.92328	0.92415			6
2025.10.22	00:58:56.783	0.92327	0.92416			6
2025.10.22	00:59:00.331	0.92327				2
2025.10.22	00:59:02.681	0.92321	0.92420			6
2025.10.22	00:59:04.284	0.92322				2
2025.10.22	00:59:09.483		0.92413			4
2025.10.22	00:59:10.745	0.92320	0.92415			6
2025.10.22	00:59:11.349	0.92321	0.92413			6
2025.10.22	00:59:11.756		0.92412			4
2025.10.22	00:59:22.284	0.92322				2
2025.10.22	00:59:24.767	0.92320	0.92413			6
2025.10.22	00:59:26.259	0.92319	0.92414			6
2025.10.22	00:59:26.856	0.92318				2
2025.10.22	00:59:28.700	0.92319				2
2025.10.22	00:59:30.458	0.92320				2
2025.10.22	00:59:31.943	0.92321				2
2025.10.22	00:59:32.726	0.92322	0.92415			6
2025.10.22	00:59:33.087		0.92414			4
2025.10.22	00:59:34.062	0.92325				2
2025.10.22	00:59:35.640	0.92322	0.92415			6
2025.10.22	00:59:37.583		0.92414			4
2025.10.22	00:59:49.285		0.92415			4
2025.10.22	00:59:50.607		0.92411			4
2025.10.22	00:59:51.418	0.92323	0.92414			6
2025.10.22	00:59:52.925	0.92322	0.92412			6
2025.10.22	00:59:53.475		0.92411			4
2025.10.22	00:59:55.313	0.92323	0.92410			6
2025.10.22	00:59:55.659	0.92322	0.92412			6
2025.10.22	01:00:00.306	0.92319	0.92430			6
2025.10.22	01:00:00.620	0.92324	0.92414			6
2025.10.22	01:00:00.951		0.92416			4
2025.10.22	01:00:01.302	0.92325	0.92414			6
2025.10.22	01:00:01.618	0.92329	0.92416			6
2025.10.22	01:00:01.965	0.92323	0.92414			6
2025.10.22	01:00:02.756		0.92415			4
2025.10.22	01:00:03.071		0.92416			4
2025.10.22	01:00:03.386	0.92278	0.92436			6
2025.10.22	01:00:03.704	0.92314	0.92433			6
2025.10.22	01:00:05.608	0.92298	0.92434			6
2025.10.22	01:00:05.911	0.92301	0.92427			6
2025.10.22	01:00:06.560	0.92303				2
2025.10.22	01:00:06.909	0.92340	0.92403			6
2025.10.22	01:00:07.784	0.92342	0.92405			6
2025.10.22	01:00:08.093	0.92341	0.92407			6
2025.10.22	01:00:08.472		0.92404			4
2025.10.22	01:00:11.109	0.92340	0.92403			6
2025.10.22	01:00:31.237		0.92401			4
2025.10.22	01:00:31.847	0.92333				2
2025.10.22	01:00:32.157	0.92332				2
2025.10.22	01:00:32.770	0.92331				2
2025.10.22	01:00:35.598	0.92333				2
2025.10.22	01:00:36.098	0.92330				2
2025.10.22	01:00:37.260	0.92333				2
2025.10.22	01:00:38.783	0.92334				2
2025.10.22	01:00:40.300	0.92332				2
2025.10.22	01:00:41.290	0.92335				2
2025.10.22	01:00:43.114	0.92334				2
2025.10.22	01:00:43.425	0.92335				2
2025.10.22	01:00:46.349	0.92336				2
2025.10.22	01:00:47.598	0.92337				2
2025.10.22	01:00:50.178	0.92360				2
2025.10.22	01:00:50.732	0.92361				2
2025.10.22	01:00:51.429		0.92389			4
2025.10.22	01:00:54.002	0.92360				2
2025.10.22	01:00:54.317	0.92361				2
2025.10.22	01:00:58.214	0.92345				2
2025.10.22	01:00:58.596	0.92356				2
2025.10.22	01:00:58.975	0.92346				2
2025.10.22	01:00:59.436	0.92345	0.92387			6
2025.10.22	01:00:59.739	0.92346	0.92389			6
2025.10.22	01:01:00.040	0.92346				2
2025.10.22	01:01:00.356	0.92347				2
2025.10.22	01:01:01.285	0.92346				2
2025.10.22	01:01:01.638		0.92404			4
2025.10.22	01:01:02.242	0.92345	0.92401			6
2025.10.22	01:01:02.762	0.92344				2
2025.10.22	01:01:03.515	0.92342				2
2025.10.22	01:01:04.023		0.92398			4
2025.10.22	01:01:05.498		0.92399			4
2025.10.22	01:01:05.817	0.92343	0.92398			6
2025.10.22	01:01:06.138		0.92396			4
2025.10.22	01:01:07.471		0.92397			4
2025.10.22	01:01:08.784	0.92350	0.92398			6
2025.10.22	01:01:09.125	0.92352				2
2025.10.22	01:01:12.710	0.92343	0.92399			6
2025.10.22	01:01:13.046	0.92344				2
2025.10.22	01:01:13.353	0.92343	0.92398			6
2025.10.22	01:01:13.702		0.92399			4
2025.10.22	01:01:14.046	0.92349				2
2025.10.22	01:01:14.365	0.92354				2
2025.10.22	01:01:15.722	0.92353				2
2025.10.22	01:01:17.428	0.92344	0.92397			6
2025.10.22	01:01:17.813	0.92343				2
2025.10.22	01:01:18.153	0.92344	0.92399			6
2025.10.22	01:01:18.458		0.92401			4
2025.10.22	01:01:19.797	0.92343	0.92396			6
2025.10.22	01:01:20.506		0.92401			4
2025.10.22	01:01:21.572		0.92399			4
2025.10.22	01:01:22.507	0.92344				2
2025.10.22	01:01:30.355	0.92345				2
2025.10.22	01:01:41.183	0.92346				2
2025.10.22	01:01:43.206	0.92341	0.92394			6
2025.10.22	01:01:43.517		0.92393			4
2025.10.22	01:01:45.378	0.92343				2
2025.10.22	01:01:48.309	0.92344	0.92396			6
2025.10.22	01:01:49.870	0.92343	0.92392			6
2025.10.22	01:01:51.340		0.92393			4
2025.10.22	01:01:51.641	0.92342	0.92392			6
2025.10.22	01:01:52.351	0.92352	0.92394			6
2025.10.22	01:01:52.669	0.92341	0.92393			6
2025.10.22	01:01:53.463	0.92345				2
2025.10.22	01:01:53.777	0.92341				2
2025.10.22	01:01:55.398	0.92342				2
2025.10.22	01:01:55.883	0.92359	0.92399			6
2025.10.22	01:01:56.244	0.92364				2
2025.10.22	01:01:56.559	0.92366				2
2025.10.22	01:01:57.060	0.92352	0.92397			6
2025.10.22	01:01:58.341	0.92353	0.92399			6
2025.10.22	01:01:58.710	0.92352	0.92397			6
2025.10.22	01:01:59.941		0.92396			4
2025.10.22	01:02:00.553	0.92362	0.92399			6
2025.10.22	01:02:00.860	0.92371				2
2025.10.22	01:02:01.374	0.92372				2
2025.10.22	01:02:01.882	0.92354	0.92397			6
2025.10.22	01:02:04.214	0.92372	0.92399			6
2025.10.22	01:02:05.020	0.92358	0.92396			6
2025.10.22	01:02:05.323	0.92350	0.92394			6
2025.10.22	01:02:06.278	0.92341	0.92392			6
2025.10.22	01:02:06.704	0.92350	0.92394			6
2025.10.22	01:02:07.497	0.92341	0.92392			6
2025.10.22	01:02:07.944	0.92350	0.92394			6
2025.10.22	01:02:08.345	0.92352	0.92396			6
2025.10.22	01:02:08.666	0.92367	0.92401			6
2025.10.22	01:02:09.005	0.92354	0.92396			6
2025.10.22	01:02:10.356	0.92355	0.92395			6
2025.10.22	01:02:10.670	0.92354	0.92396			6
2025.10.22	01:02:11.280	0.92363	0.92401			6
2025.10.22	01:02:11.609	0.92354	0.92395			6
2025.10.22	01:02:11.931		0.92396			4
2025.10.22	01:02:12.637	0.92356	0.92401			6
2025.10.22	01:02:12.938	0.92354	0.92396			6
2025.10.22	01:02:13.336		0.92395			4
2025.10.22	01:02:13.638	0.92352				2
2025.10.22	01:02:13.940	0.92360	0.92396			6
2025.10.22	01:02:14.248	0.92353	0.92394			6
2025.10.22	01:02:14.613		0.92395			4
2025.10.22	01:02:18.022	0.92354				2
2025.10.22	01:02:18.860	0.92369	0.92401			6
2025.10.22	01:02:20.031	0.92352	0.92394			6
2025.10.22	01:02:20.365	0.92356	0.92400			6
2025.10.22	01:02:21.298	0.92352	0.92394			6
2025.10.22	01:02:21.602	0.92356	0.92395			6
2025.10.22	01:02:22.384		0.92401			4
2025.10.22	01:02:23.733	0.92366	0.92400			6
2025.10.22	01:02:24.084	0.92356	0.92394			6
2025.10.22	01:02:24.396	0.92357	0.92399			6
2025.10.22	01:02:24.756	0.92354	0.92394			6
2025.10.22	01:02:25.095	0.92357	0.92396			6
2025.10.22	01:02:25.977	0.92354	0.92394			6
2025.10.22	01:02:26.402	0.92357	0.92396			6
2025.10.22	01:02:27.196	0.92371	0.92401			6
2025.10.22	01:02:27.496	0.92357	0.92394			6
2025.10.22	01:02:28.277	0.92353				2
2025.10.22	01:02:28.702	0.92357				2
2025.10.22	01:02:29.359		0.92401			4
2025.10.22	01:02:29.700		0.92397			4
2025.10.22	01:02:30.314		0.92398			4
2025.10.22	01:02:30.714	0.92353	0.92394			6
2025.10.22	01:02:31.141	0.92357	0.92401			6
2025.10.22	01:02:31.936	0.92353	0.92393			6
2025.10.22	01:02:32.300	0.92357	0.92401			6
2025.10.22	01:02:33.154	0.92353	0.92393			6
2025.10.22	01:02:33.582	0.92357	0.92401			6
2025.10.22	01:02:34.348	0.92353	0.92393			6
2025.10.22	01:02:34.805	0.92357	0.92401			6
2025.10.22	01:02:35.596	0.92361	0.92399			6
2025.10.22	01:02:35.993	0.92373	0.92392			6
2025.10.22	01:02:36.802	0.92357				2
2025.10.22	01:02:37.915	0.92352	0.92393			6
2025.10.22	01:02:38.245	0.92357	0.92392			6
2025.10.22	01:02:38.859	0.92364				2
2025.10.22	01:02:39.212	0.92371				2
2025.10.22	01:02:40.382	0.92352	0.92393			6
2025.10.22	01:02:40.823	0.92357	0.92392			6
2025.10.22	01:02:41.820		0.92393			4
2025.10.22	01:02:42.837	0.92352				2
2025.10.22	01:02:43.263	0.92357				2
2025.10.22	01:02:44.006	0.92352				2
2025.10.22	01:02:44.376	0.92357				2
2025.10.22	01:02:45.275	0.92352	0.92392			6
2025.10.22	01:02:45.699	0.92357	0.92393			6
2025.10.22	01:02:46.717	0.92358	0.92401			6
2025.10.22	01:02:47.717	0.92352	0.92393			6
2025.10.22	01:02:48.142	0.92358	0.92401			6
2025.10.22	01:02:49.038	0.92352	0.92392			6
2025.10.22	01:02:49.375	0.92357	0.92401			6
2025.10.22	01:02:50.164	0.92352	0.92392			6
2025.10.22	01:02:50.602	0.92357	0.92401			6
2025.10.22	01:02:51.398	0.92352	0.92392			6
2025.10.22	01:02:51.824	0.92357	0.92401			6
2025.10.22	01:02:53.938	0.92352	0.92392			6
2025.10.22	01:02:54.265	0.92357	0.92401			6
2025.10.22	01:02:55.056	0.92352	0.92392			6
2025.10.22	01:02:55.486	0.92357	0.92401			6
2025.10.22	01:02:56.275	0.92352	0.92392			6
2025.10.22	01:02:56.580	0.92355	0.92401			6
2025.10.22	01:02:57.597	0.92352	0.92390			6
2025.10.22	01:02:57.922	0.92355	0.92401			6
2025.10.22	01:02:58.715	0.92352	0.92390			6
2025.10.22	01:02:59.142	0.92355	0.92401			6
2025.10.22	01:02:59.934	0.92352	0.92390			6
2025.10.22	01:03:00.362	0.92355	0.92401			6
2025.10.22	01:03:02.351	0.92352	0.92390			6
2025.10.22	01:03:02.698	0.92355	0.92401			6
2025.10.22	01:03:03.595	0.92352	0.92390			6
2025.10.22	01:03:04.025	0.92355	0.92401			6
2025.10.22	01:03:04.815	0.92352	0.92390			6
2025.10.22	01:03:05.180	0.92355	0.92401			6
2025.10.22	01:03:05.496	0.92352	0.92393			6
2025.10.22	01:03:05.799	0.92351	0.92391			6
2025.10.22	01:03:06.133	0.92342	0.92386			6
2025.10.22	01:03:06.466	0.92343				2
2025.10.22	01:03:07.255	0.92342				2
2025.10.22	01:03:07.597	0.92344				2
2025.10.22	01:03:08.180	0.92343				2
2025.10.22	01:03:08.622	0.92353	0.92389			6
2025.10.22	01:03:08.937	0.92348	0.92385			6
2025.10.22	01:03:13.989	0.92347				2
2025.10.22	01:03:14.783	0.92348				2
2025.10.22	01:03:16.009	0.92342				2
2025.10.22	01:03:17.266	0.92356	0.92392			6
2025.10.22	01:03:17.572	0.92362	0.92394			6
2025.10.22	01:03:17.925	0.92363	0.92395			6
2025.10.22	01:03:18.346	0.92364	0.92392			6
2025.10.22	01:03:18.647	0.92356	0.92389			6
2025.10.22	01:03:18.959	0.92354	0.92388			6
2025.10.22	01:03:20.355	0.92353	0.92387			6
2025.10.22	01:03:21.273	0.92349				2
2025.10.22	01:03:22.662	0.92350	0.92385			6
2025.10.22	01:03:22.985	0.92349	0.92386			6
2025.10.22	01:03:23.615		0.92385			4
2025.10.22	01:03:27.346	0.92347	0.92384			6
2025.10.22	01:03:28.345		0.92385			4
2025.10.22	01:03:31.883		0.92384			4
2025.10.22	01:03:32.936	0.92346				2
2025.10.22	01:03:33.239	0.92349	0.92387			6
2025.10.22	01:03:34.884	0.92350				2
2025.10.22	01:03:42.486	0.92352	0.92388			6
2025.10.22	01:03:50.784	0.92353				2
2025.10.22	01:03:52.627	0.92356				2
2025.10.22	01:03:53.484		0.92387			4
2025.10.22	01:03:59.373		0.92388			4
2025.10.22	01:04:00.434	0.92356				2
2025.10.22	01:04:01.728		0.92389			4
2025.10.22	01:04:03.640		0.92388			4
2025.10.22	01:04:03.985	0.92353				2
2025.10.22	01:04:07.334		0.92387			4
2025.10.22	01:04:11.438	0.92351	0.92384			6
2025.10.22	01:04:12.754	0.92353	0.92383			6
2025.10.22	01:04:14.787	0.92352				2
2025.10.22	01:04:20.237	0.92351				2
2025.10.22	01:04:21.358	0.92350	0.92379			6
2025.10.22	01:04:21.664	0.92348				2
2025.10.22	01:04:21.984	0.92350	0.92377			6
2025.10.22	01:04:22.311		0.92378			4
2025.10.22	01:04:24.084	0.92351	0.92377			6
2025.10.22	01:04:27.725	0.92349	0.92376			6
2025.10.22	01:04:28.050	0.92350				2
2025.10.22	01:04:29.183		0.92377			4
2025.10.22	01:04:31.352	0.92349				2
2025.10.22	01:04:40.474		0.92378			4
2025.10.22	01:04:41.344	0.92366	0.92391			6
2025.10.22	01:04:41.738		0.92393			4
2025.10.22	01:04:43.884		0.92392			4
2025.10.22	01:04:45.426	0.92365				2
2025.10.22	01:04:46.205	0.92366				2
2025.10.22	01:04:46.623		0.92393			4
2025.10.22	01:04:48.817	0.92372	0.92398			6
2025.10.22	01:04:54.384		0.92397			4
2025.10.22	01:04:55.584		0.92398			4
2025.10.22	01:04:57.089		0.92397			4
2025.10.22	01:04:57.963	0.92371				2
2025.10.22	01:05:00.083	0.92371				2
2025.10.22	01:05:01.428	0.92372	0.92396			6
2025.10.22	01:05:01.750	0.92370	0.92397			6
2025.10.22	01:05:02.067	0.92371				2
2025.10.22	01:05:03.417	0.92372				2
2025.10.22	01:05:03.985	0.92371	0.92399			6
2025.10.22	01:05:05.096	0.92374	0.92400			6
2025.10.22	01:05:07.558	0.92376	0.92401			6
2025.10.22	01:05:10.658	0.92377				2
2025.10.22	01:05:17.368	0.92383	0.92405			6
2025.10.22	01:05:22.960	0.92384	0.92404			6
2025.10.22	01:05:38.589	0.92381	0.92407			6
2025.10.22	01:05:42.080		0.92406			4
2025.10.22	01:05:46.631		0.92405			4
2025.10.22	01:05:47.183		0.92404			4
2025.10.22	01:05:49.070		0.92406			4
2025.10.22	01:06:02.447	0.92381				2
2025.10.22	01:06:14.760		0.92404			4
2025.10.22	01:06:15.782		0.92403			4
2025.10.22	01:06:17.182		0.92401			4
2025.10.22	01:06:23.292		0.92403			4
2025.10.22	01:06:38.800	0.92378				2
2025.10.22	01:06:40.040	0.92379				2
2025.10.22	01:06:41.404	0.92377	0.92400			6
2025.10.22	01:06:42.207		0.92401			4
2025.10.22	01:06:45.083	0.92378	0.92402			6
2025.10.22	01:06:46.137	0.92380	0.92403			6
2025.10.22	01:06:49.926		0.92399			4
2025.10.22	01:06:52.310	0.92381				2
2025.10.22	01:06:53.361	0.92380				2
2025.10.22	01:06:53.883	0.92381				2
2025.10.22	01:06:56.334	0.92380				2
2025.10.22	01:06:59.563	0.92376	0.92395			6
2025.10.22	01:06:59.890		0.92397			4
2025.10.22	01:07:00.232	0.92378	0.92399			6
2025.10.22	01:07:00.997	0.92379	0.92401			6
2025.10.22	01:07:01.750		0.92402			4
2025.10.22	01:07:10.098	0.92380				2
2025.10.22	01:07:14.977	0.92382				2
2025.10.22	01:07:19.078	0.92380				2
2025.10.22	01:07:20.317	0.92379	0.92401			6
2025.10.22	01:07:28.284		0.92400			4
2025.10.22	01:07:28.859	0.92380	0.92401			6
2025.10.22	01:07:30.386		0.92402			4
2025.10.22	01:07:39.383		0.92401			4
2025.10.22	01:07:46.604	0.92381	0.92402			6
2025.10.22	01:07:48.863	0.92379	0.92401			6
2025.10.22	01:07:58.869	0.92382				2
2025.10.22	01:08:00.137	0.92382				2
2025.10.22	01:08:01.323	0.92379	0.92400			6
2025.10.22	01:08:02.936	0.92381				2
2025.10.22	01:08:03.726		0.92401			4
2025.10.22	01:08:08.861	0.92379	0.92400			6
2025.10.22	01:08:18.864	0.92381	0.92401			6
2025.10.22	01:08:28.864	0.92379	0.92400			6
2025.10.22	01:08:37.286		0.92399			4
2025.10.22	01:08:38.864	0.92381	0.92400			6
2025.10.22	01:08:40.286		0.92401			4
2025.10.22	01:08:54.683		0.92400			4
2025.10.22	01:08:58.863	0.92379	0.92399			6
2025.10.22	01:09:00.082	0.92379				2
2025.10.22	01:09:06.634	0.92381	0.92400			6
2025.10.22	01:09:17.471	0.92382				2
2025.10.22	01:09:30.615	0.92384	0.92401			6
2025.10.22	01:09:31.000	0.92379	0.92399			6
2025.10.22	01:09:31.364	0.92380	0.92401			6
2025.10.22	01:09:35.183		0.92400			4
2025.10.22	01:09:36.613	0.92381				2
2025.10.22	01:09:39.384		0.92401			4
2025.10.22	01:09:48.903		0.92400			4
2025.10.22	01:10:00.355	0.92381				2
2025.10.22	01:10:01.228	0.92380				2
2025.10.22	01:10:02.442	0.92381				2
2025.10.22	01:10:06.135	0.92382	0.92399			6
2025.10.22	01:10:06.750	0.92381				2
2025.10.22	01:10:07.086		0.92400			4
2025.10.22	01:10:31.126	0.92382				2
2025.10.22	01:10:36.734	0.92385				2
2025.10.22	01:10:37.122	0.92384				2
2025.10.22	01:10:39.985	0.92383				2
2025.10.22	01:10:47.317	0.92382	0.92401			6
2025.10.22	01:10:47.931	0.92384				2
2025.10.22	01:10:48.396	0.92385	0.92402			6
2025.10.22	01:10:48.841		0.92401			4
2025.10.22	01:10:50.484		0.92402			4
2025.10.22	01:10:52.230	0.92380	0.92397			6
2025.10.22	01:10:54.631	0.92379	0.92396			6
2025.10.22	01:11:00.083	0.92379				2
2025.10.22	01:11:00.485	0.92381	0.92397			6
2025.10.22	01:11:02.039		0.92398			4
2025.10.22	01:11:06.006		0.92397			4
2025.10.22	01:11:11.029		0.92398			4
2025.10.22	01:11:15.386		0.92397			4
2025.10.22	01:11:17.627		0.92396			4
2025.10.22	01:11:18.431	0.92382	0.92397			6
2025.10.22	01:11:18.859	0.92381	0.92396			6
2025.10.22	01:11:20.483		0.92397			4
2025.10.22	01:11:22.284		0.92396			4
2025.10.22	01:11:26.800	0.92382				2
2025.10.22	01:11:28.863	0.92381	0.92397			6
2025.10.22	01:11:55.726		0.92398			4
2025.10.22	01:12:00.384	0.92381				2
2025.10.22	01:12:01.037		0.92397			4
2025.10.22	01:12:04.868		0.92398			4
2025.10.22	01:12:07.065		0.92397			4
2025.10.22	01:12:08.205	0.92385	0.92398			6
2025.10.22	01:12:12.340	0.92384	0.92400			6
2025.10.22	01:12:15.085		0.92399			4
2025.10.22	01:12:16.285		0.92400			4
2025.10.22	01:12:16.811		0.92398			4
2025.10.22	01:12:18.685		0.92399			4
2025.10.22	01:12:20.515	0.92386	0.92401			6
2025.10.22	01:12:28.862	0.92385				2
2025.10.22	01:12:31.944	0.92383	0.92397			6
2025.10.22	01:12:32.300		0.92399			4
2025.10.22	01:12:35.953	0.92384				2
2025.10.22	01:12:38.785		0.92398			4
2025.10.22	01:12:40.025		0.92399			4
2025.10.22	01:12:41.671		0.92398			4
2025.10.22	01:12:42.552		0.92399			4
2025.10.22	01:12:45.386	0.92385				2
2025.10.22	01:12:47.032	0.92384				2
2025.10.22	01:12:58.286	0.92385	0.92398			6
2025.10.22	01:12:59.482	0.92384	0.92399			6
2025.10.22	01:13:00.647	0.92384				2
2025.10.22	01:13:06.554		0.92398			4
2025.10.22	01:13:09.384		0.92399			4
2025.10.22	01:13:11.736	0.92385				2
2025.10.22	01:13:15.891		0.92398			4
2025.10.22	01:13:17.482		0.92399			4
2025.10.22	01:13:22.584		0.92398			4
2025.10.22	01:13:30.317		0.92399			4
2025.10.22	01:13:30.801	0.92383				2
2025.10.22	01:13:31.884	0.92384				2
2025.10.22	01:13:34.628		0.92398			4
2025.10.22	01:13:42.891	0.92383				2
2025.10.22	01:13:43.883		0.92397			4
2025.10.22	01:13:45.682		0.92398			4
2025.10.22	01:13:47.486		0.92397			4
2025.10.22	01:13:54.065	0.92385				2
2025.10.22	01:13:54.387		0.92398			4
2025.10.22	01:14:00.627	0.92385				2
2025.10.22	01:14:10.445		0.92399			4
2025.10.22	01:14:11.561		0.92398			4
2025.10.22	01:14:13.819		0.92399			4
2025.10.22	01:14:18.083		0.92400			4
2025.10.22	01:14:19.582		0.92399			4
2025.10.22	01:14:42.752		0.92400			4
2025.10.22	01:15:00.407	0.92385	0.92399			6
2025.10.22	01:15:06.560	0.92383	0.92397			6
2025.10.22	01:15:47.783	0.92382	0.92398			6
2025.10.22	01:16:00.683	0.92383	0.92397			6
2025.10.22	01:16:01.643	0.92381				2
2025.10.22	01:16:01.964	0.92382				2
2025.10.22	01:16:02.288	0.92381				2
2025.10.22	01:16:02.591	0.92383				2
2025.10.22	01:16:04.932	0.92382	0.92398			6
2025.10.22	01:16:09.391	0.92381				2
2025.10.22	01:16:11.075		0.92397			4
2025.10.22	01:16:11.735	0.92383				2
2025.10.22	01:16:13.582		0.92398			4
2025.10.22	01:16:17.357		0.92397			4
2025.10.22	01:16:18.383		0.92398			4
2025.10.22	01:16:20.186		0.92397			4
2025.10.22	01:16:23.831	0.92385	0.92398			6
2025.10.22	01:16:24.475	0.92384				2
2025.10.22	01:16:25.882		0.92397			4
2025.10.22	01:16:28.628	0.92383				2
2025.10.22	01:16:28.939	0.92384				2
2025.10.22	01:16:31.079	0.92382				2
2025.10.22	01:16:31.670	0.92383				2
2025.10.22	01:16:37.814	0.92384	0.92400			6
2025.10.22	01:16:38.165		0.92399			4
2025.10.22	01:16:38.909	0.92386	0.92400			6
2025.10.22	01:16:39.735	0.92385				2
2025.10.22	01:16:40.055		0.92402			4
2025.10.22	01:16:40.368	0.92386				2
2025.10.22	01:16:42.026	0.92388	0.92403			6
2025.10.22	01:16:43.583	0.92389				2
2025.10.22	01:16:45.830	0.92388	0.92404			6
2025.10.22	01:16:46.885	0.92389	0.92403			6
2025.10.22	01:16:47.594	0.92387				2
2025.10.22	01:16:47.942	0.92388				2
2025.10.22	01:16:50.461	0.92390				2
2025.10.22	01:16:51.075	0.92389				2
2025.10.22	01:17:00.086	0.92389	0.92404			6
2025.10.22	01:17:00.903		0.92403			4
2025.10.22	01:17:03.402	0.92385	0.92401			6
2025.10.22	01:17:04.538		0.92400			4
2025.10.22	01:17:06.138	0.92384	0.92399			6
2025.10.22	01:17:07.876		0.92398			4
2025.10.22	01:17:08.177	0.92383				2
2025.10.22	01:17:08.676	0.92384	0.92399			6
2025.10.22	01:17:09.423		0.92400			4
2025.10.22	01:17:10.235		0.92396			4
2025.10.22	01:17:10.538	0.92383	0.92398			6
2025.10.22	01:17:11.523	0.92384	0.92399			6
2025.10.22	01:17:12.451		0.92400			4
2025.10.22	01:17:13.409	0.92390	0.92401			6
2025.10.22	01:17:13.719	0.92385	0.92400			6
2025.10.22	01:17:14.047	0.92384				2
2025.10.22	01:17:22.883		0.92399			4
2025.10.22	01:17:39.909	0.92391	0.92400			6
2025.10.22	01:17:40.218	0.92384	0.92399			6
2025.10.22	01:17:41.283		0.92398			4
2025.10.22	01:17:42.683		0.92399			4
2025.10.22	01:17:45.375		0.92398			4
2025.10.22	01:17:46.856		0.92399			4
2025.10.22	01:17:47.602		0.92398			4
2025.10.22	01:17:50.764		0.92399			4
2025.10.22	01:17:51.703		0.92398			4
2025.10.22	01:17:58.078		0.92397			4
2025.10.22	01:17:58.407	0.92383				2
2025.10.22	01:18:00.083	0.92383	0.92398			6
2025.10.22	01:18:01.251		0.92397			4
2025.10.22	01:18:01.885		0.92398			4
2025.10.22	01:18:02.225		0.92397			4
2025.10.22	01:18:02.785		0.92398			4
2025.10.22	01:18:03.324		0.92397			4
2025.10.22	01:18:05.993		0.92398			4
2025.10.22	01:18:19.393	0.92384				2
2025.10.22	01:18:21.144	0.92381				2
2025.10.22	01:18:43.321		0.92397			4
2025.10.22	01:18:44.760	0.92380				2
2025.10.22	01:18:45.408	0.92381				2
2025.10.22	01:18:52.998	0.92382				2
2025.10.22	01:18:53.381	0.92381	0.92396			6
2025.10.22	01:18:57.473	0.92382				2
2025.10.22	01:18:59.483	0.92383				2
2025.10.22	01:19:00.683	0.92383	0.92395			6
2025.10.22	01:19:01.283	0.92382	0.92396			6
2025.10.22	01:19:02.756	0.92383				2
2025.10.22	01:19:03.361	0.92382				2
2025.10.22	01:19:03.791	0.92383	0.92395			6
2025.10.22	01:19:04.955	0.92382	0.92396			6
2025.10.22	01:19:07.027	0.92383				2
2025.10.22	01:19:08.485	0.92382				2
2025.10.22	01:19:10.003		0.92395			4
2025.10.22	01:19:11.158	0.92381	0.92396			6
2025.10.22	01:19:12.013	0.92382				2
2025.10.22	01:19:13.111		0.92395			4
2025.10.22	01:19:13.740	0.92381	0.92396			6
2025.10.22	01:19:14.149	0.92382				2
2025.10.22	01:19:14.657		0.92395			4
2025.10.22	01:19:15.983	0.92381	0.92396			6
2025.10.22	01:19:19.323	0.92382	0.92395			6
2025.10.22	01:19:20.782		0.92396			4
2025.10.22	01:19:24.382	0.92381				2
2025.10.22	01:19:27.611	0.92382				2
2025.10.22	01:19:29.183	0.92381				2
2025.10.22	01:19:30.718	0.92382				2
2025.10.22	01:19:31.885	0.92381				2
2025.10.22	01:19:32.793	0.92382				2
2025.10.22	01:19:33.682	0.92381				2
2025.10.22	01:19:34.861	0.92382				2
2025.10.22	01:19:35.796	0.92381				2
2025.10.22	01:19:36.933	0.92382				2
2025.10.22	01:19:37.581	0.92381				2
2025.10.22	01:19:37.969	0.92382				2
2025.10.22	01:19:38.483	0.92381				2
2025.10.22	01:19:39.005	0.92382				2
2025.10.22	01:19:39.682	0.92381				2
2025.10.22	01:19:41.075	0.92382				2
2025.10.22	01:19:42.085	0.92381				2
2025.10.22	01:19:44.183	0.92382	0.92395			6
2025.10.22	01:19:45.349	0.92381	0.92396			6
2025.10.22	01:19:46.254	0.92382	0.92395			6
2025.10.22	01:19:46.581	0.92381				2
2025.10.22	01:19:46.899		0.92396			4
2025.10.22	01:19:48.323	0.92382				2
2025.10.22	01:19:48.984	0.92381				2
2025.10.22	01:19:49.360	0.92382				2
2025.10.22	01:19:49.884	0.92381				2
2025.10.22	01:19:51.431	0.92382				2
2025.10.22	01:19:52.886	0.92381				2
2025.10.22	01:19:54.550	0.92382				2
2025.10.22	01:19:55.285	0.92381				2
2025.10.22	01:19:56.623	0.92382				2
2025.10.22	01:19:57.383	0.92381				2
2025.10.22	01:19:58.693	0.92382				2
2025.10.22	01:20:00.087	0.92381				2
2025.10.22	01:20:00.714	0.92380				2
2025.10.22	01:20:04.408	0.92381				2
2025.10.22	01:20:05.482	0.92382				2
2025.10.22	01:20:06.984		0.92395			4
2025.10.22	01:20:08.784		0.92396			4
2025.10.22	01:20:10.884	0.92381				2
2025.10.22	01:20:12.156	0.92382	0.92395			6
2025.10.22	01:20:13.584	0.92381	0.92396			6
2025.10.22	01:20:16.299	0.92382				2
2025.10.22	01:20:17.785	0.92381				2
2025.10.22	01:20:18.499	0.92380				2
2025.10.22	01:20:23.678	0.92382				2
2025.10.22	01:20:24.684		0.92395			4
2025.10.22	01:20:26.445		0.92396			4
2025.10.22	01:20:28.855		0.92395			4
2025.10.22	01:20:31.884		0.92396			4
2025.10.22	01:20:32.997		0.92395			4
2025.10.22	01:20:33.682		0.92396			4
2025.10.22	01:20:35.072		0.92395			4
2025.10.22	01:20:36.083		0.92396			4
2025.10.22	01:20:38.175		0.92395			4
2025.10.22	01:20:38.782		0.92396			4
2025.10.22	01:20:40.255	0.92380				2
2025.10.22	01:20:41.281	0.92383	0.92395			6
2025.10.22	01:20:41.592	0.92382	0.92396			6
2025.10.22	01:20:42.571	0.92383				2
2025.10.22	01:20:44.182	0.92381				2
2025.10.22	01:20:44.915	0.92382	0.92395			6
2025.10.22	01:20:45.685	0.92381	0.92396			6
2025.10.22	01:20:46.075	0.92382	0.92395			6
2025.10.22	01:20:47.496	0.92381	0.92396			6
2025.10.22	01:20:48.661	0.92382	0.92395			6
2025.10.22	01:20:49.885		0.92396			4
2025.10.22	01:20:51.768		0.92395			4
2025.10.22	01:20:52.829	0.92383				2
2025.10.22	01:20:53.441		0.92396			4
2025.10.22	01:20:54.984		0.92395			4
2025.10.22	01:20:55.912	0.92382				2
2025.10.22	01:20:57.685	0.92389	0.92398			6
2025.10.22	01:20:58.026	0.92385	0.92397			6
2025.10.22	01:20:58.347	0.92382				2
2025.10.22	01:21:00.601	0.92382				2
2025.10.22	01:21:12.352	0.92381				2
2025.10.22	01:21:15.983	0.92382				2
2025.10.22	01:21:18.682	0.92381				2
2025.10.22	01:21:21.983	0.92382				2
2025.10.22	01:21:35.084	0.92380				2
2025.10.22	01:21:35.401	0.92381				2
2025.10.22	01:21:45.378		0.92396			4
2025.10.22	01:21:46.364	0.92378	0.92392			6
2025.10.22	01:21:47.044	0.92381				2
2025.10.22	01:21:47.989		0.92394			4
2025.10.22	01:21:48.600	0.92382	0.92395			6
2025.10.22	01:21:49.756		0.92394			4
2025.10.22	01:21:51.827	0.92383				2
2025.10.22	01:21:53.320	0.92382				2
2025.10.22	01:21:54.424	0.92383				2
2025.10.22	01:21:55.592	0.92382	0.92395			6
2025.10.22	01:21:58.562	0.92383	0.92394			6
2025.10.22	01:21:59.182	0.92382	0.92395			6
2025.10.22	01:22:00.446	0.92380	0.92394			6
2025.10.22	01:22:01.518	0.92381				2
2025.10.22	01:22:04.193		0.92397			4
2025.10.22	01:22:10.001		0.92396			4
2025.10.22	01:22:24.512		0.92395			4
2025.10.22	01:22:30.690	0.92379	0.92394			6
2025.10.22	01:22:31.841		0.92395			4
2025.10.22	01:22:33.780	0.92380	0.92394			6
2025.10.22	01:22:35.782	0.92379				2
2025.10.22	01:22:38.049	0.92380	0.92393			6
2025.10.22	01:22:38.961	0.92379	0.92394			6
2025.10.22	01:22:45.380	0.92380				2
2025.10.22	01:22:46.346	0.92381				2
2025.10.22	01:22:46.777	0.92380				2
2025.10.22	01:22:49.961	0.92379				2
2025.10.22	01:22:53.856	0.92380				2
2025.10.22	01:22:55.797	0.92381				2
2025.10.22	01:23:00.252	0.92381				2
2025.10.22	01:23:00.647	0.92379	0.92393			6
2025.10.22	01:23:01.372	0.92376				2
2025.10.22	01:23:02.389	0.92377				2
2025.10.22	01:23:02.918	0.92376				2
2025.10.22	01:23:04.012	0.92377				2
2025.10.22	01:23:13.791	0.92376				2
2025.10.22	01:23:14.397	0.92377				2
2025.10.22	01:23:15.853	0.92376				2
2025.10.22	01:23:17.085	0.92377				2
2025.10.22	01:23:17.990	0.92385	0.92395			6
2025.10.22	01:23:18.347	0.92381	0.92394			6
2025.10.22	01:23:18.665	0.92377	0.92393			6
2025.10.22	01:23:22.067		0.92392			4
2025.10.22	01:23:23.104		0.92393			4
2025.10.22	01:23:24.384		0.92392			4
2025.10.22	01:23:26.210		0.92393			4
2025.10.22	01:23:29.170	0.92382				2
2025.10.22	01:23:30.082		0.92394			4
2025.10.22	01:23:30.386	0.92385	0.92396			6
2025.10.22	01:23:30.740	0.92379	0.92394			6
2025.10.22	01:23:31.065	0.92377	0.92393			6
2025.10.22	01:23:32.577		0.92392			4
2025.10.22	01:23:33.741		0.92393			4
2025.10.22	01:23:41.149	0.92378				2
2025.10.22	01:23:43.823	0.92377				2
2025.10.22	01:23:45.385	0.92376				2
2025.10.22	01:23:46.023	0.92378				2
2025.10.22	01:23:46.928	0.92376				2
2025.10.22	01:23:47.314	0.92378				2
2025.10.22	01:23:47.961	0.92377				2
2025.10.22	01:23:48.344	0.92378				2
2025.10.22	01:23:48.999	0.92379	0.92392			6
2025.10.22	01:24:00.319	0.92379				2
2025.10.22	01:24:15.383	0.92378				2
2025.10.22	01:24:31.884		0.92393			4
2025.10.22	01:24:34.568		0.92392			4
2025.10.22	01:24:36.082		0.92393			4
2025.10.22	01:24:37.675		0.92392			4
2025.10.22	01:24:39.383		0.92393			4
2025.10.22	01:24:43.890		0.92392			4
2025.10.22	01:24:45.383		0.92393			4
2025.10.22	01:24:47.184		0.92392			4
2025.10.22	01:24:48.983		0.92393			4
2025.10.22	01:24:51.141		0.92392			4
2025.10.22	01:24:53.183		0.92393			4
2025.10.22	01:24:56.309	0.92376				2
2025.10.22	01:24:57.354	0.92377	0.92392			6
2025.10.22	01:24:58.884		0.92393			4
2025.10.22	01:24:59.212	0.92374	0.92390			6
2025.10.22	01:24:59.695		0.92391			4
2025.10.22	01:25:00.079	0.92374				2
2025.10.22	01:25:00.649	0.92375	0.92388			6
2025.10.22	01:25:00.959		0.92390			4
2025.10.22	01:25:03.050	0.92374				2
2025.10.22	01:25:04.884		0.92389			4
2025.10.22	01:25:06.419		0.92390			4
2025.10.22	01:25:07.128		0.92389			4
2025.10.22	01:25:08.066		0.92390			4
2025.10.22	01:25:09.343	0.92382	0.92393			6
2025.10.22	01:25:09.668	0.92374	0.92390			6
2025.10.22	01:25:14.344	0.92375				2
2025.10.22	01:25:18.350	0.92374				2
2025.10.22	01:25:22.990	0.92373				2
2025.10.22	01:25:23.912	0.92374				2
2025.10.22	01:25:24.287	0.92373				2
2025.10.22	01:25:30.218	0.92374	0.92389			6
2025.10.22	01:25:36.111	0.92375				2
2025.10.22	01:25:40.340	0.92376				2
2025.10.22	01:26:00.354	0.92376				2
2025.10.22	01:26:05.165	0.92375				2
2025.10.22	01:26:09.983	0.92376				2
2025.10.22	01:26:10.299	0.92375	0.92388			6
2025.10.22	01:26:11.555	0.92376				2
2025.10.22	01:26:16.272	0.92372	0.92387			6
2025.10.22	01:26:20.772	0.92376	0.92391			6
2025.10.22	01:26:21.079	0.92373	0.92390			6
2025.10.22	01:26:30.328	0.92374	0.92391			6
2025.10.22	01:26:32.329		0.92389			4
2025.10.22	01:26:40.468		0.92388			4
2025.10.22	01:26:40.786	0.92375	0.92387			6
2025.10.22	01:26:41.433	0.92374				2
2025.10.22	01:26:42.344	0.92375				2
2025.10.22	01:26:45.380	0.92374				2
2025.10.22	01:26:46.884	0.92373				2
2025.10.22	01:26:48.673	0.92374				2
2025.10.22	01:26:49.838	0.92373				2
2025.10.22	01:26:53.784	0.92374				2
2025.10.22	01:26:57.019		0.92388			4
2025.10.22	01:26:59.148		0.92387			4
2025.10.22	01:27:00.143	0.92373				2
2025.10.22	01:27:06.155	0.92374				2
2025.10.22	01:27:06.480	0.92373				2
2025.10.22	01:27:10.437	0.92374				2
2025.10.22	01:27:11.106		0.92388			4
2025.10.22	01:27:11.488	0.92373	0.92387			6
2025.10.22	01:27:11.812		0.92388			4
2025.10.22	01:27:12.982	0.92374	0.92386			6
2025.10.22	01:27:15.093		0.92385			4
2025.10.22	01:27:17.163	0.92373				2
2025.10.22	01:27:18.200		0.92386			4
2025.10.22	01:27:18.816	0.92372				2
2025.10.22	01:27:21.303	0.92373	0.92385			6
2025.10.22	01:27:21.695	0.92371	0.92386			6
2025.10.22	01:27:25.583	0.92372				2
2025.10.22	01:27:26.084	0.92373				2
2025.10.22	01:27:28.814	0.92372				2
2025.10.22	01:27:29.853	0.92371				2
2025.10.22	01:27:32.958	0.92370				2
2025.10.22	01:27:34.882	0.92371				2
2025.10.22	01:27:37.803	0.92372	0.92388			6
2025.10.22	01:27:38.142	0.92373	0.92387			6
2025.10.22	01:27:38.457		0.92388			4
2025.10.22	01:27:39.041	0.92370				2
2025.10.22	01:27:39.385	0.92371	0.92387			6
2025.10.22	01:27:40.921	0.92372	0.92386			6
2025.10.22	01:27:42.903	0.92371	0.92387			6
2025.10.22	01:27:44.149	0.92372	0.92386			6
2025.10.22	01:27:46.583	0.92371	0.92387			6
2025.10.22	01:27:50.242		0.92386			4
2025.10.22	01:27:53.184		0.92387			4
2025.10.22	01:27:55.582		0.92386			4
2025.10.22	01:27:57.256	0.92370	0.92387			6
2025.10.22	01:27:58.529	0.92371	0.92386			6
2025.10.22	01:28:00.467	0.92368				2
2025.10.22	01:28:12.248	0.92370				2
2025.10.22	01:28:14.783		0.92387			4
2025.10.22	01:28:23.912		0.92386			4
2025.10.22	01:28:24.740		0.92387			4
2025.10.22	01:28:35.147	0.92369	0.92386			6
2025.10.22	01:28:38.566	0.92373	0.92390			6
2025.10.22	01:28:42.822	0.92374	0.92389			6
2025.10.22	01:28:54.382		0.92388			4
2025.10.22	01:28:56.783		0.92389			4
2025.10.22	01:28:59.484		0.92388			4
2025.10.22	01:29:00.431	0.92374	0.92389			6
2025.10.22	01:29:01.583		0.92388			4
2025.10.22	01:29:02.629		0.92389			4
2025.10.22	01:29:10.060	0.92373				2
2025.10.22	01:29:10.579		0.92388			4
2025.10.22	01:29:11.784		0.92389			4
2025.10.22	01:29:14.057		0.92388			4
2025.10.22	01:29:15.109		0.92385			4
2025.10.22	01:29:25.995		0.92389			4
2025.10.22	01:29:30.764		0.92388			4
2025.10.22	01:29:32.346		0.92389			4
2025.10.22	01:29:34.883		0.92388			4
2025.10.22	01:29:36.475		0.92389			4
2025.10.22	01:29:38.809	0.92374				2
2025.10.22	01:29:59.513		0.92388			4
2025.10.22	01:30:00.500	0.92374	0.92389			6
2025.10.22	01:30:03.192		0.92384			4
2025.10.22	01:30:03.540	0.92375	0.92385			6
2025.10.22	01:30:04.145	0.92373	0.92387			6
2025.10.22	01:30:06.753	0.92374	0.92391			6
2025.10.22	01:30:07.182		0.92390			4
2025.10.22	01:30:07.529		0.92391			4
2025.10.22	01:30:07.960		0.92390			4
2025.10.22	01:30:09.933		0.92391			4
2025.10.22	01:30:12.157		0.92390			4
2025.10.22	01:30:14.182		0.92391			4
2025.10.22	01:30:15.168		0.92390			4
2025.10.22	01:30:27.067		0.92391			4
2025.10.22	01:30:31.117		0.92390			4
2025.10.22	01:30:33.070	0.92375	0.92391			6
2025.10.22	01:30:36.828	0.92377	0.92394			6
2025.10.22	01:30:38.333	0.92378				2
2025.10.22	01:30:43.213	0.92380	0.92396			6
2025.10.22	01:30:44.217	0.92379	0.92394			6
2025.10.22	01:30:47.785	0.92378				2
2025.10.22	01:30:48.474	0.92381	0.92396			6
2025.10.22	01:30:48.797	0.92378	0.92395			6
2025.10.22	01:30:51.876	0.92379				2
2025.10.22	01:30:54.167	0.92380	0.92396			6
2025.10.22	01:31:00.476	0.92380				2
2025.10.22	01:31:01.268		0.92395			4
2025.10.22	01:31:03.083		0.92396			4
2025.10.22	01:31:06.383		0.92395			4
2025.10.22	01:31:09.383		0.92396			4
2025.10.22	01:31:14.345		0.92395			4
2025.10.22	01:31:16.283		0.92396			4
2025.10.22	01:31:18.571	0.92381	0.92397			6
2025.10.22	01:31:20.314	0.92379	0.92395			6
2025.10.22	01:31:20.705	0.92380				2
2025.10.22	01:31:21.291		0.92394			4
2025.10.22	01:31:22.079		0.92395			4
2025.10.22	01:31:23.970		0.92394			4
2025.10.22	01:31:51.384	0.92379				2
2025.10.22	01:32:01.329	0.92379				2
2025.10.22	01:32:06.773	0.92381	0.92395			6
2025.10.22	01:32:07.100	0.92379				2
2025.10.22	01:32:08.213		0.92394			4
2025.10.22	01:32:09.793	0.92376	0.92391			6
2025.10.22	01:32:10.266	0.92377				2
2025.10.22	01:32:12.683		0.92392			4
2025.10.22	01:32:19.907	0.92378	0.92393			6
2025.10.22	01:32:20.235		0.92392			4
2025.10.22	01:32:20.561	0.92379	0.92394			6
2025.10.22	01:32:21.043	0.92381	0.92395			6
2025.10.22	01:32:30.515	0.92380	0.92396			6
2025.10.22	01:32:30.817	0.92381	0.92395			6
2025.10.22	01:32:40.714	0.92382	0.92397			6
2025.10.22	01:32:42.388	0.92381	0.92395			6
2025.10.22	01:32:45.085		0.92396			4
2025.10.22	01:32:55.412	0.92380	0.92395			6
2025.10.22	01:32:56.183	0.92381				2
2025.10.22	01:32:57.442	0.92380				2
2025.10.22	01:33:00.306	0.92382				2
2025.10.22	01:33:03.724	0.92381				2
2025.10.22	01:33:07.184	0.92380				2
2025.10.22	01:33:09.963		0.92394			4
2025.10.22	01:33:12.680		0.92395			4
2025.10.22	01:33:14.483		0.92394			4
2025.10.22	01:33:16.882		0.92395			4
2025.10.22	01:33:19.282		0.92394			4
2025.10.22	01:33:20.183		0.92395			4
2025.10.22	01:33:31.443		0.92394			4
2025.10.22	01:33:33.893		0.92395			4
2025.10.22	01:33:35.767	0.92379	0.92394			6
2025.10.22	01:33:40.927	0.92380				2
2025.10.22	01:33:44.372	0.92379				2
2025.10.22	01:33:45.618	0.92380	0.92395			6
2025.10.22	01:33:48.388		0.92394			4
2025.10.22	01:33:54.684		0.92395			4
2025.10.22	01:33:57.455		0.92394			4
2025.10.22	01:34:01.213	0.92380	0.92395			6
2025.10.22	01:34:01.545		0.92394			4
2025.10.22	01:34:01.947		0.92395			4
2025.10.22	01:34:06.869		0.92394			4
2025.10.22	01:34:08.231		0.92395			4
2025.10.22	01:34:14.629	0.92381				2
2025.10.22	01:34:16.108	0.92380	0.92396			6
2025.10.22	01:34:24.287		0.92397			4
2025.10.22	01:34:24.597		0.92396			4
2025.10.22	01:34:25.300	0.92381				2
2025.10.22	01:34:44.483		0.92395			4
2025.10.22	01:34:47.113		0.92396			4
2025.10.22	01:34:54.683	0.92382				2
2025.10.22	01:34:54.999	0.92379	0.92394			6
2025.10.22	01:34:56.050		0.92395			4
2025.10.22	01:34:57.265		0.92394			4
2025.10.22	01:35:00.239	0.92379				2
2025.10.22	01:35:06.232	0.92380	0.92396			6
2025.10.22	01:35:06.586	0.92381	0.92395			6
2025.10.22	01:35:07.218	0.92380	0.92396			6
2025.10.22	01:35:07.620	0.92381	0.92395			6
2025.10.22	01:35:09.281	0.92380	0.92396			6
2025.10.22	01:35:09.660	0.92381	0.92395			6
2025.10.22	01:35:13.643	0.92380	0.92396			6
2025.10.22	01:35:15.274	0.92381	0.92395			6
2025.10.22	01:35:16.605		0.92396			4
2025.10.22	01:35:17.846		0.92395			4
2025.10.22	01:35:19.711		0.92396			4
2025.10.22	01:35:20.952		0.92395			4
2025.10.22	01:35:22.819		0.92396			4
2025.10.22	01:35:24.189		0.92395			4
2025.10.22	01:35:26.132	0.92380	0.92396			6
2025.10.22	01:35:27.092	0.92381	0.92395			6
2025.10.22	01:35:29.197		0.92396			4
2025.10.22	01:35:30.404		0.92395			4
2025.10.22	01:35:32.184		0.92396			4
2025.10.22	01:35:33.510	0.92380	0.92395			6
2025.10.22	01:35:35.453		0.92396			4
2025.10.22	01:35:36.618		0.92395			4
2025.10.22	01:35:37.525	0.92382	0.92396			6
2025.10.22	01:35:41.797		0.92395			4
2025.10.22	01:35:43.280	0.92383				2
2025.10.22	01:35:44.774		0.92396			4
2025.10.22	01:35:55.359	0.92382	0.92395			6
2025.10.22	01:35:55.713		0.92396			4
2025.10.22	01:36:00.647	0.92381				2
2025.10.22	01:36:06.309	0.92386	0.92399			6
2025.10.22	01:36:06.613	0.92383	0.92398			6
2025.10.22	01:36:06.919	0.92382	0.92396			6
2025.10.22	01:36:17.034		0.92397			4
2025.10.22	01:36:17.783		0.92396			4
2025.10.22	01:36:20.215		0.92397			4
2025.10.22	01:36:21.421		0.92396			4
2025.10.22	01:36:26.197	0.92381	0.92395			6
2025.10.22	01:36:26.510	0.92384	0.92396			6
2025.10.22	01:36:27.081		0.92397			4
2025.10.22	01:36:29.917	0.92381	0.92395			6
2025.10.22	01:36:30.382		0.92394			4
2025.10.22	01:36:30.759		0.92395			4
2025.10.22	01:36:31.227		0.92394			4
2025.10.22	01:36:35.203	0.92380	0.92395			6
2025.10.22	01:36:36.706	0.92383	0.92397			6
2025.10.22	01:36:37.717	0.92381	0.92395			6
2025.10.22	01:36:39.791		0.92396			4
2025.10.22	01:36:40.518		0.92395			4
2025.10.22	01:36:41.862		0.92396			4
2025.10.22	01:36:45.181		0.92395			4
2025.10.22	01:36:51.186		0.92396			4
2025.10.22	01:36:52.348		0.92395			4
2025.10.22	01:36:53.916		0.92396			4
2025.10.22	01:36:55.337	0.92382	0.92397			6
2025.10.22	01:36:55.932		0.92396			4
2025.10.22	01:36:56.364		0.92397			4
2025.10.22	01:36:56.920	0.92383				2
2025.10.22	01:36:57.971	0.92382	0.92396			6
2025.10.22	01:36:58.416	0.92383	0.92398			6
2025.10.22	01:36:59.924	0.92382	0.92397			6
2025.10.22	01:37:00.565	0.92382				2
2025.10.22	01:37:04.230	0.92384	0.92399			6
2025.10.22	01:37:04.555	0.92383	0.92397			6
2025.10.22	01:37:05.721	0.92385				2
2025.10.22	01:37:09.034		0.92398			4
2025.10.22	01:37:12.386		0.92397			4
2025.10.22	01:37:15.308	0.92384				2
2025.10.22	01:37:17.757	0.92385	0.92398			6
2025.10.22	01:37:19.799	0.92384	0.92397			6
2025.10.22	01:37:30.356		0.92396			4
2025.10.22	01:37:33.083		0.92397			4
2025.10.22	01:37:38.864	0.92385				2
2025.10.22	01:37:40.639		0.92398			4
2025.10.22	01:37:43.561		0.92397			4
2025.10.22	01:37:59.319	0.92383				2
2025.10.22	01:37:59.623		0.92396			4
2025.10.22	01:38:00.144	0.92383				2
2025.10.22	01:38:08.862	0.92382				2
2025.10.22	01:38:12.994	0.92381				2
2025.10.22	01:38:15.376	0.92379	0.92393			6
2025.10.22	01:38:19.680	0.92381	0.92394			6
2025.10.22	01:38:21.169	0.92382	0.92395			6
2025.10.22	01:38:22.672		0.92397			4
2025.10.22	01:38:23.750		0.92396			4
2025.10.22	01:38:26.940		0.92395			4
2025.10.22	01:38:33.983		0.92396			4
2025.10.22	01:38:41.834		0.92395			4
2025.10.22	01:38:53.653		0.92396			4
2025.10.22	01:38:56.281		0.92395			4
2025.10.22	01:39:00.490	0.92383				2
2025.10.22	01:39:05.785		0.92394			4
2025.10.22	01:39:08.783		0.92395			4
2025.10.22	01:39:11.539	0.92385	0.92400			6
2025.10.22	01:39:12.223		0.92399			4
2025.10.22	01:39:19.826		0.92400			4
2025.10.22	01:39:22.654		0.92399			4
2025.10.22	01:39:41.452	0.92389	0.92403			6
2025.10.22	01:39:51.051		0.92402			4
2025.10.22	01:40:00.084	0.92389				2
2025.10.22	01:40:25.214	0.92386	0.92400			6
2025.10.22	01:40:25.519	0.92390	0.92403			6
2025.10.22	01:40:25.823		0.92402			4
2025.10.22	01:40:26.347		0.92403			4
2025.10.22	01:40:30.541		0.92402			4
2025.10.22	01:40:31.789		0.92403			4
2025.10.22	01:40:41.369	0.92389	0.92402			6
2025.10.22	01:41:01.247	0.92389				2
2025.10.22	01:41:05.658	0.92388				2
2025.10.22	01:41:26.318		0.92401			4
2025.10.22	01:41:30.383		0.92402			4
2025.10.22	01:41:42.177	0.92390	0.92404			6
2025.10.22	01:41:42.485	0.92388	0.92403			6
2025.10.22	01:41:45.712	0.92390				2
2025.10.22	01:41:53.783	0.92389				2
2025.10.22	01:42:00.576	0.92389				2
2025.10.22	01:42:03.983	0.92388				2
2025.10.22	01:42:10.310	0.92389				2
2025.10.22	01:42:36.403		0.92402			4
2025.10.22	01:42:42.912	0.92388				2
2025.10.22	01:42:44.091		0.92401			4
2025.10.22	01:42:46.935		0.92402			4
2025.10.22	01:42:55.495		0.92401			4
2025.10.22	01:42:57.408		0.92402			4
2025.10.22	01:42:59.634		0.92401			4
2025.10.22	01:43:00.662	0.92388	0.92402			6
2025.10.22	01:43:01.916	0.92387	0.92401			6
2025.10.22	01:43:17.654	0.92389	0.92403			6
2025.10.22	01:43:26.756	0.92390	0.92402			6
2025.10.22	01:43:27.850	0.92389				2
2025.10.22	01:43:56.705	0.92390	0.92403			6
2025.10.22	01:43:57.817		0.92404			4
2025.10.22	01:43:59.240	0.92392	0.92405			6
2025.10.22	01:44:00.464	0.92391	0.92404			6
2025.10.22	01:44:00.941		0.92405			4
2025.10.22	01:44:06.746		0.92404			4
2025.10.22	01:44:13.116	0.92390				2
2025.10.22	01:44:14.723	0.92391				2
2025.10.22	01:44:39.202	0.92393	0.92407			6
2025.10.22	01:44:39.523	0.92391	0.92405			6
2025.10.22	01:44:39.848		0.92404			4
2025.10.22	01:44:40.197	0.92390				2
2025.10.22	01:44:41.828		0.92403			4
2025.10.22	01:44:48.740	0.92391				2
2025.10.22	01:44:49.775		0.92404			4
2025.10.22	01:45:00.272	0.92391				2
2025.10.22	01:45:21.986		0.92403			4
2025.10.22	01:45:26.866		0.92404			4
2025.10.22	01:45:37.895		0.92403			4
2025.10.22	01:45:58.812	0.92390				2
2025.10.22	01:46:02.482	0.92390				2
2025.10.22	01:46:04.220	0.92389	0.92402			6
2025.10.22	01:46:11.441	0.92390				2
2025.10.22	01:46:28.296		0.92403			4
2025.10.22	01:46:34.585		0.92402			4
2025.10.22	01:46:39.113	0.92389	0.92401			6
2025.10.22	01:46:45.377	0.92390	0.92402			6
2025.10.22	01:46:53.042	0.92389				2
2025.10.22	01:46:54.683		0.92401			4
2025.10.22	01:47:00.682	0.92389	0.92402			6
2025.10.22	01:47:01.076	0.92390				2
2025.10.22	01:47:05.077	0.92389				2
2025.10.22	01:47:05.876	0.92390				2
2025.10.22	01:47:06.682		0.92403			4
2025.10.22	01:47:18.984		0.92402			4
2025.10.22	01:47:31.384	0.92389				2
2025.10.22	01:47:45.850	0.92391	0.92405			6
2025.10.22	01:47:46.181	0.92392				2
2025.10.22	01:47:50.905	0.92394	0.92408			6
2025.10.22	01:47:51.268		0.92406			4
2025.10.22	01:48:01.125	0.92394				2
2025.10.22	01:48:11.782	0.92393				2
2025.10.22	01:48:49.471		0.92405			4
2025.10.22	01:48:52.264		0.92406			4
2025.10.22	01:48:53.083	0.92395	0.92407			6
2025.10.22	01:48:56.640	0.92394	0.92406			6
2025.10.22	01:49:00.444	0.92394				2
2025.10.22	01:49:09.985		0.92407			4
2025.10.22	01:49:38.862	0.92392				2
2025.10.22	01:49:40.473		0.92406			4
2025.10.22	01:49:43.110	0.92393				2
2025.10.22	01:49:48.030	0.92395	0.92407			6
2025.10.22	01:49:49.271		0.92406			4
2025.10.22	01:50:00.355	0.92395				2
2025.10.22	01:50:00.739	0.92394				2
2025.10.22	01:50:03.809	0.92393				2
2025.10.22	01:50:06.402	0.92395				2
2025.10.22	01:50:07.366	0.92396				2
2025.10.22	01:50:16.381		0.92408			4
2025.10.22	01:50:17.012	0.92397	0.92409			6
2025.10.22	01:50:17.339		0.92407			4
2025.10.22	01:50:20.808	0.92398	0.92408			6
2025.10.22	01:50:29.602		0.92407			4
2025.10.22	01:50:29.951		0.92406			4
2025.10.22	01:50:34.280	0.92397				2
2025.10.22	01:50:36.403		0.92408			4
2025.10.22	01:50:37.192		0.92407			4
2025.10.22	01:50:37.995		0.92408			4
2025.10.22	01:50:39.894		0.92409			4
2025.10.22	01:50:40.822		0.92408			4
2025.10.22	01:51:00.356	0.92397				2
2025.10.22	01:51:10.240	0.92396				2
2025.10.22	01:51:13.443	0.92395				2
2025.10.22	01:51:15.663		0.92405			4
2025.10.22	01:51:26.412		0.92407			4
2025.10.22	01:51:28.318	0.92396				2
2025.10.22	01:51:32.783		0.92408			4
2025.10.22	01:51:34.207	0.92394	0.92405			6
2025.10.22	01:51:34.536	0.92393				2
2025.10.22	01:51:58.865	0.92395	0.92406			6
2025.10.22	01:52:00.445	0.92395	0.92405			6
2025.10.22	01:52:06.397	0.92396				2
2025.10.22	01:52:06.709	0.92395				2
2025.10.22	01:52:15.985		0.92404			4
2025.10.22	01:52:18.865	0.92393				2
2025.10.22	01:52:23.484		0.92405			4
2025.10.22	01:52:28.585	0.92395	0.92404			6
2025.10.22	01:52:30.084		0.92405			4
2025.10.22	01:52:31.623		0.92404			4
2025.10.22	01:52:36.382		0.92405			4
2025.10.22	01:52:38.697	0.92392	0.92404			6
2025.10.22	01:52:41.486		0.92405			4
2025.10.22	01:52:47.482		0.92404			4
2025.10.22	01:52:47.964	0.92393				2
2025.10.22	01:52:51.352	0.92392				2
2025.10.22	01:52:58.083	0.92391	0.92405			6
2025.10.22	01:52:59.786	0.92392	0.92404			6
2025.10.22	01:53:00.615	0.92391				2
2025.10.22	01:53:02.774	0.92392				2
2025.10.22	01:53:14.303		0.92405			4
2025.10.22	01:53:15.985		0.92404			4
2025.10.22	01:53:20.948	0.92393	0.92403			6
2025.10.22	01:53:29.338		0.92404			4
2025.10.22	01:53:38.459	0.92396	0.92407			6
2025.10.22	01:53:42.684	0.92395				2
2025.10.22	01:53:45.376	0.92396				2
2025.10.22	01:53:58.655	0.92395	0.92406			6
2025.10.22	01:54:01.197	0.92395				2
2025.10.22	01:54:18.017	0.92394	0.92405			6
2025.10.22	01:54:19.024		0.92404			4
2025.10.22	01:54:23.701	0.92392				2
2025.10.22	01:54:38.946	0.92394				2
2025.10.22	01:54:48.866	0.92393				2
2025.10.22	01:54:51.386		0.92403			4
2025.10.22	01:54:56.635	0.92392				2
2025.10.22	01:54:58.861	0.92393				2
2025.10.22	01:55:00.061	0.92393				2
2025.10.22	01:55:00.655		0.92404			4
2025.10.22	01:55:01.014		0.92403			4
2025.10.22	01:55:08.880	0.92391				2
2025.10.22	01:55:09.323		0.92402			4
2025.10.22	01:55:16.888	0.92389	0.92400			6
2025.10.22	01:55:17.576	0.92390	0.92401			6
2025.10.22	01:55:17.930	0.92389				2
2025.10.22	01:55:20.679	0.92391	0.92403			6
2025.10.22	01:55:21.682		0.92402			4
2025.10.22	01:55:30.683		0.92403			4
2025.10.22	01:55:33.453	0.92393				2
