<DATE>	<TIME>	<BID>	<ASK>	<LAST>	<VOLUME>	<FLAGS>
2025.10.30	00:03:30.492	0.92769	0.92864			6
2025.10.30	00:03:56.309		0.92863			4
2025.10.30	00:04:10.535	0.92769				2
2025.10.30	00:05:00.494	0.92779	0.92863			6
2025.10.30	00:05:33.154		0.92864			4
2025.10.30	00:05:39.207		0.92871			4
2025.10.30	00:05:40.210		0.92872			4
2025.10.30	00:05:41.001		0.92870			4
2025.10.30	00:05:41.317		0.92871			4
2025.10.30	00:05:42.267		0.92867			4
2025.10.30	00:05:43.342		0.92869			4
2025.10.30	00:05:44.382		0.92864			4
2025.10.30	00:05:45.460		0.92871			4
2025.10.30	00:05:46.503		0.92864			4
2025.10.30	00:05:47.535		0.92871			4
2025.10.30	00:05:50.351		0.92869			4
2025.10.30	00:05:51.615		0.92871			4
2025.10.30	00:05:52.627		0.92869			4
2025.10.30	00:05:53.656		0.92871			4
2025.10.30	00:05:54.660		0.92870			4
2025.10.30	00:05:55.693		0.92869			4
2025.10.30	00:05:56.703		0.92864			4
2025.10.30	00:05:57.742		0.92871			4
2025.10.30	00:05:58.746		0.92870			4
2025.10.30	00:05:59.762		0.92869			4
2025.10.30	00:06:00.793	0.92779	0.92871			6
2025.10.30	00:06:01.810		0.92864			4
2025.10.30	00:06:02.833		0.92871			4
2025.10.30	00:06:03.842		0.92869			4
2025.10.30	00:06:04.876		0.92864			4
2025.10.30	00:06:06.920		0.92871			4
2025.10.30	00:06:07.922		0.92864			4
2025.10.30	00:06:08.956		0.92871			4
2025.10.30	00:06:09.974		0.92864			4
2025.10.30	00:06:10.993		0.92871			4
2025.10.30	00:06:12.001		0.92869			4
2025.10.30	00:06:13.032		0.92871			4
2025.10.30	00:06:14.042		0.92864			4
2025.10.30	00:06:15.074		0.92871			4
2025.10.30	00:06:16.083		0.92864			4
2025.10.30	00:06:17.101		0.92870			4
2025.10.30	00:06:19.194		0.92871			4
2025.10.30	00:06:20.204		0.92869			4
2025.10.30	00:06:21.233		0.92871			4
2025.10.30	00:06:22.254		0.92864			4
2025.10.30	00:06:23.276		0.92871			4
2025.10.30	00:06:25.292		0.92864			4
2025.10.30	00:06:26.335		0.92871			4
2025.10.30	00:06:27.343		0.92869			4
2025.10.30	00:06:28.378		0.92871			4
2025.10.30	00:06:32.139		0.92903			4
2025.10.30	00:06:35.494		0.92908			4
2025.10.30	00:06:36.356		0.92903			4
2025.10.30	00:06:36.734		0.92908			4
2025.10.30	00:06:37.556		0.92909			4
2025.10.30	00:06:37.858		0.92903			4
2025.10.30	00:06:38.576		0.92901			4
2025.10.30	00:06:38.879		0.92910			4
2025.10.30	00:06:39.371		0.92903			4
2025.10.30	00:06:39.893		0.92909			4
2025.10.30	00:06:40.615		0.92903			4
2025.10.30	00:06:40.924		0.92909			4
2025.10.30	00:06:41.633		0.92903			4
2025.10.30	00:06:41.946		0.92908			4
2025.10.30	00:06:42.697		0.92903			4
2025.10.30	00:06:44.113		0.92909			4
2025.10.30	00:06:44.736		0.92903			4
2025.10.30	00:06:45.134		0.92908			4
2025.10.30	00:06:45.757		0.92903			4
2025.10.30	00:06:46.192		0.92908			4
2025.10.30	00:06:46.778		0.92903			4
2025.10.30	00:06:48.296		0.92908			4
2025.10.30	00:06:48.858		0.92903			4
2025.10.30	00:06:50.394		0.92908			4
2025.10.30	00:06:50.917		0.92903			4
2025.10.30	00:06:51.455		0.92909			4
2025.10.30	00:06:51.936		0.92903			4
2025.10.30	00:06:55.736		0.92908			4
2025.10.30	00:06:56.059		0.92903			4
2025.10.30	00:06:56.793		0.92908			4
2025.10.30	00:06:57.097		0.92903			4
2025.10.30	00:06:59.933		0.92902			4
2025.10.30	00:07:00.239	0.92779	0.92903			6
2025.10.30	00:07:00.977		0.92902			4
2025.10.30	00:07:01.277		0.92903			4
2025.10.30	00:07:09.456		0.92902			4
2025.10.30	00:07:10.078		0.92903			4
2025.10.30	00:07:11.267		0.92908			4
2025.10.30	00:07:11.578		0.92903			4
2025.10.30	00:07:12.574		0.92909			4
2025.10.30	00:07:13.580		0.92903			4
2025.10.30	00:07:15.701		0.92910			4
2025.10.30	00:07:16.757		0.92908			4
2025.10.30	00:07:17.764		0.92903			4
2025.10.30	00:07:18.814		0.92908			4
2025.10.30	00:07:19.836		0.92903			4
2025.10.30	00:07:24.975		0.92909			4
2025.10.30	00:07:26.035		0.92903			4
2025.10.30	00:07:28.116		0.92908			4
2025.10.30	00:07:29.136		0.92901			4
2025.10.30	00:07:29.439		0.92903			4
2025.10.30	00:07:41.073		0.92909			4
2025.10.30	00:07:41.635		0.92903			4
2025.10.30	00:07:42.094		0.92902			4
2025.10.30	00:07:43.022		0.92908			4
2025.10.30	00:07:43.677		0.92903			4
2025.10.30	00:07:44.214		0.92909			4
2025.10.30	00:07:44.697		0.92903			4
2025.10.30	00:07:46.314		0.92908			4
2025.10.30	00:07:46.774		0.92903			4
2025.10.30	00:07:49.895		0.92908			4
2025.10.30	00:07:50.351		0.92903			4
2025.10.30	00:07:50.673		0.92902			4
2025.10.30	00:07:50.978		0.92903			4
2025.10.30	00:07:57.856		0.92908			4
2025.10.30	00:07:58.197		0.92903			4
2025.10.30	00:07:58.627		0.92901			4
2025.10.30	00:07:58.937		0.92902			4
2025.10.30	00:07:59.242		0.92903			4
2025.10.30	00:08:00.295	0.92779				2
2025.10.30	00:08:01.013		0.92908			4
2025.10.30	00:08:03.045		0.92903			4
2025.10.30	00:08:04.070		0.92908			4
2025.10.30	00:08:04.897		0.92903			4
2025.10.30	00:08:06.398		0.92908			4
2025.10.30	00:08:08.258		0.92903			4
2025.10.30	00:08:13.636		0.92908			4
2025.10.30	00:08:15.676		0.92903			4
2025.10.30	00:08:17.846		0.92909			4
2025.10.30	00:08:19.914		0.92908			4
2025.10.30	00:08:20.923		0.92903			4
2025.10.30	00:08:21.943		0.92902			4
2025.10.30	00:08:22.257		0.92903			4
2025.10.30	00:08:22.558		0.92902			4
2025.10.30	00:08:22.878		0.92908			4
2025.10.30	00:08:23.959		0.92903			4
2025.10.30	00:08:30.120		0.92902			4
2025.10.30	00:08:31.042		0.92908			4
2025.10.30	00:08:32.142		0.92903			4
2025.10.30	00:08:39.393		0.92908			4
2025.10.30	00:08:39.698		0.92903			4
2025.10.30	00:08:40.719		0.92908			4
2025.10.30	00:08:41.435		0.92901			4
2025.10.30	00:08:41.738		0.92909			4
2025.10.30	00:08:42.455		0.92903			4
2025.10.30	00:09:00.015	0.92779				2
2025.10.30	00:09:00.652		0.92901			4
2025.10.30	00:09:24.308	0.92819				2
2025.10.30	00:09:32.845	0.92779				2
2025.10.30	00:10:00.379	0.92779				2
2025.10.30	00:10:00.946		0.92901			4
2025.10.30	00:10:11.650	0.92791	0.92883			6
2025.10.30	00:10:26.697	0.92794				2
2025.10.30	00:10:30.720	0.92777				2
2025.10.30	00:10:31.725	0.92784				2
2025.10.30	00:10:32.735	0.92789	0.92882			6
2025.10.30	00:10:48.309	0.92792				2
2025.10.30	00:11:04.998	0.92779	0.92901			6
2025.10.30	00:11:09.684	0.92792	0.92882			6
2025.10.30	00:11:10.682	0.92779	0.92901			6
2025.10.30	00:11:23.442	0.92792	0.92882			6
2025.10.30	00:11:24.441	0.92779	0.92901			6
2025.10.30	00:11:30.348	0.92792	0.92882			6
2025.10.30	00:11:31.339	0.92779	0.92901			6
2025.10.30	00:11:37.270	0.92791	0.92883			6
2025.10.30	00:11:38.270	0.92779	0.92901			6
2025.10.30	00:12:00.134	0.92779				2
2025.10.30	00:12:39.698		0.92901			4
2025.10.30	00:13:02.197	0.92779	0.92902			6
2025.10.30	00:13:10.257		0.92867			4
2025.10.30	00:13:10.710		0.92872			4
2025.10.30	00:13:19.278		0.92906			4
2025.10.30	00:13:19.709		0.92901			4
2025.10.30	00:13:24.302	0.92782				2
2025.10.30	00:13:34.572	0.92779				2
2025.10.30	00:14:00.351	0.92779				2
2025.10.30	00:14:07.845	0.92785				2
2025.10.30	00:14:20.799		0.92901			4
2025.10.30	00:14:40.694	0.92779				2
2025.10.30	00:15:00.304	0.92779				2
2025.10.30	00:15:02.301	0.92782				2
2025.10.30	00:15:03.301	0.92786				2
2025.10.30	00:15:04.304	0.92789				2
2025.10.30	00:15:20.861		0.92901			4
2025.10.30	00:16:00.316	0.92791				2
2025.10.30	00:16:23.098		0.92901			4
2025.10.30	00:16:24.102		0.92888			4
2025.10.30	00:16:42.799		0.92885			4
2025.10.30	00:17:00.381	0.92791				2
2025.10.30	00:17:12.877	0.92790				2
2025.10.30	00:17:31.556		0.92903			4
2025.10.30	00:17:37.703	0.92788				2
2025.10.30	00:17:38.204	0.92789				2
2025.10.30	00:17:42.574	0.92784	0.92867			6
2025.10.30	00:17:42.982	0.92782				2
2025.10.30	00:17:59.319	0.92784	0.92890			6
2025.10.30	00:17:59.710		0.92885			4
2025.10.30	00:18:00.115	0.92784				2
2025.10.30	00:18:08.757		0.92874			4
2025.10.30	00:18:17.474		0.92873			4
2025.10.30	00:18:48.097	0.92787				2
2025.10.30	00:19:00.946	0.92787				2
2025.10.30	00:19:18.998		0.92873			4
2025.10.30	00:19:39.298	0.92784	0.92868			6
2025.10.30	00:19:39.708		0.92872			4
2025.10.30	00:19:41.222	0.92782				2
2025.10.30	00:20:00.351	0.92782				2
2025.10.30	00:20:17.475		0.92870			4
2025.10.30	00:20:40.348	0.92783	0.92866			6
2025.10.30	00:21:00.535	0.92783				2
2025.10.30	00:21:08.722		0.92861			4
2025.10.30	00:21:38.299		0.92856			4
2025.10.30	00:22:00.421	0.92783				2
2025.10.30	00:22:08.726	0.92787				2
2025.10.30	00:22:20.205	0.92786				2
2025.10.30	00:22:27.330		0.92849			4
2025.10.30	00:22:27.672	0.92787				2
2025.10.30	00:23:00.434	0.92787				2
2025.10.30	00:23:02.026		0.92853			4
2025.10.30	00:23:12.991	0.92781				2
2025.10.30	00:23:23.485		0.92852			4
2025.10.30	00:23:40.534		0.92851			4
2025.10.30	00:24:00.417	0.92781				2
2025.10.30	00:24:23.127		0.92845			4
2025.10.30	00:24:37.914	0.92782				2
2025.10.30	00:24:43.255		0.92844			4
2025.10.30	00:24:48.020	0.92781				2
2025.10.30	00:24:49.837	0.92780	0.92849			6
2025.10.30	00:24:50.148		0.92842			4
2025.10.30	00:24:53.338		0.92849			4
2025.10.30	00:24:53.758	0.92772				2
2025.10.30	00:24:55.885	0.92779				2
2025.10.30	00:24:56.199		0.92846			4
2025.10.30	00:25:00.350	0.92779				2
2025.10.30	00:25:12.939	0.92780				2
2025.10.30	00:25:33.172	0.92779				2
2025.10.30	00:25:44.731		0.92847			4
2025.10.30	00:25:54.204	0.92780				2
2025.10.30	00:25:55.795	0.92777	0.92835			6
2025.10.30	00:26:00.391	0.92777				2
2025.10.30	00:26:01.602	0.92774				2
2025.10.30	00:26:02.132	0.92772	0.92839			6
2025.10.30	00:26:43.221	0.92783				2
2025.10.30	00:26:43.530	0.92775				2
2025.10.30	00:26:46.345		0.92833			4
2025.10.30	00:26:46.686	0.92773	0.92843			6
2025.10.30	00:26:52.041	0.92776	0.92825			6
2025.10.30	00:26:52.345	0.92769	0.92843			6
2025.10.30	00:26:52.997		0.92839			4
2025.10.30	00:26:54.145		0.92831			4
2025.10.30	00:26:54.747	0.92767	0.92821			6
2025.10.30	00:26:55.180	0.92769	0.92845			6
2025.10.30	00:26:57.954		0.92823			4
2025.10.30	00:26:58.344		0.92824			4
2025.10.30	00:27:01.057	0.92769	0.92826			6
2025.10.30	00:27:02.998		0.92828			4
2025.10.30	00:27:09.198		0.92834			4
2025.10.30	00:27:11.798		0.92833			4
2025.10.30	00:27:14.057		0.92832			4
2025.10.30	00:27:15.752		0.92838			4
2025.10.30	00:27:16.573		0.92832			4
2025.10.30	00:27:17.115		0.92835			4
2025.10.30	00:27:22.495		0.92838			4
2025.10.30	00:27:26.015		0.92839			4
2025.10.30	00:27:28.060		0.92847			4
2025.10.30	00:27:31.121		0.92846			4
2025.10.30	00:27:32.389		0.92840			4
2025.10.30	00:27:40.242	0.92729	0.92832			6
2025.10.30	00:27:46.799	0.92742	0.92852			6
2025.10.30	00:27:47.687	0.92743				2
2025.10.30	00:27:48.993	0.92729	0.92858			6
2025.10.30	00:27:56.073	0.92730				2
2025.10.30	00:27:58.299	0.92746				2
2025.10.30	00:27:59.778	0.92729				2
2025.10.30	00:28:00.099	0.92738				2
2025.10.30	00:28:11.522		0.92856			4
2025.10.30	00:28:17.199		0.92855			4
2025.10.30	00:28:19.298		0.92856			4
2025.10.30	00:28:19.899		0.92855			4
2025.10.30	00:28:22.778	0.92741	0.92858			6
2025.10.30	00:28:40.298	0.92763				2
2025.10.30	00:29:00.945	0.92764				2
2025.10.30	00:29:09.099		0.92864			4
2025.10.30	00:29:15.128	0.92758				2
2025.10.30	00:29:16.119	0.92759				2
2025.10.30	00:29:21.698	0.92760				2
2025.10.30	00:29:22.899	0.92759				2
2025.10.30	00:29:24.126	0.92760				2
2025.10.30	00:29:29.799	0.92759				2
2025.10.30	00:29:36.098	0.92760				2
2025.10.30	00:29:37.561	0.92759				2
2025.10.30	00:29:50.450	0.92762				2
2025.10.30	00:30:00.044	0.92761				2
2025.10.30	00:30:01.597	0.92762				2
2025.10.30	00:30:09.411	0.92766	0.92867			6
2025.10.30	00:30:10.898	0.92765				2
2025.10.30	00:30:12.699	0.92766				2
2025.10.30	00:30:13.580	0.92744	0.92868			6
2025.10.30	00:30:20.325		0.92864			4
2025.10.30	00:30:24.158	0.92745				2
2025.10.30	00:30:28.272	0.92735	0.92861			6
2025.10.30	00:30:32.198	0.92736				2
2025.10.30	00:30:32.720	0.92737				2
2025.10.30	00:30:33.115	0.92738				2
2025.10.30	00:30:34.898	0.92739				2
2025.10.30	00:30:35.498	0.92740				2
2025.10.30	00:30:36.698	0.92741				2
2025.10.30	00:30:38.798	0.92742				2
2025.10.30	00:30:41.053	0.92740				2
2025.10.30	00:30:50.198	0.92741				2
2025.10.30	00:30:50.508	0.92745				2
2025.10.30	00:30:51.010	0.92747				2
2025.10.30	00:30:52.621	0.92748				2
2025.10.30	00:30:54.099	0.92751				2
2025.10.30	00:30:54.999	0.92752				2
2025.10.30	00:30:55.597	0.92762				2
2025.10.30	00:30:55.919	0.92763				2
2025.10.30	00:31:00.363	0.92763				2
2025.10.30	00:31:05.842	0.92764				2
2025.10.30	00:31:06.398	0.92765				2
2025.10.30	00:31:07.897	0.92764				2
2025.10.30	00:31:09.340	0.92746				2
2025.10.30	00:31:16.693	0.92717	0.92878			6
2025.10.30	00:31:20.160	0.92746	0.92861			6
2025.10.30	00:31:21.648	0.92745				2
2025.10.30	00:31:45.036	0.92762				2
2025.10.30	00:31:45.398	0.92763				2
2025.10.30	00:31:54.698	0.92764				2
2025.10.30	00:32:03.697	0.92764				2
2025.10.30	00:32:17.199	0.92765				2
2025.10.30	00:32:20.459		0.92861			4
2025.10.30	00:32:45.399	0.92766				2
2025.10.30	00:32:46.898	0.92765				2
2025.10.30	00:32:50.535	0.92766				2
2025.10.30	00:33:00.349	0.92766				2
2025.10.30	00:33:00.699	0.92765				2
2025.10.30	00:33:02.347	0.92766				2
2025.10.30	00:33:05.798	0.92765				2
2025.10.30	00:33:13.299	0.92766				2
2025.10.30	00:33:15.100	0.92765				2
2025.10.30	00:33:16.900	0.92766				2
2025.10.30	00:33:20.499		0.92861			4
2025.10.30	00:33:27.098	0.92765				2
2025.10.30	00:33:28.597	0.92766				2
2025.10.30	00:34:00.098	0.92766				2
2025.10.30	00:34:20.945		0.92861			4
2025.10.30	00:34:24.399	0.92767				2
2025.10.30	00:34:26.240	0.92766				2
2025.10.30	00:34:36.099	0.92767				2
2025.10.30	00:34:38.199	0.92766				2
2025.10.30	00:34:49.248	0.92765				2
2025.10.30	00:34:49.557	0.92766				2
2025.10.30	00:35:02.344	0.92766				2
2025.10.30	00:35:04.299	0.92767				2
2025.10.30	00:35:06.982	0.92746				2
2025.10.30	00:35:16.898	0.92750				2
2025.10.30	00:35:22.599		0.92861			4
2025.10.30	00:35:25.972	0.92766				2
2025.10.30	00:35:34.901	0.92767				2
2025.10.30	00:35:37.298	0.92766				2
2025.10.30	00:35:42.274	0.92729	0.92860			6
2025.10.30	00:35:42.708		0.92858			4
2025.10.30	00:35:48.116		0.92856			4
2025.10.30	00:35:49.283		0.92855			4
2025.10.30	00:35:53.798		0.92856			4
2025.10.30	00:36:00.098	0.92729				2
2025.10.30	00:36:00.925		0.92858			4
2025.10.30	00:36:01.431		0.92857			4
2025.10.30	00:36:02.114		0.92859			4
2025.10.30	00:36:06.946		0.92860			4
2025.10.30	00:36:07.599		0.92861			4
2025.10.30	00:36:11.700	0.92743	0.92869			6
2025.10.30	00:36:12.045	0.92732				2
2025.10.30	00:36:12.358	0.92730				2
2025.10.30	00:36:13.298	0.92731				2
2025.10.30	00:36:13.750	0.92732				2
2025.10.30	00:36:14.672	0.92735				2
2025.10.30	00:36:15.387	0.92736				2
2025.10.30	00:36:16.207	0.92740				2
2025.10.30	00:36:16.929	0.92729				2
2025.10.30	00:36:29.048	0.92730				2
2025.10.30	00:36:31.017	0.92732				2
2025.10.30	00:36:33.224	0.92733	0.92870			6
2025.10.30	00:36:33.717	0.92729				2
2025.10.30	00:36:42.025		0.92871			4
2025.10.30	00:36:55.014	0.92730				2
2025.10.30	00:36:56.106	0.92729				2
2025.10.30	00:37:00.009	0.92729				2
2025.10.30	00:37:02.028		0.92868			4
2025.10.30	00:37:32.344	0.92734	0.92871			6
2025.10.30	00:37:32.968	0.92733				2
2025.10.30	00:37:36.188	0.92732				2
2025.10.30	00:37:37.382	0.92736				2
2025.10.30	00:37:41.483	0.92735				2
2025.10.30	00:37:42.127	0.92733				2
2025.10.30	00:37:46.019	0.92732				2
2025.10.30	00:37:47.026	0.92735				2
2025.10.30	00:37:47.476	0.92733				2
2025.10.30	00:37:48.295	0.92730				2
2025.10.30	00:37:49.260	0.92733				2
2025.10.30	00:37:50.139	0.92730				2
2025.10.30	00:37:51.199	0.92732				2
2025.10.30	00:37:52.073	0.92733				2
2025.10.30	00:37:54.999	0.92734				2
2025.10.30	00:38:00.099	0.92734				2
2025.10.30	00:38:01.265	0.92735				2
2025.10.30	00:38:02.083	0.92737				2
2025.10.30	00:38:02.663	0.92736				2
2025.10.30	00:38:06.877	0.92734				2
2025.10.30	00:38:07.377	0.92733				2
2025.10.30	00:38:08.408	0.92737				2
2025.10.30	00:38:08.873	0.92738				2
2025.10.30	00:38:10.302	0.92743				2
2025.10.30	00:38:11.582	0.92744				2
2025.10.30	00:38:13.204	0.92742				2
2025.10.30	00:38:15.113	0.92743				2
2025.10.30	00:38:15.611	0.92746				2
2025.10.30	00:38:15.922	0.92744				2
2025.10.30	00:38:17.435	0.92748				2
2025.10.30	00:38:17.808	0.92749				2
2025.10.30	00:38:18.119	0.92745				2
2025.10.30	00:38:19.144	0.92747				2
2025.10.30	00:38:19.627	0.92729				2
2025.10.30	00:38:19.930	0.92747				2
2025.10.30	00:38:20.294	0.92748				2
2025.10.30	00:38:20.900	0.92745				2
2025.10.30	00:38:21.523	0.92747				2
2025.10.30	00:38:21.936	0.92748				2
2025.10.30	00:38:22.648	0.92750				2
2025.10.30	00:38:23.004	0.92745				2
2025.10.30	00:38:24.083	0.92729				2
2025.10.30	00:38:24.385	0.92745				2
2025.10.30	00:38:24.699	0.92750				2
2025.10.30	00:38:25.793	0.92748				2
2025.10.30	00:38:26.107	0.92750				2
2025.10.30	00:38:27.024	0.92746				2
2025.10.30	00:38:27.955	0.92752				2
2025.10.30	00:38:28.272	0.92754				2
2025.10.30	00:38:28.576	0.92753				2
2025.10.30	00:38:28.899	0.92750				2
2025.10.30	00:38:29.858	0.92729				2
2025.10.30	00:38:30.160	0.92750				2
2025.10.30	00:38:30.507	0.92755				2
2025.10.30	00:38:31.009	0.92751				2
2025.10.30	00:38:32.115	0.92754				2
2025.10.30	00:38:34.141	0.92748	0.92871			6
2025.10.30	00:38:35.023	0.92752				2
2025.10.30	00:38:35.441	0.92754				2
2025.10.30	00:38:36.782	0.92752				2
2025.10.30	00:38:37.118	0.92746				2
2025.10.30	00:38:37.540	0.92752				2
2025.10.30	00:38:38.138	0.92751				2
2025.10.30	00:38:38.926	0.92753				2
2025.10.30	00:38:39.966	0.92754				2
2025.10.30	00:38:40.997	0.92755				2
2025.10.30	00:38:41.298	0.92756				2
2025.10.30	00:38:43.297	0.92757				2
2025.10.30	00:38:43.615	0.92755				2
2025.10.30	00:38:44.320	0.92754				2
2025.10.30	00:38:46.115	0.92758				2
2025.10.30	00:38:49.430	0.92760				2
2025.10.30	00:38:50.401	0.92762				2
2025.10.30	00:38:50.711	0.92763				2
2025.10.30	00:38:51.022	0.92765				2
2025.10.30	00:38:51.647	0.92766				2
2025.10.30	00:38:51.967	0.92767				2
2025.10.30	00:38:52.278	0.92766				2
2025.10.30	00:38:52.602	0.92769				2
2025.10.30	00:38:52.998	0.92770				2
2025.10.30	00:38:54.260	0.92768				2
2025.10.30	00:38:55.267	0.92767				2
2025.10.30	00:38:58.235	0.92769				2
2025.10.30	00:38:59.115	0.92770				2
2025.10.30	00:38:59.965	0.92769				2
2025.10.30	00:39:00.299	0.92768				2
2025.10.30	00:39:00.925	0.92769				2
2025.10.30	00:39:02.350	0.92770				2
2025.10.30	00:39:02.662	0.92773				2
2025.10.30	00:39:03.127	0.92772				2
2025.10.30	00:39:04.927	0.92774				2
2025.10.30	00:39:06.427	0.92773				2
2025.10.30	00:39:08.113	0.92774				2
2025.10.30	00:39:10.298	0.92773				2
2025.10.30	00:39:10.965	0.92763				2
2025.10.30	00:39:15.045	0.92762				2
2025.10.30	00:39:18.115	0.92763				2
2025.10.30	00:39:19.927	0.92762				2
2025.10.30	00:39:21.730	0.92764				2
2025.10.30	00:39:23.114	0.92766				2
2025.10.30	00:39:23.436	0.92765				2
2025.10.30	00:39:24.114	0.92763				2
2025.10.30	00:39:24.428	0.92761				2
2025.10.30	00:39:27.417	0.92762				2
2025.10.30	00:39:28.545	0.92763				2
2025.10.30	00:39:30.189	0.92764				2
2025.10.30	00:39:30.694	0.92765				2
2025.10.30	00:39:31.367	0.92767				2
2025.10.30	00:39:32.499	0.92765				2
2025.10.30	00:39:33.735	0.92766				2
2025.10.30	00:39:34.200	0.92765	0.92871			6
2025.10.30	00:39:37.927	0.92766				2
2025.10.30	00:39:38.421	0.92765				2
2025.10.30	00:39:38.849	0.92764				2
2025.10.30	00:39:39.382	0.92729				2
2025.10.30	00:39:49.431	0.92721				2
2025.10.30	00:39:58.529	0.92725				2
2025.10.30	00:39:59.029	0.92728				2
2025.10.30	00:39:59.345	0.92721				2
2025.10.30	00:40:00.115	0.92721				2
2025.10.30	00:40:00.523	0.92716				2
2025.10.30	00:40:23.959	0.92713				2
2025.10.30	00:40:34.299		0.92871			4
2025.10.30	00:41:00.098	0.92713				2
2025.10.30	00:41:34.344		0.92871			4
2025.10.30	00:42:00.699	0.92713				2
2025.10.30	00:42:34.709		0.92871			4
2025.10.30	00:43:00.143	0.92713				2
2025.10.30	00:43:20.114	0.92730				2
2025.10.30	00:43:20.421	0.92713				2
2025.10.30	00:43:35.827		0.92871			4
2025.10.30	00:44:00.259	0.92713				2
2025.10.30	00:44:10.930	0.92730				2
2025.10.30	00:44:11.865	0.92713				2
2025.10.30	00:44:26.430	0.92730				2
2025.10.30	00:44:26.738	0.92713				2
2025.10.30	00:44:35.969		0.92871			4
2025.10.30	00:45:00.088	0.92718				2
2025.10.30	00:45:03.127	0.92678	0.92906			6
2025.10.30	00:45:06.649	0.92718	0.92871			6
2025.10.30	00:45:10.887	0.92736	0.92853			6
2025.10.30	00:45:44.649		0.92851			4
2025.10.30	00:45:47.894		0.92850			4
2025.10.30	00:45:51.515		0.92848			4
2025.10.30	00:46:00.355	0.92736				2
2025.10.30	00:46:01.416		0.92851			4
2025.10.30	00:46:01.917		0.92853			4
2025.10.30	00:46:28.906	0.92726				2
2025.10.30	00:46:29.219	0.92753				2
2025.10.30	00:46:29.698	0.92751				2
2025.10.30	00:46:30.132	0.92787				2
2025.10.30	00:46:32.094	0.92742				2
2025.10.30	00:46:32.601	0.92745				2
2025.10.30	00:46:34.020	0.92726				2
2025.10.30	00:46:42.343		0.92855			4
2025.10.30	00:46:46.356	0.92744				2
2025.10.30	00:46:46.657	0.92745				2
2025.10.30	00:46:47.113	0.92751				2
2025.10.30	00:46:47.446	0.92752				2
2025.10.30	00:46:47.787	0.92753				2
2025.10.30	00:46:48.098	0.92726				2
2025.10.30	00:46:49.697	0.92760				2
2025.10.30	00:46:50.107	0.92758				2
2025.10.30	00:46:50.420	0.92759				2
2025.10.30	00:46:51.398	0.92760				2
2025.10.30	00:46:51.759	0.92772				2
2025.10.30	00:46:52.114	0.92779				2
2025.10.30	00:46:54.120	0.92727				2
2025.10.30	00:46:55.061	0.92778				2
2025.10.30	00:46:56.942	0.92779				2
2025.10.30	00:46:59.561	0.92778				2
2025.10.30	00:47:00.312	0.92778				2
2025.10.30	00:47:02.447	0.92777				2
2025.10.30	00:47:03.126	0.92725	0.92897			6
2025.10.30	00:47:04.088	0.92724	0.92898			6
2025.10.30	00:47:04.736		0.92897			4
2025.10.30	00:47:06.041		0.92898			4
2025.10.30	00:47:06.646	0.92777	0.92855			6
2025.10.30	00:47:08.077	0.92778				2
2025.10.30	00:47:10.966	0.92729				2
2025.10.30	00:47:13.745	0.92778				2
2025.10.30	00:47:15.323	0.92780				2
2025.10.30	00:47:15.836	0.92777				2
2025.10.30	00:47:16.306	0.92779				2
2025.10.30	00:47:17.800	0.92778				2
2025.10.30	00:47:18.998	0.92779				2
2025.10.30	00:47:21.898	0.92729				2
2025.10.30	00:47:22.242	0.92727				2
2025.10.30	00:47:22.889	0.92779	0.92851			6
2025.10.30	00:47:24.058	0.92780				2
2025.10.30	00:47:26.320	0.92778				2
2025.10.30	00:47:26.633	0.92779				2
2025.10.30	00:47:29.240	0.92780				2
2025.10.30	00:47:30.116	0.92779				2
2025.10.30	00:47:31.305	0.92780				2
2025.10.30	00:47:33.259	0.92781				2
2025.10.30	00:47:36.442	0.92777				2
2025.10.30	00:47:36.758	0.92778				2
2025.10.30	00:47:40.062	0.92779				2
2025.10.30	00:47:41.394	0.92778				2
2025.10.30	00:47:48.998	0.92779				2
2025.10.30	00:47:50.498	0.92780				2
2025.10.30	00:47:52.899	0.92781				2
2025.10.30	00:47:58.367	0.92726				2
2025.10.30	00:47:59.560	0.92781				2
2025.10.30	00:48:00.803	0.92781				2
2025.10.30	00:48:01.297	0.92782				2
2025.10.30	00:48:06.328	0.92726				2
2025.10.30	00:48:09.360	0.92735				2
2025.10.30	00:48:13.357	0.92738				2
2025.10.30	00:48:23.230		0.92851			4
2025.10.30	00:48:39.431		0.92854			4
2025.10.30	00:48:45.336		0.92857			4
2025.10.30	00:49:00.047	0.92738				2
2025.10.30	00:49:42.837	0.92749	0.92855			6
2025.10.30	00:49:43.188		0.92857			4
2025.10.30	00:50:00.307	0.92749				2
2025.10.30	00:50:33.697	0.92790	0.92856			6
2025.10.30	00:50:34.091	0.92788				2
2025.10.30	00:50:34.929	0.92763				2
2025.10.30	00:50:36.122	0.92762				2
2025.10.30	00:50:36.797	0.92765				2
2025.10.30	00:50:44.201	0.92768				2
2025.10.30	00:50:46.373		0.92857			4
2025.10.30	00:50:46.874	0.92766	0.92860			6
2025.10.30	00:50:48.727	0.92762	0.92862			6
2025.10.30	00:50:49.238	0.92767	0.92859			6
2025.10.30	00:50:49.738	0.92765	0.92861			6
2025.10.30	00:50:50.115	0.92764	0.92862			6
2025.10.30	00:50:50.666	0.92767	0.92859			6
2025.10.30	00:50:53.171	0.92766				2
2025.10.30	00:50:53.809		0.92860			4
2025.10.30	00:50:54.699	0.92765	0.92861			6
2025.10.30	00:50:55.619	0.92770	0.92862			6
2025.10.30	00:50:56.115	0.92766	0.92863			6
2025.10.30	00:50:58.462	0.92790				2
2025.10.30	00:50:59.116	0.92783				2
2025.10.30	00:50:59.493	0.92773	0.92856			6
2025.10.30	00:51:00.391	0.92767	0.92858			6
2025.10.30	00:51:01.067		0.92863			4
2025.10.30	00:51:02.198	0.92766				2
2025.10.30	00:51:04.944	0.92765				2
2025.10.30	00:51:06.649	0.92766				2
2025.10.30	00:51:19.286	0.92769	0.92859			6
2025.10.30	00:51:22.881	0.92770				2
2025.10.30	00:51:29.199		0.92856			4
2025.10.30	00:51:31.110	0.92769				2
2025.10.30	00:51:31.627	0.92770				2
2025.10.30	00:51:33.962	0.92774				2
2025.10.30	00:51:34.343		0.92853			4
2025.10.30	00:51:34.899	0.92773				2
2025.10.30	00:51:35.220	0.92778				2
2025.10.30	00:51:36.277	0.92779				2
2025.10.30	00:51:36.688	0.92778				2
2025.10.30	00:51:37.198	0.92771				2
2025.10.30	00:51:39.699	0.92772				2
2025.10.30	00:51:44.437	0.92771				2
2025.10.30	00:51:47.392	0.92770				2
2025.10.30	00:51:56.496	0.92771				2
2025.10.30	00:51:56.841	0.92770				2
2025.10.30	00:52:00.757	0.92769				2
2025.10.30	00:52:03.878	0.92770				2
2025.10.30	00:52:04.371	0.92771				2
2025.10.30	00:52:05.345	0.92774				2
2025.10.30	00:52:05.722	0.92773				2
2025.10.30	00:52:08.197	0.92774				2
2025.10.30	00:52:14.798	0.92775				2
2025.10.30	00:52:23.582	0.92774				2
2025.10.30	00:52:29.200	0.92772				2
2025.10.30	00:52:31.371	0.92773				2
2025.10.30	00:52:34.478		0.92855			4
2025.10.30	00:52:35.198	0.92771				2
2025.10.30	00:52:35.558	0.92772				2
2025.10.30	00:52:36.777	0.92771				2
2025.10.30	00:52:45.398	0.92770				2
2025.10.30	00:52:57.044	0.92771				2
2025.10.30	00:53:00.431	0.92771				2
2025.10.30	00:53:04.597	0.92769				2
2025.10.30	00:53:34.478	0.92771	0.92855			6
2025.10.30	00:53:37.719	0.92773				2
2025.10.30	00:53:38.128	0.92774				2
2025.10.30	00:53:39.399	0.92775				2
2025.10.30	00:53:40.711	0.92774				2
2025.10.30	00:53:44.200	0.92772	0.92852			6
2025.10.30	00:53:49.298	0.92770	0.92855			6
2025.10.30	00:53:52.117	0.92771				2
2025.10.30	00:53:56.199	0.92772				2
2025.10.30	00:53:59.200	0.92773				2
2025.10.30	00:54:00.106	0.92773				2
2025.10.30	00:54:00.748	0.92772				2
2025.10.30	00:54:01.059	0.92773				2
2025.10.30	00:54:01.606	0.92772				2
2025.10.30	00:54:02.112	0.92773				2
2025.10.30	00:54:02.605	0.92772				2
2025.10.30	00:54:04.899	0.92773				2
2025.10.30	00:54:05.276	0.92772				2
2025.10.30	00:54:08.234	0.92774				2
2025.10.30	00:54:08.617	0.92773				2
2025.10.30	00:54:11.798	0.92774				2
2025.10.30	00:54:14.199	0.92775				2
2025.10.30	00:54:15.285	0.92773				2
2025.10.30	00:54:21.397	0.92772				2
2025.10.30	00:54:34.492	0.92773				2
2025.10.30	00:54:44.200	0.92772				2
2025.10.30	00:54:50.498	0.92773	0.92855			6
2025.10.30	00:54:53.253	0.92772				2
2025.10.30	00:54:57.016	0.92774				2
2025.10.30	00:54:59.199	0.92772				2
2025.10.30	00:55:00.946	0.92772				2
2025.10.30	00:55:01.585	0.92775				2
2025.10.30	00:55:02.106	0.92776	0.92854			6
2025.10.30	00:55:03.867	0.92775	0.92855			6
2025.10.30	00:55:16.590	0.92778	0.92852			6
2025.10.30	00:55:21.021	0.92779	0.92851			6
2025.10.30	00:55:22.044	0.92773	0.92857			6
2025.10.30	00:55:31.045	0.92778	0.92847			6
2025.10.30	00:55:38.353	0.92777				2
2025.10.30	00:55:43.598	0.92778				2
2025.10.30	00:55:44.292	0.92775				2
2025.10.30	00:55:46.298	0.92774				2
2025.10.30	00:56:01.747	0.92775				2
2025.10.30	00:56:02.106	0.92777				2
2025.10.30	00:56:04.235	0.92778				2
2025.10.30	00:56:11.021	0.92777				2
2025.10.30	00:56:15.210	0.92776	0.92844			6
2025.10.30	00:56:21.945	0.92778	0.92848			6
2025.10.30	00:56:28.095		0.92853			4
2025.10.30	00:56:28.397	0.92777				2
2025.10.30	00:56:31.197		0.92847			4
2025.10.30	00:56:36.200	0.92776				2
2025.10.30	00:56:36.820		0.92854			4
2025.10.30	00:56:38.630	0.92774	0.92856			6
2025.10.30	00:56:46.134	0.92772	0.92853			6
2025.10.30	00:56:46.614		0.92852			4
2025.10.30	00:56:46.930	0.92771	0.92853			6
2025.10.30	00:56:48.117		0.92860			4
2025.10.30	00:56:49.117	0.92767				2
2025.10.30	00:56:50.230	0.92766	0.92856			6
2025.10.30	00:56:51.100	0.92765				2
2025.10.30	00:56:53.666	0.92772	0.92861			6
2025.10.30	00:56:56.044	0.92759				2
2025.10.30	00:56:57.045	0.92763	0.92845			6
2025.10.30	00:56:57.432	0.92765	0.92842			6
2025.10.30	00:57:00.356	0.92765				2
2025.10.30	00:57:00.898	0.92759	0.92861			6
2025.10.30	00:57:09.366	0.92767				2
2025.10.30	00:57:11.198	0.92768				2
2025.10.30	00:57:19.468	0.92760				2
2025.10.30	00:57:20.767	0.92761				2
2025.10.30	00:57:24.853	0.92760				2
2025.10.30	00:57:51.442	0.92761				2
2025.10.30	00:57:51.937	0.92760				2
2025.10.30	00:57:53.203	0.92761				2
2025.10.30	00:57:55.298	0.92768				2
2025.10.30	00:57:55.600	0.92761				2
2025.10.30	00:58:03.138	0.92760	0.92861			6
2025.10.30	00:58:10.299	0.92759				2
2025.10.30	00:58:16.804	0.92762				2
2025.10.30	00:58:18.818	0.92763				2
2025.10.30	00:58:24.729	0.92772				2
2025.10.30	00:58:26.731	0.92775				2
2025.10.30	00:58:29.967	0.92774				2
2025.10.30	00:58:31.598	0.92775				2
2025.10.30	00:58:43.551	0.92750				2
2025.10.30	00:58:51.999	0.92749				2
2025.10.30	00:58:57.696	0.92759				2
2025.10.30	00:59:00.352	0.92759				2
2025.10.30	00:59:00.959	0.92758	0.92873			6
2025.10.30	00:59:02.058	0.92761	0.92870			6
2025.10.30	00:59:07.354	0.92762	0.92869			6
2025.10.30	00:59:07.706		0.92845			4
2025.10.30	00:59:08.020	0.92760	0.92849			6
2025.10.30	00:59:09.118	0.92761				2
2025.10.30	00:59:12.132	0.92762				2
2025.10.30	00:59:12.698	0.92761				2
2025.10.30	00:59:20.798	0.92760				2
2025.10.30	00:59:22.853	0.92758				2
2025.10.30	00:59:43.699	0.92759	0.92847			6
2025.10.30	00:59:46.173	0.92758				2
2025.10.30	01:00:00.305	0.92761	0.92860			6
2025.10.30	01:00:00.635	0.92763	0.92866			6
2025.10.30	01:00:01.045	0.92762	0.92860			6
2025.10.30	01:00:01.381	0.92776	0.92857			6
2025.10.30	01:00:01.975	0.92774				2
2025.10.30	01:00:02.391	0.92765				2
2025.10.30	01:00:03.228	0.92771				2
2025.10.30	01:00:03.574	0.92769	0.92885			6
2025.10.30	01:00:03.884	0.92768	0.92887			6
2025.10.30	01:00:04.232	0.92769				2
2025.10.30	01:00:04.535	0.92766	0.92888			6
2025.10.30	01:00:06.144	0.92774	0.92887			6
2025.10.30	01:00:06.795	0.92768	0.92889			6
2025.10.30	01:00:07.098	0.92772	0.92853			6
2025.10.30	01:00:07.452	0.92780	0.92831			6
2025.10.30	01:00:08.111	0.92781	0.92837			6
2025.10.30	01:00:09.334	0.92783	0.92840			6
2025.10.30	01:00:09.644	0.92784	0.92841			6
2025.10.30	01:00:09.981	0.92785				2
2025.10.30	01:00:11.200		0.92840			4
2025.10.30	01:00:12.048	0.92786				2
2025.10.30	01:00:12.362		0.92841			4
2025.10.30	01:00:13.085	0.92788				2
2025.10.30	01:00:13.419	0.92786				2
2025.10.30	01:00:13.765		0.92838			4
2025.10.30	01:00:14.125		0.92841			4
2025.10.30	01:00:14.433		0.92833			4
2025.10.30	01:00:15.142		0.92838			4
2025.10.30	01:00:15.448		0.92834			4
2025.10.30	01:00:15.810		0.92833			4
2025.10.30	01:00:16.311	0.92787				2
2025.10.30	01:00:18.347	0.92788				2
2025.10.30	01:00:21.060	0.92789				2
2025.10.30	01:00:25.371		0.92830			4
2025.10.30	01:00:30.458		0.92822			4
2025.10.30	01:00:31.328	0.92791				2
2025.10.30	01:00:38.253		0.92825			4
2025.10.30	01:00:38.621	0.92795	0.92827			6
2025.10.30	01:00:38.927	0.92794	0.92838			6
2025.10.30	01:00:39.999		0.92837			4
2025.10.30	01:00:40.374		0.92831			4
2025.10.30	01:00:40.696		0.92825			4
2025.10.30	01:00:43.646	0.92793				2
2025.10.30	01:00:46.550		0.92824			4
2025.10.30	01:00:47.172	0.92792				2
2025.10.30	01:00:48.512		0.92825			4
2025.10.30	01:00:49.163	0.92791				2
2025.10.30	01:00:49.465	0.92792				2
2025.10.30	01:00:50.467		0.92824			4
2025.10.30	01:00:50.856	0.92790				2
2025.10.30	01:00:52.724		0.92826			4
2025.10.30	01:00:53.619	0.92791	0.92823			6
2025.10.30	01:00:53.988	0.92792				2
2025.10.30	01:00:54.346		0.92822			4
2025.10.30	01:00:55.039		0.92824			4
2025.10.30	01:00:55.469		0.92822			4
2025.10.30	01:00:59.030	0.92793				2
2025.10.30	01:00:59.406	0.92792				2
2025.10.30	01:00:59.711	0.92797	0.92826			6
2025.10.30	01:01:00.018	0.92797	0.92823			6
2025.10.30	01:01:00.694		0.92822			4
2025.10.30	01:01:01.133		0.92823			4
2025.10.30	01:01:01.986		0.92822			4
2025.10.30	01:01:02.390	0.92798				2
2025.10.30	01:01:03.738	0.92799				2
2025.10.30	01:01:04.482		0.92824			4
2025.10.30	01:01:04.798	0.92801				2
2025.10.30	01:01:05.121		0.92825			4
2025.10.30	01:01:05.509	0.92799				2
2025.10.30	01:01:06.399	0.92800				2
2025.10.30	01:01:12.593	0.92801				2
2025.10.30	01:01:16.650	0.92796				2
2025.10.30	01:01:18.191	0.92797				2
2025.10.30	01:01:19.687		0.92826			4
2025.10.30	01:01:20.535	0.92794	0.92825			6
2025.10.30	01:01:20.838	0.92795	0.92818			6
2025.10.30	01:01:23.084		0.92817			4
2025.10.30	01:01:23.440	0.92784	0.92826			6
2025.10.30	01:01:23.787	0.92787	0.92825			6
2025.10.30	01:01:25.320		0.92820			4
2025.10.30	01:01:33.526	0.92788	0.92814			6
2025.10.30	01:01:38.956		0.92815			4
2025.10.30	01:01:41.498		0.92814			4
2025.10.30	01:01:45.698	0.92787	0.92822			6
2025.10.30	01:01:46.016	0.92788	0.92814			6
2025.10.30	01:01:48.587	0.92798	0.92820			6
2025.10.30	01:01:48.898		0.92819			4
2025.10.30	01:01:49.223	0.92799				2
2025.10.30	01:01:49.535		0.92817			4
2025.10.30	01:01:49.854	0.92787	0.92820			6
2025.10.30	01:01:50.156	0.92788	0.92816			6
2025.10.30	01:01:50.498		0.92815			4
2025.10.30	01:01:52.722	0.92798	0.92818			6
2025.10.30	01:01:53.052		0.92816			4
2025.10.30	01:01:53.999	0.92791				2
2025.10.30	01:01:54.766	0.92788	0.92817			6
2025.10.30	01:01:55.899	0.92789				2
2025.10.30	01:01:57.072	0.92788				2
2025.10.30	01:01:57.402	0.92792				2
2025.10.30	01:01:57.716		0.92819			4
2025.10.30	01:01:59.375	0.92788	0.92817			6
2025.10.30	01:01:59.678	0.92783	0.92815			6
2025.10.30	01:01:59.979	0.92782				2
2025.10.30	01:02:00.298	0.92782				2
2025.10.30	01:02:01.934		0.92817			4
2025.10.30	01:02:02.265		0.92815			4
2025.10.30	01:02:03.478	0.92783	0.92812			6
2025.10.30	01:02:06.652	0.92784				2
2025.10.30	01:02:08.507	0.92780	0.92814			6
2025.10.30	01:02:08.826	0.92786				2
2025.10.30	01:02:09.289	0.92780				2
2025.10.30	01:02:09.669	0.92791				2
2025.10.30	01:02:14.886	0.92793				2
2025.10.30	01:02:17.218		0.92815			4
2025.10.30	01:02:17.655		0.92814			4
2025.10.30	01:02:18.525		0.92815			4
2025.10.30	01:02:19.599	0.92792				2
2025.10.30	01:02:20.736	0.92794				2
2025.10.30	01:02:22.183	0.92792				2
2025.10.30	01:02:28.598	0.92791				2
2025.10.30	01:02:31.557	0.92792				2
2025.10.30	01:02:32.381	0.92794				2
2025.10.30	01:02:43.904	0.92792				2
2025.10.30	01:02:50.351	0.92793				2
2025.10.30	01:02:53.597	0.92794				2
2025.10.30	01:02:55.599	0.92783				2
2025.10.30	01:02:56.655	0.92799	0.92814			6
2025.10.30	01:02:57.173		0.92815			4
2025.10.30	01:02:57.477	0.92798				2
2025.10.30	01:02:57.786		0.92816			4
2025.10.30	01:02:58.885		0.92815			4
2025.10.30	01:03:00.361	0.92796				2
2025.10.30	01:03:02.798	0.92795				2
2025.10.30	01:03:03.524		0.92814			4
2025.10.30	01:03:04.299	0.92796				2
2025.10.30	01:03:04.669	0.92789				2
2025.10.30	01:03:08.508	0.92790				2
2025.10.30	01:03:11.933	0.92784				2
2025.10.30	01:03:12.239	0.92785				2
2025.10.30	01:03:14.798	0.92784				2
2025.10.30	01:03:15.385	0.92782				2
2025.10.30	01:03:18.479	0.92783				2
2025.10.30	01:03:22.345	0.92782				2
2025.10.30	01:03:36.005	0.92790	0.92816			6
2025.10.30	01:03:36.349	0.92791	0.92815			6
2025.10.30	01:03:36.677	0.92797	0.92814			6
2025.10.30	01:03:37.080	0.92795				2
2025.10.30	01:03:37.452		0.92815			4
2025.10.30	01:03:37.772	0.92791				2
2025.10.30	01:03:38.348	0.92790	0.92814			6
2025.10.30	01:03:38.700	0.92791				2
2025.10.30	01:03:39.399	0.92795				2
2025.10.30	01:03:39.712	0.92791				2
2025.10.30	01:03:40.599	0.92789				2
2025.10.30	01:03:42.222	0.92787	0.92815			6
2025.10.30	01:03:48.531	0.92785				2
2025.10.30	01:04:00.510	0.92785				2
2025.10.30	01:04:03.347	0.92786				2
2025.10.30	01:04:04.927	0.92787				2
2025.10.30	01:04:07.477	0.92788	0.92813			6
2025.10.30	01:04:08.340	0.92789	0.92814			6
2025.10.30	01:04:11.106	0.92790	0.92815			6
2025.10.30	01:04:13.288	0.92791	0.92814			6
2025.10.30	01:04:19.482		0.92815			4
2025.10.30	01:04:19.783		0.92814			4
2025.10.30	01:04:21.959	0.92787				2
2025.10.30	01:04:22.299	0.92789				2
2025.10.30	01:04:23.198	0.92791				2
2025.10.30	01:04:26.342	0.92789	0.92811			6
2025.10.30	01:04:30.099		0.92813			4
2025.10.30	01:04:30.421		0.92811			4
2025.10.30	01:04:31.157		0.92812			4
2025.10.30	01:04:31.479		0.92811			4
2025.10.30	01:04:41.338	0.92788	0.92809			6
2025.10.30	01:04:42.124		0.92810			4
2025.10.30	01:04:46.392	0.92789	0.92812			6
2025.10.30	01:04:50.443		0.92814			4
2025.10.30	01:04:50.774		0.92815			4
2025.10.30	01:04:55.380		0.92814			4
2025.10.30	01:05:00.302	0.92789				2
2025.10.30	01:05:01.662		0.92815			4
2025.10.30	01:05:01.980		0.92814			4
2025.10.30	01:05:05.710	0.92790	0.92816			6
2025.10.30	01:05:20.877	0.92792	0.92818			6
2025.10.30	01:05:33.141	0.92790				2
2025.10.30	01:05:34.027	0.92789				2
2025.10.30	01:05:35.666		0.92814			4
2025.10.30	01:05:36.895	0.92788	0.92815			6
2025.10.30	01:05:40.526		0.92813			4
2025.10.30	01:05:40.829		0.92812			4
2025.10.30	01:05:45.047		0.92810			4
2025.10.30	01:05:45.612		0.92811			4
2025.10.30	01:05:47.098		0.92810			4
2025.10.30	01:05:49.248	0.92789				2
2025.10.30	01:05:50.534	0.92788				2
2025.10.30	01:05:50.839	0.92782				2
2025.10.30	01:05:57.375	0.92783				2
2025.10.30	01:05:59.392	0.92782				2
2025.10.30	01:06:00.427	0.92782				2
2025.10.30	01:06:05.839		0.92813			4
2025.10.30	01:06:07.959	0.92781				2
2025.10.30	01:06:20.839	0.92780				2
2025.10.30	01:06:27.031	0.92782	0.92814			6
2025.10.30	01:06:27.338	0.92781				2
2025.10.30	01:06:28.123	0.92782				2
2025.10.30	01:06:34.488	0.92781	0.92809			6
2025.10.30	01:06:49.489		0.92807			4
2025.10.30	01:07:00.495	0.92780	0.92814			6
2025.10.30	01:07:04.599	0.92781	0.92807			6
2025.10.30	01:07:09.036		0.92812			4
2025.10.30	01:07:21.598	0.92782				2
2025.10.30	01:07:24.025	0.92784	0.92814			6
2025.10.30	01:07:38.798	0.92783	0.92809			6
2025.10.30	01:07:54.025		0.92812			4
2025.10.30	01:08:00.360	0.92783				2
2025.10.30	01:08:09.025	0.92785	0.92809			6
2025.10.30	01:08:24.030	0.92783	0.92807			6
2025.10.30	01:08:36.419		0.92809			4
2025.10.30	01:08:36.740		0.92807			4
2025.10.30	01:08:39.031	0.92785	0.92809			6
2025.10.30	01:09:00.399	0.92785				2
2025.10.30	01:09:09.024	0.92783	0.92807			6
2025.10.30	01:09:24.025	0.92785	0.92808			6
2025.10.30	01:09:39.027		0.92807			4
2025.10.30	01:09:41.498	0.92786				2
2025.10.30	01:09:44.371	0.92784				2
2025.10.30	01:09:54.026	0.92785	0.92809			6
2025.10.30	01:09:58.946	0.92783				2
2025.10.30	01:10:00.099	0.92784				2
2025.10.30	01:10:00.423	0.92786				2
2025.10.30	01:10:06.116	0.92789				2
2025.10.30	01:10:09.027		0.92808			4
2025.10.30	01:10:10.053	0.92793				2
2025.10.30	01:10:10.374	0.92795				2
2025.10.30	01:10:11.271	0.92797				2
2025.10.30	01:10:12.942	0.92798				2
2025.10.30	01:10:14.048	0.92797				2
2025.10.30	01:10:15.619	0.92796				2
2025.10.30	01:10:17.440	0.92797				2
2025.10.30	01:10:17.742	0.92796				2
2025.10.30	01:10:20.315	0.92792				2
2025.10.30	01:10:21.749	0.92793				2
2025.10.30	01:10:22.568	0.92792				2
2025.10.30	01:10:24.026		0.92810			4
2025.10.30	01:10:26.200	0.92791				2
2025.10.30	01:10:26.602	0.92792				2
2025.10.30	01:10:27.897	0.92794				2
2025.10.30	01:10:29.683	0.92795				2
2025.10.30	01:10:30.026	0.92794				2
2025.10.30	01:10:31.172	0.92792				2
2025.10.30	01:10:32.423	0.92793				2
2025.10.30	01:10:39.026	0.92792	0.92812			6
2025.10.30	01:10:40.774	0.92797				2
2025.10.30	01:10:41.078	0.92790				2
2025.10.30	01:10:44.798	0.92789				2
2025.10.30	01:10:46.598	0.92790				2
2025.10.30	01:10:48.099	0.92789				2
2025.10.30	01:10:51.634	0.92790				2
2025.10.30	01:10:54.027		0.92810			4
2025.10.30	01:10:54.578	0.92787	0.92809			6
2025.10.30	01:10:54.881	0.92786				2
2025.10.30	01:10:55.338		0.92806			4
2025.10.30	01:11:00.533	0.92786				2
2025.10.30	01:11:02.148	0.92787				2
2025.10.30	01:11:04.511	0.92788	0.92810			6
2025.10.30	01:11:08.377	0.92789				2
2025.10.30	01:11:10.577	0.92788				2
2025.10.30	01:11:11.668	0.92789				2
2025.10.30	01:11:13.298	0.92788				2
2025.10.30	01:11:13.829	0.92789				2
2025.10.30	01:11:15.370	0.92787				2
2025.10.30	01:11:23.484	0.92789				2
2025.10.30	01:11:28.730		0.92811			4
2025.10.30	01:11:39.026	0.92790	0.92810			6
2025.10.30	01:11:48.780	0.92791				2
2025.10.30	01:12:00.351	0.92791				2
2025.10.30	01:12:00.661	0.92792	0.92811			6
2025.10.30	01:12:02.239		0.92812			4
2025.10.30	01:12:02.939	0.92793				2
2025.10.30	01:12:03.333		0.92810			4
2025.10.30	01:12:05.755		0.92812			4
2025.10.30	01:12:06.995		0.92810			4
2025.10.30	01:12:07.388		0.92809			4
2025.10.30	01:12:08.373	0.92790				2
2025.10.30	01:12:15.913	0.92788	0.92808			6
2025.10.30	01:12:17.441		0.92809			4
2025.10.30	01:12:18.036		0.92808			4
2025.10.30	01:12:20.064		0.92809			4
2025.10.30	01:12:21.998		0.92808			4
2025.10.30	01:12:26.146	0.92789				2
2025.10.30	01:12:28.298	0.92788				2
2025.10.30	01:12:34.599	0.92789				2
2025.10.30	01:12:49.676	0.92788				2
2025.10.30	01:12:53.472	0.92789				2
2025.10.30	01:12:54.274	0.92793	0.92807			6
2025.10.30	01:12:55.726	0.92789				2
2025.10.30	01:13:00.638	0.92789				2
2025.10.30	01:13:01.151	0.92788	0.92808			6
2025.10.30	01:13:29.182	0.92789				2
2025.10.30	01:13:29.654	0.92788				2
2025.10.30	01:13:38.782	0.92790	0.92810			6
2025.10.30	01:13:40.266	0.92788	0.92808			6
2025.10.30	01:13:41.499		0.92807			4
2025.10.30	01:13:42.034		0.92808			4
2025.10.30	01:13:46.317		0.92807			4
2025.10.30	01:13:49.898		0.92806			4
2025.10.30	01:14:00.165	0.92788				2
2025.10.30	01:14:01.318	0.92789	0.92810			6
2025.10.30	01:14:02.997	0.92790				2
2025.10.30	01:14:08.385	0.92789				2
2025.10.30	01:14:08.924	0.92790				2
2025.10.30	01:14:10.525	0.92789				2
2025.10.30	01:14:12.678	0.92794				2
2025.10.30	01:14:13.310	0.92790				2
2025.10.30	01:14:13.677	0.92791				2
2025.10.30	01:14:15.045	0.92790				2
2025.10.30	01:14:16.872	0.92791				2
2025.10.30	01:14:18.398	0.92790				2
2025.10.30	01:14:19.007		0.92809			4
2025.10.30	01:14:21.098	0.92789				2
2025.10.30	01:14:42.066	0.92792	0.92810			6
2025.10.30	01:14:42.378	0.92793	0.92811			6
2025.10.30	01:14:43.018		0.92812			4
2025.10.30	01:14:43.334		0.92811			4
2025.10.30	01:14:44.186	0.92804	0.92821			6
2025.10.30	01:14:45.367	0.92800	0.92818			6
2025.10.30	01:14:46.180	0.92799	0.92820			6
2025.10.30	01:14:47.406	0.92800	0.92819			6
2025.10.30	01:14:48.399		0.92813			4
2025.10.30	01:14:48.704	0.92799	0.92816			6
2025.10.30	01:14:49.037		0.92817			4
2025.10.30	01:14:52.032		0.92816			4
2025.10.30	01:14:59.254	0.92798	0.92815			6
2025.10.30	01:14:59.578	0.92797	0.92816			6
2025.10.30	01:15:00.404	0.92799				2
2025.10.30	01:15:02.190	0.92800	0.92817			6
2025.10.30	01:15:02.595		0.92816			4
2025.10.30	01:15:03.762	0.92799	0.92817			6
2025.10.30	01:15:15.376		0.92818			4
2025.10.30	01:15:15.723	0.92800	0.92817			6
2025.10.30	01:15:16.458	0.92799	0.92818			6
2025.10.30	01:15:16.899	0.92800	0.92817			6
2025.10.30	01:15:18.532	0.92799	0.92818			6
2025.10.30	01:15:20.986	0.92800				2
2025.10.30	01:15:23.044	0.92801				2
2025.10.30	01:15:24.094	0.92800	0.92817			6
2025.10.30	01:15:25.130	0.92801	0.92818			6
2025.10.30	01:15:26.166		0.92817			4
2025.10.30	01:15:26.909	0.92800	0.92818			6
2025.10.30	01:15:27.218		0.92817			4
2025.10.30	01:15:29.788	0.92801	0.92816			6
2025.10.30	01:15:30.097	0.92799	0.92818			6
2025.10.30	01:15:30.442	0.92800	0.92817			6
2025.10.30	01:15:31.479	0.92801	0.92816			6
2025.10.30	01:15:35.348	0.92800				2
2025.10.30	01:15:36.318		0.92817			4
2025.10.30	01:15:36.657	0.92801	0.92816			6
2025.10.30	01:15:37.310		0.92817			4
2025.10.30	01:15:37.656	0.92802				2
2025.10.30	01:15:38.021		0.92816			4
2025.10.30	01:15:38.987		0.92815			4
2025.10.30	01:15:40.023		0.92816			4
2025.10.30	01:15:41.760	0.92800	0.92817			6
2025.10.30	01:15:42.094	0.92799				2
2025.10.30	01:15:44.040	0.92800				2
2025.10.30	01:15:55.560	0.92801				2
2025.10.30	01:15:56.596	0.92800				2
2025.10.30	01:15:57.320	0.92804	0.92819			6
2025.10.30	01:15:58.351	0.92803				2
2025.10.30	01:15:58.747		0.92821			4
2025.10.30	01:15:59.057	0.92804	0.92819			6
2025.10.30	01:16:00.609	0.92804	0.92820			6
2025.10.30	01:16:01.383	0.92803	0.92821			6
2025.10.30	01:16:01.723	0.92804	0.92820			6
2025.10.30	01:16:07.866	0.92805				2
2025.10.30	01:16:14.078	0.92806	0.92819			6
2025.10.30	01:16:15.114		0.92818			4
2025.10.30	01:16:15.420	0.92805	0.92819			6
2025.10.30	01:16:16.971		0.92820			4
2025.10.30	01:16:17.297	0.92806	0.92819			6
2025.10.30	01:16:21.044	0.92805				2
2025.10.30	01:16:21.472	0.92806				2
2025.10.30	01:16:30.371	0.92805				2
2025.10.30	01:16:30.676	0.92806				2
2025.10.30	01:16:32.729	0.92804	0.92817			6
2025.10.30	01:16:33.035	0.92803	0.92818			6
2025.10.30	01:16:33.765	0.92804	0.92817			6
2025.10.30	01:16:39.979		0.92818			4
2025.10.30	01:16:43.087	0.92805	0.92817			6
2025.10.30	01:16:44.031		0.92816			4
2025.10.30	01:16:44.398	0.92804	0.92817			6
2025.10.30	01:16:45.159	0.92805				2
2025.10.30	01:16:46.194		0.92816			4
2025.10.30	01:16:47.088	0.92804	0.92817			6
2025.10.30	01:16:50.509		0.92818			4
2025.10.30	01:16:51.510	0.92805				2
2025.10.30	01:16:53.445	0.92806	0.92816			6
2025.10.30	01:16:53.947	0.92805	0.92817			6
2025.10.30	01:16:54.482	0.92806				2
2025.10.30	01:16:54.861	0.92805	0.92818			6
2025.10.30	01:17:00.506	0.92802	0.92816			6
2025.10.30	01:17:01.454		0.92818			4
2025.10.30	01:17:01.765		0.92817			4
2025.10.30	01:17:02.770		0.92816			4
2025.10.30	01:17:04.840	0.92801				2
2025.10.30	01:17:06.835		0.92818			4
2025.10.30	01:17:07.139		0.92817			4
2025.10.30	01:17:07.547	0.92805	0.92821			6
2025.10.30	01:17:07.851	0.92806	0.92819			6
2025.10.30	01:17:08.226	0.92810	0.92820			6
2025.10.30	01:17:09.293	0.92804	0.92818			6
2025.10.30	01:17:13.523	0.92809	0.92820			6
2025.10.30	01:17:13.829	0.92808	0.92819			6
2025.10.30	01:17:14.268	0.92807				2
2025.10.30	01:17:14.905	0.92809				2
2025.10.30	01:17:15.595	0.92808				2
2025.10.30	01:17:15.976	0.92809				2
2025.10.30	01:17:16.431	0.92808	0.92820			6
2025.10.30	01:17:16.758	0.92805	0.92817			6
2025.10.30	01:17:17.427	0.92804				2
2025.10.30	01:17:17.730	0.92803				2
2025.10.30	01:17:18.504		0.92818			4
2025.10.30	01:17:18.829		0.92817			4
2025.10.30	01:17:19.542		0.92818			4
2025.10.30	01:17:19.934		0.92817			4
2025.10.30	01:17:21.600		0.92818			4
2025.10.30	01:17:22.033	0.92804	0.92817			6
2025.10.30	01:17:22.628	0.92803				2
2025.10.30	01:17:23.099	0.92804				2
2025.10.30	01:17:23.883	0.92803	0.92816			6
2025.10.30	01:17:25.954		0.92817			4
2025.10.30	01:17:27.477	0.92806				2
2025.10.30	01:17:28.764		0.92816			4
2025.10.30	01:17:29.705		0.92817			4
2025.10.30	01:17:30.033	0.92807				2
2025.10.30	01:17:31.002	0.92806	0.92816			6
2025.10.30	01:17:32.042		0.92817			4
2025.10.30	01:17:42.098		0.92816			4
2025.10.30	01:17:43.431		0.92817			4
2025.10.30	01:17:45.503	0.92807	0.92816			6
2025.10.30	01:17:46.518	0.92806	0.92817			6
2025.10.30	01:17:54.825		0.92818			4
2025.10.30	01:17:55.470		0.92816			4
2025.10.30	01:17:55.860		0.92817			4
2025.10.30	01:18:00.004	0.92806	0.92816			6
2025.10.30	01:18:00.509	0.92804	0.92815			6
2025.10.30	01:18:11.525	0.92803				2
2025.10.30	01:18:11.915	0.92804	0.92814			6
2025.10.30	01:18:13.729		0.92815			4
2025.10.30	01:18:23.824	0.92805	0.92814			6
2025.10.30	01:18:25.897	0.92804	0.92815			6
2025.10.30	01:18:29.004	0.92805	0.92814			6
2025.10.30	01:18:30.167	0.92804	0.92815			6
2025.10.30	01:18:31.075		0.92814			4
2025.10.30	01:18:34.182		0.92815			4
2025.10.30	01:18:46.616	0.92805	0.92814			6
2025.10.30	01:18:47.756	0.92804	0.92815			6
2025.10.30	01:19:00.076	0.92804				2
2025.10.30	01:19:09.398		0.92814			4
2025.10.30	01:19:10.448		0.92815			4
2025.10.30	01:19:10.825		0.92814			4
2025.10.30	01:19:11.485		0.92815			4
2025.10.30	01:19:11.857		0.92814			4
2025.10.30	01:19:15.378	0.92806	0.92818			6
2025.10.30	01:19:16.343	0.92807	0.92817			6
2025.10.30	01:19:18.015	0.92806	0.92818			6
2025.10.30	01:19:18.331	0.92807	0.92817			6
2025.10.30	01:19:20.144		0.92818			4
2025.10.30	01:19:21.138	0.92806				2
2025.10.30	01:19:21.438	0.92807	0.92817			6
2025.10.30	01:19:22.085	0.92806	0.92818			6
2025.10.30	01:19:22.476	0.92807	0.92817			6
2025.10.30	01:19:24.257		0.92818			4
2025.10.30	01:19:24.558		0.92817			4
2025.10.30	01:19:26.361	0.92806	0.92818			6
2025.10.30	01:19:26.662	0.92808				2
2025.10.30	01:19:27.305	0.92806				2
2025.10.30	01:19:28.215	0.92807				2
2025.10.30	01:19:29.596	0.92806				2
2025.10.30	01:19:30.098	0.92807				2
2025.10.30	01:19:30.701	0.92806				2
2025.10.30	01:19:31.597	0.92807				2
2025.10.30	01:19:32.711	0.92806				2
2025.10.30	01:19:34.776	0.92807				2
2025.10.30	01:19:36.848	0.92808				2
2025.10.30	01:19:37.885	0.92807	0.92819			6
2025.10.30	01:19:39.050		0.92818			4
2025.10.30	01:19:41.252	0.92806				2
2025.10.30	01:19:41.798	0.92807				2
2025.10.30	01:19:42.769		0.92817			4
2025.10.30	01:19:43.325	0.92806	0.92818			6
2025.10.30	01:19:44.199	0.92807	0.92817			6
2025.10.30	01:19:45.393	0.92806	0.92818			6
2025.10.30	01:19:46.300	0.92807	0.92817			6
2025.10.30	01:19:47.465	0.92808	0.92818			6
2025.10.30	01:19:50.351	0.92807				2
2025.10.30	01:19:53.681	0.92806				2
2025.10.30	01:19:54.317	0.92808				2
2025.10.30	01:19:54.719	0.92807				2
2025.10.30	01:19:56.788	0.92808				2
2025.10.30	01:19:57.828	0.92806				2
2025.10.30	01:19:58.990	0.92807				2
2025.10.30	01:20:00.409	0.92807	0.92817			6
2025.10.30	01:20:00.802		0.92818			4
2025.10.30	01:20:01.968	0.92806	0.92817			6
2025.10.30	01:20:02.962		0.92818			4
2025.10.30	01:20:03.971	0.92807				2
2025.10.30	01:20:05.443	0.92801				2
2025.10.30	01:20:05.745	0.92802				2
2025.10.30	01:20:07.000	0.92803				2
2025.10.30	01:20:08.693	0.92805	0.92816			6
2025.10.30	01:20:09.398		0.92815			4
2025.10.30	01:20:09.717	0.92802				2
2025.10.30	01:20:11.724	0.92804	0.92814			6
2025.10.30	01:20:12.850	0.92803				2
2025.10.30	01:20:13.598	0.92804				2
2025.10.30	01:20:14.734	0.92803				2
2025.10.30	01:20:15.700	0.92804				2
2025.10.30	01:20:16.991	0.92803				2
2025.10.30	01:20:18.159	0.92804				2
2025.10.30	01:20:19.128	0.92803	0.92815			6
2025.10.30	01:20:20.912	0.92804				2
2025.10.30	01:20:23.200	0.92803				2
2025.10.30	01:20:24.156	0.92804	0.92814			6
2025.10.30	01:20:36.696		0.92816			4
2025.10.30	01:20:37.215		0.92814			4
2025.10.30	01:20:37.824	0.92803				2
2025.10.30	01:20:40.672		0.92815			4
2025.10.30	01:20:41.094	0.92804	0.92814			6
2025.10.30	01:20:41.982	0.92803				2
2025.10.30	01:20:43.019	0.92804				2
2025.10.30	01:21:00.630	0.92803	0.92819			6
2025.10.30	01:21:00.939	0.92805	0.92820			6
2025.10.30	01:21:02.208	0.92803	0.92817			6
2025.10.30	01:21:02.565	0.92802				2
2025.10.30	01:21:03.476	0.92803				2
2025.10.30	01:21:03.825	0.92804				2
2025.10.30	01:21:04.501	0.92803				2
2025.10.30	01:21:07.491	0.92802	0.92818			6
2025.10.30	01:21:08.542	0.92803	0.92817			6
2025.10.30	01:21:09.172		0.92818			4
2025.10.30	01:21:11.181		0.92817			4
2025.10.30	01:21:11.664	0.92804				2
2025.10.30	01:21:12.220	0.92803				2
2025.10.30	01:21:12.762	0.92805	0.92819			6
2025.10.30	01:21:16.054	0.92806				2
2025.10.30	01:21:16.394		0.92820			4
2025.10.30	01:21:17.778	0.92805				2
2025.10.30	01:21:23.654	0.92806				2
2025.10.30	01:21:25.746	0.92805				2
2025.10.30	01:21:27.700	0.92806				2
2025.10.30	01:21:31.965	0.92805				2
2025.10.30	01:21:33.128	0.92806				2
2025.10.30	01:21:36.106	0.92805				2
2025.10.30	01:21:36.604	0.92807	0.92818			6
2025.10.30	01:21:38.284	0.92806				2
2025.10.30	01:21:38.694	0.92805				2
2025.10.30	01:21:39.732	0.92808				2
2025.10.30	01:21:40.756	0.92806	0.92817			6
2025.10.30	01:21:43.322	0.92807				2
2025.10.30	01:21:44.838	0.92806				2
2025.10.30	01:21:45.947	0.92807				2
2025.10.30	01:21:46.910		0.92818			4
2025.10.30	01:21:47.223		0.92817			4
2025.10.30	01:21:50.154		0.92818			4
2025.10.30	01:21:51.258	0.92808				2
2025.10.30	01:21:54.299	0.92807				2
2025.10.30	01:21:55.335		0.92819			4
2025.10.30	01:21:55.642	0.92808	0.92818			6
2025.10.30	01:21:56.436	0.92807				2
2025.10.30	01:21:57.455	0.92806	0.92819			6
2025.10.30	01:21:59.750	0.92803	0.92820			6
2025.10.30	01:22:00.434	0.92805				2
2025.10.30	01:22:05.199		0.92819			4
2025.10.30	01:22:08.185	0.92804	0.92818			6
2025.10.30	01:22:08.832		0.92817			4
2025.10.30	01:22:10.000		0.92818			4
2025.10.30	01:22:20.006		0.92817			4
2025.10.30	01:22:21.524	0.92803				2
2025.10.30	01:22:22.621	0.92804	0.92818			6
2025.10.30	01:22:24.892	0.92805				2
2025.10.30	01:22:27.698	0.92804				2
2025.10.30	01:22:32.347	0.92807	0.92817			6
2025.10.30	01:22:32.991	0.92806	0.92816			6
2025.10.30	01:22:34.899		0.92817			4
2025.10.30	01:22:37.599		0.92816			4
2025.10.30	01:22:39.998		0.92817			4
2025.10.30	01:22:40.664		0.92816			4
2025.10.30	01:22:43.376		0.92817			4
2025.10.30	01:22:48.866	0.92805	0.92819			6
2025.10.30	01:22:49.997		0.92818			4
2025.10.30	01:22:50.304	0.92807	0.92817			6
2025.10.30	01:22:54.195	0.92803				2
2025.10.30	01:22:55.062		0.92816			4
2025.10.30	01:22:57.398	0.92802				2
2025.10.30	01:22:59.573	0.92801				2
2025.10.30	01:23:01.330	0.92801				2
2025.10.30	01:23:05.252	0.92802				2
2025.10.30	01:23:08.499	0.92801				2
2025.10.30	01:23:12.709	0.92802				2
2025.10.30	01:23:15.417	0.92801				2
2025.10.30	01:23:19.000	0.92802				2
2025.10.30	01:23:29.087		0.92815			4
2025.10.30	01:23:30.178	0.92803	0.92814			6
2025.10.30	01:23:31.955	0.92802	0.92815			6
2025.10.30	01:23:32.398	0.92804	0.92814			6
2025.10.30	01:23:33.232	0.92803				2
2025.10.30	01:23:35.291	0.92804	0.92815			6
2025.10.30	01:23:35.723		0.92813			4
2025.10.30	01:23:36.821	0.92802	0.92814			6
2025.10.30	01:23:39.019	0.92803	0.92813			6
2025.10.30	01:23:39.940	0.92804				2
2025.10.30	01:23:42.010		0.92814			4
2025.10.30	01:23:48.168	0.92803				2
2025.10.30	01:23:49.183	0.92804				2
2025.10.30	01:23:49.588	0.92803				2
2025.10.30	01:23:50.188	0.92804				2
2025.10.30	01:23:50.536	0.92805	0.92816			6
2025.10.30	01:23:51.673	0.92804	0.92815			6
2025.10.30	01:23:52.708	0.92802	0.92813			6
2025.10.30	01:23:53.874	0.92801	0.92814			6
2025.10.30	01:23:55.836	0.92802	0.92813			6
2025.10.30	01:23:56.847	0.92801	0.92814			6
2025.10.30	01:23:57.860	0.92802	0.92813			6
2025.10.30	01:24:01.049	0.92801				2
2025.10.30	01:24:03.810	0.92799				2
2025.10.30	01:24:05.914	0.92800	0.92814			6
2025.10.30	01:24:07.945	0.92801	0.92812			6
2025.10.30	01:24:08.575		0.92811			4
2025.10.30	01:24:13.220	0.92800	0.92812			6
2025.10.30	01:24:14.202	0.92801				2
2025.10.30	01:24:15.366	0.92802	0.92811			6
2025.10.30	01:24:17.497	0.92799	0.92810			6
2025.10.30	01:24:18.445	0.92798	0.92812			6
2025.10.30	01:24:21.504	0.92799				2
2025.10.30	01:24:21.820	0.92798				2
2025.10.30	01:24:25.000	0.92799				2
2025.10.30	01:24:26.200	0.92798				2
2025.10.30	01:24:27.688	0.92799	0.92811			6
2025.10.30	01:24:28.499	0.92798	0.92812			6
2025.10.30	01:24:29.664		0.92811			4
2025.10.30	01:24:30.517	0.92799				2
2025.10.30	01:24:31.621	0.92798	0.92812			6
2025.10.30	01:24:32.772		0.92811			4
2025.10.30	01:24:45.807	0.92803	0.92814			6
2025.10.30	01:24:47.952	0.92802				2
2025.10.30	01:24:48.719	0.92801				2
2025.10.30	01:24:55.243		0.92815			4
2025.10.30	01:24:56.352		0.92814			4
2025.10.30	01:24:59.663	0.92804				2
2025.10.30	01:24:59.978	0.92799	0.92811			6
2025.10.30	01:25:00.699	0.92801	0.92814			6
2025.10.30	01:25:01.847	0.92802				2
2025.10.30	01:25:02.766	0.92803				2
2025.10.30	01:25:04.954	0.92804	0.92813			6
2025.10.30	01:25:06.818	0.92802	0.92814			6
2025.10.30	01:25:08.495	0.92803				2
2025.10.30	01:25:09.060	0.92802	0.92813			6
2025.10.30	01:25:14.666	0.92803				2
2025.10.30	01:25:16.169	0.92802				2
2025.10.30	01:25:16.866	0.92803				2
2025.10.30	01:25:21.915	0.92802	0.92814			6
2025.10.30	01:25:23.359	0.92803				2
2025.10.30	01:25:27.733	0.92802				2
2025.10.30	01:25:29.736	0.92801				2
2025.10.30	01:25:30.765	0.92802				2
2025.10.30	01:25:51.103	0.92799	0.92812			6
2025.10.30	01:25:52.568		0.92811			4
2025.10.30	01:25:52.961	0.92803	0.92815			6
2025.10.30	01:25:53.263	0.92804	0.92814			6
2025.10.30	01:25:55.731		0.92815			4
2025.10.30	01:25:56.583		0.92814			4
2025.10.30	01:25:58.215	0.92802				2
2025.10.30	01:25:59.469	0.92801	0.92815			6
2025.10.30	01:26:00.308	0.92801	0.92814			6
2025.10.30	01:26:00.633	0.92802	0.92813			6
2025.10.30	01:26:02.027		0.92814			4
2025.10.30	01:26:04.348	0.92801				2
2025.10.30	01:26:04.663		0.92815			4
2025.10.30	01:26:05.039	0.92802	0.92814			6
2025.10.30	01:26:09.826	0.92801	0.92815			6
2025.10.30	01:26:13.838		0.92814			4
2025.10.30	01:26:15.097	0.92802	0.92815			6
2025.10.30	01:26:15.400		0.92814			4
2025.10.30	01:26:15.907	0.92801				2
2025.10.30	01:26:16.255	0.92802				2
2025.10.30	01:26:20.057		0.92813			4
2025.10.30	01:26:21.220	0.92801	0.92814			6
2025.10.30	01:26:25.234		0.92813			4
2025.10.30	01:26:26.399	0.92800	0.92814			6
2025.10.30	01:26:28.341	0.92801	0.92813			6
2025.10.30	01:26:29.506	0.92800	0.92814			6
2025.10.30	01:26:30.412		0.92812			4
2025.10.30	01:26:32.615	0.92799				2
2025.10.30	01:26:33.521	0.92800				2
2025.10.30	01:26:34.687	0.92799				2
2025.10.30	01:26:38.635	0.92800				2
2025.10.30	01:26:39.865	0.92799				2
2025.10.30	01:26:41.454	0.92798	0.92811			6
2025.10.30	01:26:42.572	0.92797				2
2025.10.30	01:26:43.749	0.92798				2
2025.10.30	01:26:45.690	0.92797				2
2025.10.30	01:26:46.857	0.92798				2
2025.10.30	01:26:48.800	0.92797				2
2025.10.30	01:26:49.240	0.92800	0.92810			6
2025.10.30	01:26:51.516	0.92799				2
2025.10.30	01:26:54.289	0.92798				2
2025.10.30	01:26:57.086	0.92796				2
2025.10.30	01:26:57.553	0.92798	0.92808			6
2025.10.30	01:26:58.633	0.92796				2
2025.10.30	01:26:59.272	0.92794				2
2025.10.30	01:27:00.065	0.92795				2
2025.10.30	01:27:01.489	0.92794				2
2025.10.30	01:27:01.834	0.92795				2
2025.10.30	01:27:03.430	0.92796				2
2025.10.30	01:27:05.373	0.92801	0.92810			6
2025.10.30	01:27:06.405	0.92800	0.92811			6
2025.10.30	01:27:06.924		0.92810			4
2025.10.30	01:27:07.424	0.92802	0.92811			6
2025.10.30	01:27:08.190		0.92812			4
2025.10.30	01:27:08.497	0.92801				2
2025.10.30	01:27:10.554	0.92802				2
2025.10.30	01:27:12.027		0.92811			4
2025.10.30	01:27:12.655	0.92801				2
2025.10.30	01:27:14.670	0.92802				2
2025.10.30	01:27:15.383	0.92801				2
2025.10.30	01:27:16.557	0.92802				2
2025.10.30	01:27:18.967	0.92801				2
2025.10.30	01:27:20.633	0.92802				2
2025.10.30	01:27:20.987	0.92801				2
2025.10.30	01:27:25.720	0.92800				2
2025.10.30	01:27:27.128	0.92801				2
2025.10.30	01:27:29.408	0.92800				2
2025.10.30	01:27:34.458	0.92801				2
2025.10.30	01:27:36.531	0.92800				2
2025.10.30	01:27:39.555	0.92801				2
2025.10.30	01:27:40.673	0.92800				2
2025.10.30	01:27:43.911	0.92801				2
2025.10.30	01:27:45.706	0.92800				2
2025.10.30	01:27:46.135	0.92798	0.92813			6
2025.10.30	01:27:46.439	0.92799				2
2025.10.30	01:27:46.753	0.92802				2
2025.10.30	01:27:47.058	0.92803				2
2025.10.30	01:27:56.086	0.92802				2
2025.10.30	01:27:59.366	0.92803				2
2025.10.30	01:28:00.094	0.92801	0.92812			6
2025.10.30	01:28:00.482		0.92811			4
2025.10.30	01:28:03.687	0.92802				2
2025.10.30	01:28:04.058		0.92809			4
2025.10.30	01:28:04.677	0.92801				2
2025.10.30	01:28:07.737	0.92802				2
2025.10.30	01:28:10.599	0.92801				2
2025.10.30	01:28:17.894	0.92800	0.92812			6
2025.10.30	01:28:18.690	0.92798				2
2025.10.30	01:28:20.225	0.92799	0.92811			6
2025.10.30	01:28:20.535	0.92801	0.92812			6
2025.10.30	01:28:28.112	0.92800				2
2025.10.30	01:28:30.399	0.92801				2
2025.10.30	01:28:33.400	0.92800	0.92811			6
2025.10.30	01:28:36.100	0.92801				2
2025.10.30	01:28:39.509	0.92800				2
2025.10.30	01:28:42.099	0.92801				2
2025.10.30	01:28:47.924	0.92800				2
2025.10.30	01:28:50.900	0.92799				2
2025.10.30	01:28:51.591	0.92797	0.92807			6
2025.10.30	01:28:53.518	0.92796				2
2025.10.30	01:28:53.921	0.92797				2
2025.10.30	01:28:54.310		0.92808			4
2025.10.30	01:28:56.467	0.92799	0.92809			6
2025.10.30	01:29:01.621	0.92798	0.92810			6
2025.10.30	01:29:03.822		0.92809			4
2025.10.30	01:29:08.867		0.92810			4
2025.10.30	01:29:09.902		0.92809			4
2025.10.30	01:29:11.392	0.92799				2
2025.10.30	01:29:14.026	0.92800				2
2025.10.30	01:29:15.340	0.92799				2
2025.10.30	01:29:18.100	0.92798				2
2025.10.30	01:29:20.198	0.92799				2
2025.10.30	01:29:22.335	0.92798				2
2025.10.30	01:29:22.760	0.92799				2
2025.10.30	01:29:23.373	0.92798				2
2025.10.30	01:29:24.998	0.92799				2
2025.10.30	01:29:27.398	0.92798				2
2025.10.30	01:29:29.200	0.92799				2
2025.10.30	01:29:36.841	0.92798	0.92810			6
2025.10.30	01:29:37.531	0.92799	0.92809			6
2025.10.30	01:29:39.977	0.92798	0.92810			6
2025.10.30	01:29:42.176		0.92809			4
2025.10.30	01:29:44.092		0.92810			4
2025.10.30	01:29:45.131	0.92799	0.92809			6
2025.10.30	01:29:48.235	0.92798				2
2025.10.30	01:29:49.193	0.92799	0.92810			6
2025.10.30	01:29:50.348	0.92800				2
2025.10.30	01:29:55.898	0.92799				2
2025.10.30	01:29:58.599	0.92800				2
2025.10.30	01:30:00.306	0.92799				2
2025.10.30	01:30:00.690	0.92800				2
2025.10.30	01:30:01.015	0.92798				2
2025.10.30	01:30:01.363	0.92801	0.92812			6
2025.10.30	01:30:02.344	0.92797	0.92810			6
2025.10.30	01:30:02.697	0.92798	0.92809			6
2025.10.30	01:30:03.043	0.92801				2
2025.10.30	01:30:05.982	0.92802	0.92810			6
2025.10.30	01:30:06.632	0.92800	0.92811			6
2025.10.30	01:30:09.314	0.92801				2
2025.10.30	01:30:11.566		0.92812			4
2025.10.30	01:30:12.937	0.92802				2
2025.10.30	01:30:13.243	0.92801	0.92811			6
2025.10.30	01:30:15.353	0.92800				2
2025.10.30	01:30:15.658	0.92799				2
2025.10.30	01:30:15.999	0.92800				2
2025.10.30	01:30:16.557	0.92799				2
2025.10.30	01:30:16.878	0.92797				2
2025.10.30	01:30:18.633	0.92798	0.92810			6
2025.10.30	01:30:21.535	0.92797	0.92811			6
2025.10.30	01:30:22.237		0.92808			4
2025.10.30	01:30:22.809	0.92798				2
2025.10.30	01:30:26.278	0.92795	0.92807			6
2025.10.30	01:30:29.245	0.92796	0.92808			6
2025.10.30	01:30:30.145		0.92807			4
2025.10.30	01:30:31.508	0.92795				2
2025.10.30	01:30:32.541	0.92796	0.92806			6
2025.10.30	01:30:33.998		0.92807			4
2025.10.30	01:30:35.648		0.92806			4
2025.10.30	01:30:36.215	0.92799	0.92809			6
2025.10.30	01:30:37.376	0.92800				2
2025.10.30	01:30:38.121	0.92797	0.92808			6
2025.10.30	01:30:40.065	0.92798				2
2025.10.30	01:30:47.376	0.92799	0.92810			6
2025.10.30	01:30:49.000	0.92798				2
2025.10.30	01:30:53.622	0.92799	0.92808			6
2025.10.30	01:31:00.099	0.92799				2
2025.10.30	01:31:00.456		0.92810			4
2025.10.30	01:31:01.434		0.92808			4
2025.10.30	01:31:03.998	0.92800				2
2025.10.30	01:31:04.314	0.92802				2
2025.10.30	01:31:07.550	0.92801				2
2025.10.30	01:31:13.117	0.92800	0.92812			6
2025.10.30	01:31:13.538	0.92801				2
2025.10.30	01:31:16.060	0.92803				2
2025.10.30	01:31:20.377	0.92802	0.92810			6
2025.10.30	01:31:23.382	0.92803	0.92812			6
2025.10.30	01:31:25.374	0.92801	0.92810			6
2025.10.30	01:31:27.376	0.92802	0.92813			6
2025.10.30	01:31:29.375	0.92804				2
2025.10.30	01:31:46.899	0.92803				2
2025.10.30	01:31:47.907	0.92802	0.92812			6
2025.10.30	01:31:49.359	0.92801	0.92813			6
2025.10.30	01:31:51.557		0.92812			4
2025.10.30	01:31:55.084		0.92813			4
2025.10.30	01:31:56.799	0.92802				2
2025.10.30	01:31:58.146	0.92803				2
2025.10.30	01:32:00.472	0.92805				2
2025.10.30	01:32:02.564	0.92804				2
2025.10.30	01:32:05.799	0.92805				2
2025.10.30	01:32:08.022	0.92799	0.92809			6
2025.10.30	01:32:09.189	0.92802	0.92811			6
2025.10.30	01:32:10.581	0.92803				2
2025.10.30	01:32:14.498	0.92802				2
2025.10.30	01:32:23.798		0.92810			4
2025.10.30	01:32:27.899		0.92811			4
2025.10.30	01:32:34.901	0.92803				2
2025.10.30	01:32:38.344	0.92802	0.92813			6
2025.10.30	01:32:39.749		0.92814			4
2025.10.30	01:32:40.773	0.92801				2
2025.10.30	01:32:41.112		0.92813			4
2025.10.30	01:32:41.499	0.92802				2
2025.10.30	01:32:43.376	0.92801				2
2025.10.30	01:32:45.241		0.92812			4
2025.10.30	01:32:45.576	0.92802				2
2025.10.30	01:32:49.298	0.92801	0.92813			6
2025.10.30	01:32:49.672	0.92803				2
2025.10.30	01:32:51.983	0.92802	0.92812			6
2025.10.30	01:32:53.623	0.92803	0.92813			6
2025.10.30	01:32:59.000	0.92802	0.92812			6
2025.10.30	01:33:00.469	0.92803	0.92813			6
2025.10.30	01:33:01.421	0.92802				2
2025.10.30	01:33:02.050	0.92801				2
2025.10.30	01:33:03.437	0.92802				2
2025.10.30	01:33:10.298		0.92812			4
2025.10.30	01:33:14.043		0.92813			4
2025.10.30	01:33:17.498		0.92812			4
2025.10.30	01:33:20.460		0.92813			4
2025.10.30	01:33:26.082	0.92804	0.92815			6
2025.10.30	01:33:27.358	0.92803	0.92814			6
2025.10.30	01:33:30.456	0.92805	0.92815			6
2025.10.30	01:33:33.535		0.92814			4
2025.10.30	01:33:34.433	0.92802	0.92812			6
2025.10.30	01:33:36.578	0.92803				2
2025.10.30	01:33:41.197	0.92802				2
2025.10.30	01:33:43.353	0.92803	0.92811			6
2025.10.30	01:33:45.375	0.92802				2
2025.10.30	01:33:47.377		0.92812			4
2025.10.30	01:33:47.977	0.92803	0.92811			6
2025.10.30	01:33:50.443	0.92802				2
2025.10.30	01:33:57.374	0.92803				2
2025.10.30	01:33:58.721	0.92802	0.92812			6
2025.10.30	01:34:00.065	0.92802				2
2025.10.30	01:34:01.951		0.92814			4
2025.10.30	01:34:02.259	0.92804				2
2025.10.30	01:34:02.642	0.92805	0.92813			6
2025.10.30	01:34:04.736	0.92801	0.92811			6
2025.10.30	01:34:09.058	0.92802				2
2025.10.30	01:34:21.325	0.92803	0.92812			6
2025.10.30	01:34:25.404	0.92801	0.92810			6
2025.10.30	01:34:27.363	0.92803	0.92812			6
2025.10.30	01:34:27.823	0.92802				2
2025.10.30	01:34:36.399	0.92803	0.92813			6
2025.10.30	01:34:38.149	0.92804	0.92812			6
2025.10.30	01:34:38.490	0.92803				2
2025.10.30	01:34:46.603	0.92804	0.92814			6
2025.10.30	01:34:46.911		0.92813			4
2025.10.30	01:35:01.439	0.92805				2
2025.10.30	01:35:02.452	0.92803	0.92812			6
2025.10.30	01:35:06.998	0.92801	0.92810			6
2025.10.30	01:35:07.323	0.92802	0.92812			6
2025.10.30	01:35:19.904	0.92803				2
2025.10.30	01:35:24.137		0.92811			4
2025.10.30	01:35:35.919	0.92801	0.92810			6
2025.10.30	01:35:36.221	0.92803	0.92811			6
2025.10.30	01:35:42.033		0.92812			4
2025.10.30	01:35:54.998	0.92802				2
2025.10.30	01:35:56.328	0.92805	0.92814			6
2025.10.30	01:35:57.378	0.92804	0.92815			6
2025.10.30	01:35:59.499	0.92805				2
2025.10.30	01:36:01.128	0.92805				2
2025.10.30	01:36:02.388	0.92807				2
2025.10.30	01:36:11.586	0.92803	0.92813			6
2025.10.30	01:36:14.797		0.92814			4
2025.10.30	01:36:16.163	0.92804				2
2025.10.30	01:36:20.355	0.92803				2
2025.10.30	01:36:32.935	0.92804				2
2025.10.30	01:36:37.298	0.92803				2
2025.10.30	01:36:50.458	0.92804	0.92813			6
2025.10.30	01:36:54.997		0.92812			4
2025.10.30	01:36:57.388	0.92806	0.92815			6
2025.10.30	01:37:00.434	0.92806				2
2025.10.30	01:37:09.907	0.92805	0.92813			6
2025.10.30	01:37:13.898		0.92814			4
2025.10.30	01:37:32.191	0.92806				2
2025.10.30	01:37:35.431	0.92803	0.92811			6
2025.10.30	01:37:45.540	0.92802				2
2025.10.30	01:37:56.198	0.92803				2
2025.10.30	01:37:56.662	0.92801				2
2025.10.30	01:37:58.599	0.92804	0.92813			6
2025.10.30	01:37:59.799	0.92805				2
2025.10.30	01:38:00.293	0.92804	0.92812			6
2025.10.30	01:38:01.438	0.92805	0.92813			6
2025.10.30	01:38:10.899		0.92814			4
2025.10.30	01:38:19.800		0.92813			4
2025.10.30	01:38:27.566		0.92812			4
2025.10.30	01:38:30.622	0.92802				2
2025.10.30	01:38:32.115	0.92801				2
2025.10.30	01:38:35.347		0.92811			4
2025.10.30	01:38:38.655	0.92802	0.92810			6
2025.10.30	01:38:39.409	0.92801				2
2025.10.30	01:38:40.530	0.92800				2
2025.10.30	01:38:50.396		0.92809			4
2025.10.30	01:38:51.470		0.92808			4
2025.10.30	01:38:52.858		0.92807			4
2025.10.30	01:38:55.066		0.92808			4
2025.10.30	01:39:00.417	0.92799	0.92807			6
2025.10.30	01:39:05.378	0.92798				2
2025.10.30	01:39:20.398		0.92806			4
2025.10.30	01:39:25.348	0.92799				2
2025.10.30	01:39:25.786	0.92798	0.92807			6
2025.10.30	01:39:26.821	0.92797				2
2025.10.30	01:39:30.766	0.92795	0.92806			6
2025.10.30	01:39:31.105	0.92797	0.92807			6
2025.10.30	01:39:34.208	0.92798	0.92806			6
2025.10.30	01:39:38.200	0.92797				2
2025.10.30	01:39:39.048	0.92800	0.92809			6
2025.10.30	01:39:39.969	0.92799	0.92810			6
2025.10.30	01:39:40.358		0.92809			4
2025.10.30	01:39:40.897	0.92800				2
2025.10.30	01:39:54.142	0.92801				2
2025.10.30	01:39:55.013	0.92797	0.92807			6
2025.10.30	01:40:00.397	0.92796				2
2025.10.30	01:40:01.056	0.92797				2
2025.10.30	01:40:02.841	0.92799				2
2025.10.30	01:40:03.346	0.92798				2
2025.10.30	01:40:05.793		0.92806			4
2025.10.30	01:40:06.115	0.92797				2
2025.10.30	01:40:06.743	0.92798	0.92805			6
2025.10.30	01:40:07.200	0.92797	0.92806			6
2025.10.30	01:40:14.278	0.92798				2
2025.10.30	01:40:15.246	0.92799	0.92808			6
2025.10.30	01:40:16.354		0.92807			4
2025.10.30	01:40:19.708	0.92798				2
2025.10.30	01:40:20.370	0.92797	0.92805			6
2025.10.30	01:40:20.674	0.92798	0.92806			6
2025.10.30	01:40:21.489	0.92799				2
2025.10.30	01:40:22.385	0.92797	0.92805			6
2025.10.30	01:40:23.793	0.92798	0.92806			6
2025.10.30	01:40:24.600	0.92796				2
2025.10.30	01:40:27.813	0.92797				2
2025.10.30	01:40:36.230	0.92796				2
2025.10.30	01:40:36.987	0.92797				2
2025.10.30	01:40:45.355	0.92798				2
2025.10.30	01:40:48.345	0.92797	0.92807			6
2025.10.30	01:40:50.797	0.92798				2
2025.10.30	01:40:51.581		0.92806			4
2025.10.30	01:40:52.802	0.92797	0.92807			6
2025.10.30	01:40:56.815	0.92798				2
2025.10.30	01:40:59.922	0.92797	0.92806			6
2025.10.30	01:41:00.427	0.92797				2
2025.10.30	01:41:04.070	0.92798				2
2025.10.30	01:41:05.105	0.92799	0.92808			6
2025.10.30	01:41:08.474	0.92800				2
2025.10.30	01:41:08.945	0.92801	0.92809			6
2025.10.30	01:41:12.768	0.92800				2
2025.10.30	01:41:15.120		0.92808			4
2025.10.30	01:41:16.899	0.92799	0.92809			6
2025.10.30	01:41:18.783	0.92800				2
2025.10.30	01:41:21.399	0.92801	0.92808			6
2025.10.30	01:41:22.989	0.92798	0.92807			6
2025.10.30	01:41:29.058		0.92808			4
2025.10.30	01:41:30.381	0.92799				2
2025.10.30	01:41:40.977	0.92800	0.92807			6
2025.10.30	01:41:50.498	0.92799				2
2025.10.30	01:41:53.646	0.92802	0.92810			6
2025.10.30	01:42:01.909	0.92802				2
2025.10.30	01:42:24.972		0.92812			4
2025.10.30	01:42:27.135	0.92804				2
2025.10.30	01:42:28.853	0.92802	0.92810			6
2025.10.30	01:42:36.698	0.92803				2
2025.10.30	01:42:41.249	0.92802	0.92811			6
2025.10.30	01:42:43.282	0.92803	0.92810			6
2025.10.30	01:42:46.625	0.92802	0.92811			6
2025.10.30	01:42:48.573	0.92801	0.92813			6
2025.10.30	01:42:49.377	0.92802				2
2025.10.30	01:42:53.878	0.92803				2
2025.10.30	01:43:00.350	0.92803				2
2025.10.30	01:43:02.344	0.92802				2
2025.10.30	01:43:03.538	0.92803				2
2025.10.30	01:43:07.298		0.92812			4
2025.10.30	01:43:17.282	0.92804				2
2025.10.30	01:43:19.088	0.92805	0.92813			6
2025.10.30	01:43:25.751	0.92807	0.92816			6
2025.10.30	01:43:26.815		0.92815			4
2025.10.30	01:43:31.792		0.92816			4
2025.10.30	01:43:34.116		0.92814			4
2025.10.30	01:43:34.440	0.92806	0.92815			6
2025.10.30	01:44:00.535	0.92807				2
2025.10.30	01:44:01.392	0.92805				2
2025.10.30	01:44:04.634	0.92806	0.92814			6
2025.10.30	01:44:07.613	0.92805	0.92815			6
2025.10.30	01:44:14.644	0.92806	0.92816			6
2025.10.30	01:44:15.388	0.92807	0.92815			6
2025.10.30	01:44:19.980	0.92808	0.92816			6
2025.10.30	01:44:25.853	0.92806	0.92814			6
2025.10.30	01:44:26.160	0.92808	0.92816			6
2025.10.30	01:44:27.144	0.92805	0.92813			6
2025.10.30	01:44:29.236	0.92807	0.92815			6
2025.10.30	01:44:29.593	0.92808	0.92816			6
2025.10.30	01:44:30.352	0.92809	0.92818			6
2025.10.30	01:44:32.164	0.92810				2
2025.10.30	01:44:34.101	0.92809	0.92820			6
2025.10.30	01:44:34.599		0.92819			4
2025.10.30	01:44:43.997	0.92810	0.92818			6
2025.10.30	01:44:45.717	0.92809	0.92819			6
2025.10.30	01:44:50.347	0.92810				2
2025.10.30	01:44:52.106		0.92818			4
2025.10.30	01:45:00.211	0.92810				2
2025.10.30	01:45:04.255	0.92807	0.92816			6
2025.10.30	01:45:08.557	0.92808				2
2025.10.30	01:45:19.948		0.92817			4
2025.10.30	01:45:20.256	0.92810	0.92818			6
2025.10.30	01:45:22.197		0.92819			4
2025.10.30	01:45:25.305	0.92809				2
2025.10.30	01:45:27.810		0.92818			4
2025.10.30	01:45:32.497	0.92810	0.92819			6
2025.10.30	01:45:33.370		0.92818			4
2025.10.30	01:45:38.500		0.92819			4
2025.10.30	01:45:45.485	0.92807	0.92817			6
2025.10.30	01:45:45.792	0.92806	0.92816			6
2025.10.30	01:45:48.397		0.92814			4
2025.10.30	01:45:49.238		0.92816			4
2025.10.30	01:45:51.099	0.92807	0.92815			6
2025.10.30	01:45:55.689		0.92816			4
2025.10.30	01:45:56.784	0.92806	0.92814			6
2025.10.30	01:45:58.072		0.92815			4
2025.10.30	01:45:58.786	0.92808	0.92817			6
2025.10.30	01:46:00.469	0.92805	0.92814			6
2025.10.30	01:46:01.670	0.92806				2
2025.10.30	01:46:04.375	0.92804	0.92813			6
2025.10.30	01:46:06.065	0.92805				2
2025.10.30	01:46:07.129	0.92807	0.92815			6
2025.10.30	01:46:20.405		0.92816			4
2025.10.30	01:46:25.598	0.92806	0.92817			6
2025.10.30	01:46:27.284	0.92807	0.92816			6
2025.10.30	01:46:36.998		0.92817			4
2025.10.30	01:46:37.408		0.92816			4
2025.10.30	01:46:44.126	0.92804	0.92813			6
2025.10.30	01:46:46.373		0.92812			4
2025.10.30	01:46:48.784	0.92806	0.92814			6
2025.10.30	01:46:51.997		0.92815			4
2025.10.30	01:46:56.039		0.92814			4
2025.10.30	01:46:59.442		0.92815			4
2025.10.30	01:47:00.351	0.92806	0.92814			6
2025.10.30	01:47:00.735	0.92807	0.92815			6
2025.10.30	01:47:02.174	0.92806	0.92817			6
2025.10.30	01:47:03.434		0.92816			4
2025.10.30	01:47:06.005	0.92807	0.92815			6
2025.10.30	01:47:07.898	0.92806	0.92816			6
2025.10.30	01:47:09.971	0.92804	0.92812			6
2025.10.30	01:47:14.345	0.92805	0.92813			6
2025.10.30	01:47:17.740	0.92804	0.92812			6
2025.10.30	01:47:29.482	0.92803	0.92813			6
2025.10.30	01:47:31.683	0.92804	0.92812			6
2025.10.30	01:47:33.625	0.92803	0.92813			6
2025.10.30	01:47:35.825	0.92804	0.92812			6
2025.10.30	01:47:36.856	0.92803				2
2025.10.30	01:47:37.564	0.92804				2
2025.10.30	01:47:37.892	0.92803				2
2025.10.30	01:47:43.138	0.92804				2
2025.10.30	01:47:46.313		0.92811			4
2025.10.30	01:47:48.306		0.92813			4
2025.10.30	01:47:51.194		0.92812			4
2025.10.30	01:47:58.618		0.92811			4
2025.10.30	01:47:59.875	0.92803	0.92813			6
2025.10.30	01:48:00.271	0.92803	0.92812			6
2025.10.30	01:48:03.595		0.92811			4
2025.10.30	01:48:05.705		0.92812			4
2025.10.30	01:48:06.693	0.92801	0.92810			6
2025.10.30	01:48:08.926		0.92809			4
2025.10.30	01:48:09.645		0.92810			4
2025.10.30	01:48:15.282	0.92803	0.92812			6
2025.10.30	01:48:20.498	0.92804	0.92811			6
2025.10.30	01:48:25.672		0.92812			4
2025.10.30	01:48:32.126	0.92803	0.92811			6
2025.10.30	01:48:38.678	0.92802				2
2025.10.30	01:48:54.340	0.92800	0.92809			6
2025.10.30	01:48:55.415	0.92801				2
2025.10.30	01:48:57.376	0.92800				2
2025.10.30	01:48:59.535	0.92803	0.92811			6
2025.10.30	01:49:00.359	0.92805	0.92814			6
2025.10.30	01:49:01.377	0.92804	0.92812			6
2025.10.30	01:49:04.930	0.92803				2
2025.10.30	01:49:06.998	0.92804	0.92811			6
2025.10.30	01:49:18.843		0.92812			4
2025.10.30	01:49:20.297	0.92805	0.92813			6
2025.10.30	01:49:24.252	0.92802	0.92811			6
2025.10.30	01:49:26.972	0.92803				2
2025.10.30	01:49:44.064		0.92810			4
2025.10.30	01:49:49.972	0.92802				2
2025.10.30	01:49:50.888	0.92800	0.92809			6
2025.10.30	01:49:51.917		0.92808			4
2025.10.30	01:49:56.900		0.92809			4
2025.10.30	01:49:58.997		0.92808			4
2025.10.30	01:50:00.130	0.92800				2
2025.10.30	01:50:01.590	0.92801				2
2025.10.30	01:50:04.900		0.92809			4
2025.10.30	01:50:11.020		0.92810			4
2025.10.30	01:50:11.376	0.92802				2
2025.10.30	01:50:28.020		0.92811			4
2025.10.30	01:50:30.439		0.92810			4
2025.10.30	01:50:53.972	0.92801				2
2025.10.30	01:51:00.632	0.92802				2
2025.10.30	01:51:05.401	0.92803	0.92811			6
2025.10.30	01:51:07.436	0.92802				2
2025.10.30	01:51:07.738		0.92810			4
2025.10.30	01:51:15.804		0.92811			4
2025.10.30	01:51:16.325	0.92803				2
2025.10.30	01:51:23.082	0.92802	0.92810			6
2025.10.30	01:51:34.058	0.92803	0.92811			6
2025.10.30	01:51:48.440	0.92802				2
2025.10.30	01:52:00.454	0.92802	0.92812			6
2025.10.30	01:52:04.625	0.92803	0.92811			6
2025.10.30	01:52:15.677		0.92810			4
2025.10.30	01:52:17.102		0.92811			4
2025.10.30	01:52:30.998	0.92801	0.92809			6
2025.10.30	01:52:32.800		0.92812			4
2025.10.30	01:52:34.923	0.92802				2
2025.10.30	01:52:47.522	0.92803	0.92811			6
2025.10.30	01:52:51.829	0.92804	0.92812			6
2025.10.30	01:52:52.156	0.92803				2
2025.10.30	01:52:59.002	0.92802				2
2025.10.30	01:53:00.608	0.92803				2
2025.10.30	01:53:16.482		0.92811			4
2025.10.30	01:53:22.680	0.92806	0.92814			6
2025.10.30	01:53:26.199		0.92815			4
2025.10.30	01:53:33.545		0.92814			4
2025.10.30	01:53:37.899		0.92815			4
2025.10.30	01:53:41.798		0.92814			4
2025.10.30	01:53:47.184		0.92815			4
2025.10.30	01:53:59.498		0.92814			4
2025.10.30	01:54:00.046	0.92806				2
2025.10.30	01:54:00.511	0.92803	0.92813			6
2025.10.30	01:54:00.883	0.92804	0.92812			6
2025.10.30	01:54:08.158	0.92802	0.92811			6
2025.10.30	01:54:14.935	0.92801				2
2025.10.30	01:54:23.500	0.92802	0.92812			6
2025.10.30	01:54:32.748	0.92803	0.92811			6
2025.10.30	01:54:38.263	0.92802				2
2025.10.30	01:54:42.553	0.92803	0.92812			6
2025.10.30	01:54:45.579	0.92802				2
2025.10.30	01:54:48.387		0.92811			4
2025.10.30	01:54:49.723		0.92812			4
2025.10.30	01:54:56.510	0.92803				2
2025.10.30	01:55:01.532	0.92805	0.92814			6
2025.10.30	01:55:03.949	0.92806				2
2025.10.30	01:55:06.097	0.92805				2
2025.10.30	01:55:10.974	0.92803				2
2025.10.30	01:55:15.388	0.92804				2
2025.10.30	01:55:21.591	0.92803	0.92813			6
2025.10.30	01:55:25.080	0.92804	0.92814			6
2025.10.30	01:55:29.077	0.92803				2
2025.10.30	01:55:30.909	0.92802				2
2025.10.30	01:55:31.287	0.92803				2
2025.10.30	01:55:31.848	0.92806				2
2025.10.30	01:55:33.393	0.92805				2
2025.10.30	01:55:37.899	0.92804	0.92813			6
2025.10.30	01:55:39.367	0.92806	0.92815			6
2025.10.30	01:55:43.691	0.92807				2
2025.10.30	01:55:46.705	0.92804	0.92813			6
2025.10.30	01:55:47.130	0.92803				2
2025.10.30	01:55:50.029	0.92802	0.92814			6
2025.10.30	01:55:52.564	0.92803	0.92813			6
2025.10.30	01:55:54.085	0.92802	0.92814			6
2025.10.30	01:55:57.198		0.92813			4
2025.10.30	01:55:59.958	0.92803				2
2025.10.30	01:56:00.296	0.92804				2
2025.10.30	01:56:00.605		0.92814			4
2025.10.30	01:56:05.998	0.92805	0.92813			6
2025.10.30	01:56:06.927	0.92804				2
2025.10.30	01:56:09.057		0.92814			4
2025.10.30	01:56:11.998	0.92805	0.92813			6
2025.10.30	01:56:14.339	0.92804	0.92812			6
2025.10.30	01:56:15.365	0.92806	0.92813			6
2025.10.30	01:56:18.295		0.92814			4
2025.10.30	01:56:21.977		0.92813			4
2025.10.30	01:56:28.340	0.92805				2
2025.10.30	01:56:36.190		0.92814			4
2025.10.30	01:56:37.592	0.92806	0.92813			6
2025.10.30	01:56:38.758	0.92805				2
2025.10.30	01:56:39.645		0.92812			4
2025.10.30	01:56:41.964	0.92804				2
2025.10.30	01:56:47.564		0.92813			4
2025.10.30	01:56:51.832		0.92812			4
2025.10.30	01:56:53.408	0.92801	0.92809			6
2025.10.30	01:57:01.055	0.92801				2
2025.10.30	01:57:04.056	0.92802				2
2025.10.30	01:57:09.661	0.92801				2
2025.10.30	01:57:11.021	0.92804	0.92812			6
2025.10.30	01:57:13.588	0.92805				2
2025.10.30	01:57:13.933	0.92804				2
2025.10.30	01:57:26.449	0.92805				2
2025.10.30	01:57:31.902	0.92804				2
2025.10.30	01:57:36.432	0.92806	0.92814			6
2025.10.30	01:57:40.527	0.92804	0.92813			6
2025.10.30	01:57:47.253		0.92812			4
2025.10.30	01:57:53.788		0.92813			4
2025.10.30	01:58:00.735	0.92804				2
2025.10.30	01:58:02.564	0.92805	0.92814			6
2025.10.30	01:58:04.303		0.92815			4
2025.10.30	01:58:04.656		0.92814			4
2025.10.30	01:58:06.281		0.92815			4
2025.10.30	01:58:06.653		0.92814			4
2025.10.30	01:58:09.796		0.92815			4
2025.10.30	01:58:11.057		0.92813			4
2025.10.30	01:58:12.860		0.92814			4
2025.10.30	01:58:17.686		0.92813			4
2025.10.30	01:58:19.267		0.92814			4
2025.10.30	01:58:19.970		0.92813			4
2025.10.30	01:58:20.280		0.92814			4
2025.10.30	01:58:21.182		0.92813			4
2025.10.30	01:58:25.016		0.92814			4
2025.10.30	01:58:33.108		0.92815			4
2025.10.30	01:58:34.231		0.92814			4
2025.10.30	01:58:35.481	0.92806	0.92815			6
2025.10.30	01:58:37.474	0.92807	0.92816			6
2025.10.30	01:58:38.041		0.92814			4
2025.10.30	01:58:41.178		0.92815			4
2025.10.30	01:58:46.777		0.92814			4
2025.10.30	01:58:47.116	0.92808	0.92816			6
2025.10.30	01:58:48.029	0.92807	0.92815			6
2025.10.30	01:58:49.594		0.92816			4
2025.10.30	01:58:50.168		0.92815			4
2025.10.30	01:58:50.841		0.92816			4
2025.10.30	01:58:51.203		0.92814			4
2025.10.30	01:58:52.077	0.92806	0.92815			6
2025.10.30	01:58:52.878	0.92807	0.92814			6
2025.10.30	01:58:55.345		0.92815			4
2025.10.30	01:58:56.203	0.92809	0.92817			6
2025.10.30	01:58:58.283	0.92807	0.92815			6
2025.10.30	01:58:59.277		0.92817			4
2025.10.30	01:59:00.377	0.92807	0.92816			6
2025.10.30	01:59:00.896		0.92815			4
2025.10.30	01:59:03.465		0.92816			4
2025.10.30	01:59:10.879	0.92808				2
2025.10.30	01:59:12.729	0.92806	0.92815			6
2025.10.30	01:59:15.980		0.92816			4
2025.10.30	01:59:22.925		0.92815			4
2025.10.30	01:59:28.857		0.92814			4
2025.10.30	01:59:29.172		0.92815			4
2025.10.30	01:59:29.842		0.92813			4
2025.10.30	01:59:30.188		0.92815			4
2025.10.30	01:59:35.672	0.92805	0.92814			6
2025.10.30	01:59:36.165	0.92806	0.92815			6
2025.10.30	01:59:36.479	0.92804	0.92812			6
2025.10.30	01:59:39.646	0.92805	0.92813			6
2025.10.30	01:59:47.139	0.92807	0.92814			6
2025.10.30	01:59:47.729	0.92805	0.92813			6
2025.10.30	01:59:49.903	0.92804				2
2025.10.30	01:59:54.974		0.92811			4
2025.10.30	01:59:55.855	0.92805	0.92814			6
2025.10.30	01:59:57.232		0.92813			4
2025.10.30	02:00:00.064	0.92804				2
2025.10.30	02:00:01.251		0.92812			4
2025.10.30	02:00:01.891	0.92803	0.92811			6
2025.10.30	02:00:03.054	0.92801				2
2025.10.30	02:00:03.435	0.92802				2
2025.10.30	02:00:06.385	0.92805	0.92813			6
2025.10.30	02:00:06.698		0.92814			4
2025.10.30	02:00:07.979		0.92813			4
2025.10.30	02:00:08.495	0.92806	0.92814			6
2025.10.30	02:00:10.496	0.92805	0.92812			6
2025.10.30	02:00:10.845	0.92801	0.92810			6
2025.10.30	02:00:15.575	0.92800	0.92811			6
2025.10.30	02:00:16.243	0.92804	0.92812			6
2025.10.30	02:00:17.025	0.92800	0.92810			6
2025.10.30	02:00:19.760		0.92809			4
2025.10.30	02:00:20.478		0.92810			4
2025.10.30	02:00:25.674	0.92801	0.92811			6
2025.10.30	02:00:28.814	0.92800				2
2025.10.30	02:00:35.348	0.92801	0.92809			6
2025.10.30	02:00:36.500		0.92810			4
2025.10.30	02:00:44.536	0.92804	0.92812			6
2025.10.30	02:00:49.980		0.92813			4
2025.10.30	02:00:50.281		0.92811			4
2025.10.30	02:00:53.498		0.92812			4
2025.10.30	02:00:53.891	0.92803	0.92813			6
2025.10.30	02:00:56.675		0.92812			4
2025.10.30	02:01:00.136	0.92804	0.92813			6
2025.10.30	02:01:00.656		0.92814			4
2025.10.30	02:01:04.121	0.92803	0.92812			6
2025.10.30	02:01:05.453	0.92805				2
2025.10.30	02:01:07.373	0.92804	0.92813			6
2025.10.30	02:01:08.045		0.92814			4
2025.10.30	02:01:10.100	0.92805				2
2025.10.30	02:01:12.649	0.92804				2
2025.10.30	02:01:14.749	0.92805	0.92813			6
2025.10.30	02:01:15.059	0.92806	0.92815			6
2025.10.30	02:01:15.906		0.92817			4
2025.10.30	02:01:16.211		0.92814			4
2025.10.30	02:01:20.499	0.92805	0.92815			6
2025.10.30	02:01:22.360		0.92814			4
2025.10.30	02:01:22.734		0.92815			4
2025.10.30	02:01:23.341		0.92814			4
2025.10.30	02:01:31.441	0.92804	0.92815			6
2025.10.30	02:01:33.672	0.92803	0.92812			6
2025.10.30	02:01:34.597		0.92814			4
2025.10.30	02:01:35.443	0.92802	0.92812			6
2025.10.30	02:01:35.760	0.92801				2
2025.10.30	02:01:38.688	0.92802	0.92811			6
2025.10.30	02:01:39.960	0.92801	0.92812			6
2025.10.30	02:01:47.107		0.92811			4
2025.10.30	02:01:48.800		0.92812			4
2025.10.30	02:01:55.917		0.92811			4
2025.10.30	02:01:57.152		0.92813			4
2025.10.30	02:02:00.177	0.92801				2
2025.10.30	02:02:00.535	0.92802	0.92811			6
2025.10.30	02:02:02.275	0.92803	0.92812			6
2025.10.30	02:02:03.436		0.92811			4
2025.10.30	02:02:12.424		0.92810			4
2025.10.30	02:02:13.007		0.92811			4
2025.10.30	02:02:17.565		0.92812			4
2025.10.30	02:02:18.923		0.92811			4
2025.10.30	02:02:19.535	0.92804				2
2025.10.30	02:02:21.588	0.92806	0.92814			6
2025.10.30	02:02:26.403	0.92804	0.92811			6
2025.10.30	02:02:27.419		0.92814			4
2025.10.30	02:02:28.348	0.92803	0.92813			6
2025.10.30	02:02:31.000	0.92804				2
2025.10.30	02:02:31.583		0.92812			4
2025.10.30	02:02:32.603		0.92813			4
2025.10.30	02:02:35.799		0.92812			4
2025.10.30	02:02:44.429	0.92802				2
2025.10.30	02:02:46.326		0.92811			4
2025.10.30	02:02:51.867	0.92803				2
2025.10.30	02:02:52.494	0.92802	0.92812			6
2025.10.30	02:02:54.091	0.92803	0.92811			6
2025.10.30	02:02:54.975		0.92812			4
2025.10.30	02:02:58.913	0.92804				2
2025.10.30	02:02:59.939		0.92811			4
2025.10.30	02:03:00.387	0.92804				2
2025.10.30	02:03:01.167		0.92812			4
2025.10.30	02:03:02.778		0.92811			4
2025.10.30	02:03:03.304		0.92813			4
2025.10.30	02:03:03.691	0.92801	0.92812			6
2025.10.30	02:03:08.847	0.92802	0.92811			6
2025.10.30	02:03:15.378	0.92800				2
2025.10.30	02:03:17.959	0.92799	0.92809			6
2025.10.30	02:03:22.323		0.92808			4
2025.10.30	02:03:22.835		0.92809			4
2025.10.30	02:03:23.384	0.92798	0.92807			6
2025.10.30	02:03:24.441		0.92808			4
2025.10.30	02:03:25.883	0.92799				2
2025.10.30	02:03:27.128		0.92809			4
2025.10.30	02:03:28.799		0.92808			4
2025.10.30	02:03:30.772		0.92807			4
2025.10.30	02:03:32.564	0.92798				2
2025.10.30	02:03:36.099		0.92808			4
2025.10.30	02:03:37.671	0.92801	0.92811			6
2025.10.30	02:03:38.294		0.92810			4
2025.10.30	02:03:40.048	0.92800	0.92811			6
2025.10.30	02:03:42.552	0.92801				2
2025.10.30	02:03:54.553		0.92810			4
2025.10.30	02:04:00.395	0.92801				2
2025.10.30	02:04:03.096	0.92802				2
2025.10.30	02:04:18.903		0.92811			4
2025.10.30	02:04:19.547		0.92810			4
2025.10.30	02:04:25.710		0.92811			4
2025.10.30	02:04:26.142	0.92803	0.92812			6
2025.10.30	02:04:26.457	0.92802				2
2025.10.30	02:04:29.012	0.92803	0.92810			6
2025.10.30	02:04:29.317	0.92800				2
2025.10.30	02:04:30.371	0.92802	0.92811			6
2025.10.30	02:04:39.330	0.92801				2
2025.10.30	02:04:45.491	0.92802	0.92810			6
2025.10.30	02:04:45.921	0.92801	0.92811			6
2025.10.30	02:04:55.965		0.92810			4
2025.10.30	02:04:56.278		0.92811			4
2025.10.30	02:04:59.164		0.92810			4
2025.10.30	02:05:00.047	0.92801				2
2025.10.30	02:05:01.580		0.92811			4
2025.10.30	02:05:12.855	0.92803				2
2025.10.30	02:05:13.377		0.92812			4
2025.10.30	02:05:15.372		0.92811			4
2025.10.30	02:05:22.036	0.92802	0.92812			6
2025.10.30	02:05:22.728	0.92803	0.92811			6
2025.10.30	02:05:33.594		0.92813			4
2025.10.30	02:05:33.903	0.92804	0.92812			6
2025.10.30	02:05:35.490		0.92813			4
2025.10.30	02:05:38.158	0.92805	0.92812			6
2025.10.30	02:05:41.386	0.92804	0.92813			6
2025.10.30	02:05:43.479	0.92805	0.92812			6
2025.10.30	02:05:45.380		0.92813			4
2025.10.30	02:05:49.898		0.92812			4
2025.10.30	02:05:54.776		0.92813			4
2025.10.30	02:05:56.035	0.92804	0.92812			6
2025.10.30	02:06:00.467	0.92804				2
2025.10.30	02:06:01.629	0.92805				2
2025.10.30	02:06:06.432	0.92803	0.92811			6
2025.10.30	02:06:09.956	0.92802	0.92810			6
2025.10.30	02:06:14.057		0.92811			4
2025.10.30	02:06:35.498		0.92810			4
2025.10.30	02:06:36.532		0.92811			4
2025.10.30	02:06:41.647		0.92810			4
2025.10.30	02:06:42.187		0.92811			4
2025.10.30	02:06:46.501		0.92810			4
2025.10.30	02:07:00.691	0.92802				2
2025.10.30	02:07:07.947		0.92811			4
2025.10.30	02:07:09.058		0.92810			4
2025.10.30	02:07:29.321		0.92809			4
2025.10.30	02:07:30.447		0.92810			4
2025.10.30	02:07:36.132	0.92803				2
2025.10.30	02:07:45.375	0.92802				2
2025.10.30	02:07:46.549		0.92809			4
2025.10.30	02:07:47.424		0.92810			4
2025.10.30	02:07:59.497	0.92803				2
2025.10.30	02:08:00.649	0.92803				2
2025.10.30	02:08:03.436	0.92802				2
2025.10.30	02:08:13.988	0.92803	0.92811			6
2025.10.30	02:08:20.213		0.92810			4
2025.10.30	02:08:20.523	0.92801	0.92809			6
2025.10.30	02:08:22.348	0.92802	0.92810			6
2025.10.30	02:08:23.085		0.92809			4
2025.10.30	02:08:23.398	0.92800	0.92808			6
2025.10.30	02:08:30.227	0.92802	0.92809			6
2025.10.30	02:08:35.499		0.92810			4
2025.10.30	02:08:36.414		0.92809			4
2025.10.30	02:08:38.415	0.92801				2
2025.10.30	02:08:43.503		0.92810			4
2025.10.30	02:08:49.620		0.92808			4
2025.10.30	02:08:50.350		0.92809			4
2025.10.30	02:08:56.949	0.92800	0.92808			6
2025.10.30	02:08:58.532	0.92801	0.92809			6
2025.10.30	02:08:59.798		0.92810			4
2025.10.30	02:09:00.155	0.92801	0.92811			6
2025.10.30	02:09:00.692		0.92810			4
2025.10.30	02:09:01.488	0.92802				2
2025.10.30	02:09:03.240		0.92811			4
2025.10.30	02:09:04.064	0.92803	0.92812			6
2025.10.30	02:09:07.107		0.92811			4
2025.10.30	02:09:10.053		0.92812			4
2025.10.30	02:09:22.024		0.92811			4
2025.10.30	02:09:27.786	0.92804	0.92812			6
2025.10.30	02:09:28.121	0.92802	0.92811			6
2025.10.30	02:09:31.775	0.92804	0.92812			6
2025.10.30	02:09:32.287	0.92803	0.92811			6
2025.10.30	02:09:36.928	0.92802	0.92812			6
2025.10.30	02:09:45.098	0.92803				2
2025.10.30	02:09:45.399		0.92811			4
2025.10.30	02:09:59.596	0.92802	0.92812			6
2025.10.30	02:09:59.905	0.92803	0.92811			6
2025.10.30	02:10:00.353	0.92803				2
2025.10.30	02:10:00.658		0.92812			4
2025.10.30	02:10:05.521	0.92804				2
2025.10.30	02:10:14.812		0.92813			4
2025.10.30	02:10:18.975	0.92805				2
2025.10.30	02:10:27.447	0.92803				2
2025.10.30	02:10:27.819	0.92804				2
2025.10.30	02:10:28.505	0.92805				2
2025.10.30	02:10:29.738	0.92804				2
2025.10.30	02:10:30.160	0.92805				2
2025.10.30	02:10:30.834	0.92806	0.92815			6
2025.10.30	02:10:33.137		0.92814			4
2025.10.30	02:10:36.085	0.92802	0.92813			6
2025.10.30	02:10:36.398	0.92804	0.92814			6
2025.10.30	02:10:43.340		0.92813			4
2025.10.30	02:10:43.678		0.92814			4
2025.10.30	02:10:44.652	0.92807	0.92816			6
2025.10.30	02:10:45.049		0.92815			4
2025.10.30	02:10:47.308	0.92806	0.92814			6
2025.10.30	02:10:48.360	0.92805				2
2025.10.30	02:10:50.296	0.92806				2
2025.10.30	02:10:56.331		0.92813			4
2025.10.30	02:10:58.996		0.92814			4
2025.10.30	02:11:00.437	0.92806				2
2025.10.30	02:11:02.394		0.92815			4
2025.10.30	02:11:26.350		0.92814			4
2025.10.30	02:11:30.462	0.92807				2
2025.10.30	02:11:34.976	0.92806	0.92813			6
2025.10.30	02:11:35.615		0.92814			4
2025.10.30	02:11:45.173	0.92809	0.92817			6
2025.10.30	02:11:50.499		0.92816			4
2025.10.30	02:11:55.339	0.92806	0.92814			6
2025.10.30	02:12:00.639	0.92806				2
2025.10.30	02:12:11.556	0.92807				2
2025.10.30	02:12:15.109	0.92805				2
2025.10.30	02:12:16.842	0.92806				2
2025.10.30	02:12:17.180	0.92805				2
2025.10.30	02:12:19.368	0.92804	0.92813			6
2025.10.30	02:12:20.426		0.92812			4
2025.10.30	02:12:22.845	0.92805	0.92813			6
2025.10.30	02:12:24.474	0.92806				2
2025.10.30	02:12:27.425		0.92814			4
2025.10.30	02:12:30.545	0.92807				2
2025.10.30	02:12:31.007	0.92806				2
2025.10.30	02:12:31.758	0.92805	0.92813			6
2025.10.30	02:12:37.275	0.92806				2
2025.10.30	02:12:44.751	0.92805	0.92814			6
2025.10.30	02:12:45.378	0.92806				2
2025.10.30	02:12:53.465	0.92804				2
2025.10.30	02:12:55.376	0.92805	0.92813			6
2025.10.30	02:12:56.317	0.92803	0.92812			6
2025.10.30	02:12:57.902	0.92802	0.92811			6
2025.10.30	02:12:59.002		0.92812			4
2025.10.30	02:13:00.353	0.92802				2
2025.10.30	02:13:07.941	0.92806	0.92814			6
2025.10.30	02:13:09.526	0.92807				2
2025.10.30	02:13:16.961	0.92806	0.92815			6
2025.10.30	02:13:17.564	0.92807	0.92814			6
2025.10.30	02:13:23.499	0.92806	0.92815			6
2025.10.30	02:13:27.041		0.92814			4
2025.10.30	02:13:29.812	0.92805				2
2025.10.30	02:13:37.548	0.92806				2
2025.10.30	02:13:57.445	0.92805				2
2025.10.30	02:14:00.533	0.92806				2
2025.10.30	02:14:01.557	0.92807	0.92815			6
2025.10.30	02:14:21.296		0.92814			4
2025.10.30	02:14:24.948	0.92808	0.92816			6
2025.10.30	02:14:28.073		0.92814			4
2025.10.30	02:14:28.566		0.92815			4
2025.10.30	02:14:32.624	0.92807	0.92814			6
2025.10.30	02:14:42.820	0.92806				2
2025.10.30	02:14:50.399	0.92805	0.92813			6
2025.10.30	02:15:00.306	0.92804				2
2025.10.30	02:15:02.565	0.92805	0.92814			6
2025.10.30	02:15:02.987	0.92806	0.92815			6
2025.10.30	02:15:19.598	0.92807				2
2025.10.30	02:15:22.817	0.92806				2
2025.10.30	02:15:24.096	0.92807	0.92816			6
2025.10.30	02:15:24.771		0.92815			4
2025.10.30	02:15:25.631		0.92816			4
2025.10.30	02:15:27.553	0.92809	0.92817			6
2025.10.30	02:15:30.437	0.92808				2
2025.10.30	02:15:32.125	0.92809				2
2025.10.30	02:15:35.163	0.92808				2
2025.10.30	02:15:39.793	0.92809				2
2025.10.30	02:15:40.576	0.92810				2
2025.10.30	02:15:41.764	0.92811				2
2025.10.30	02:15:42.568	0.92809	0.92816			6
2025.10.30	02:15:42.879	0.92807	0.92815			6
2025.10.30	02:15:45.354	0.92808				2
2025.10.30	02:15:48.698		0.92816			4
2025.10.30	02:15:49.356	0.92807				2
2025.10.30	02:15:55.093	0.92810	0.92817			6
2025.10.30	02:15:55.398	0.92809				2
2025.10.30	02:15:59.500	0.92810				2
2025.10.30	02:16:00.915	0.92810				2
2025.10.30	02:16:07.665		0.92818			4
2025.10.30	02:16:12.527	0.92811				2
2025.10.30	02:16:18.459	0.92810				2
2025.10.30	02:16:28.598		0.92817			4
2025.10.30	02:16:31.788	0.92811	0.92818			6
2025.10.30	02:16:36.007	0.92812				2
2025.10.30	02:16:37.869		0.92819			4
2025.10.30	02:16:48.971	0.92811	0.92818			6
2025.10.30	02:16:53.499	0.92810				2
2025.10.30	02:16:56.598		0.92817			4
2025.10.30	02:16:58.247		0.92818			4
2025.10.30	02:17:00.672	0.92810				2
2025.10.30	02:17:01.011		0.92819			4
2025.10.30	02:17:14.264		0.92818			4
2025.10.30	02:17:21.866	0.92809				2
2025.10.30	02:17:25.945	0.92810				2
2025.10.30	02:17:34.306	0.92809				2
2025.10.30	02:17:38.830	0.92810				2
2025.10.30	02:17:44.542		0.92819			4
2025.10.30	02:17:45.682	0.92811	0.92818			6
2025.10.30	02:17:48.821	0.92812	0.92821			6
2025.10.30	02:17:52.470		0.92822			4
2025.10.30	02:17:55.130		0.92820			4
2025.10.30	02:18:00.535	0.92813	0.92821			6
2025.10.30	02:18:13.912		0.92820			4
2025.10.30	02:18:16.391		0.92821			4
2025.10.30	02:18:23.883		0.92820			4
2025.10.30	02:18:25.509		0.92821			4
2025.10.30	02:18:33.187	0.92810	0.92818			6
2025.10.30	02:18:36.186		0.92819			4
2025.10.30	02:18:36.509		0.92818			4
2025.10.30	02:18:48.680		0.92817			4
2025.10.30	02:18:49.870	0.92809	0.92819			6
2025.10.30	02:18:51.647	0.92810	0.92818			6
2025.10.30	02:18:53.677		0.92819			4
2025.10.30	02:18:54.690		0.92818			4
2025.10.30	02:18:56.083	0.92809	0.92819			6
2025.10.30	02:19:00.638	0.92809	0.92817			6
2025.10.30	02:19:04.065	0.92810	0.92818			6
2025.10.30	02:19:05.172		0.92817			4
2025.10.30	02:19:25.349		0.92818			4
2025.10.30	02:19:26.387		0.92817			4
2025.10.30	02:19:42.698		0.92818			4
2025.10.30	02:19:43.835		0.92819			4
2025.10.30	02:19:46.607		0.92818			4
2025.10.30	02:19:53.260	0.92809	0.92817			6
2025.10.30	02:19:57.382		0.92818			4
2025.10.30	02:19:59.057	0.92810	0.92817			6
2025.10.30	02:20:00.179	0.92809	0.92818			6
2025.10.30	02:20:05.367	0.92810	0.92817			6
2025.10.30	02:20:10.066		0.92818			4
2025.10.30	02:20:24.721		0.92817			4
2025.10.30	02:20:26.556		0.92818			4
2025.10.30	02:20:32.471		0.92819			4
2025.10.30	02:20:37.063	0.92811	0.92818			6
2025.10.30	02:20:39.663	0.92812	0.92821			6
2025.10.30	02:20:46.504	0.92814				2
2025.10.30	02:20:50.706	0.92813	0.92822			6
2025.10.30	02:20:52.773		0.92821			4
2025.10.30	02:21:00.217	0.92813	0.92822			6
2025.10.30	02:21:13.409	0.92815	0.92823			6
2025.10.30	02:21:13.971	0.92814	0.92822			6
2025.10.30	02:21:21.365		0.92823			4
2025.10.30	02:21:22.600		0.92822			4
2025.10.30	02:21:24.852		0.92823			4
2025.10.30	02:21:34.178		0.92824			4
2025.10.30	02:21:38.372		0.92823			4
2025.10.30	02:21:47.243		0.92821			4
2025.10.30	02:21:48.345	0.92813	0.92822			6
2025.10.30	02:21:50.662	0.92814				2
2025.10.30	02:21:52.605	0.92815	0.92824			6
2025.10.30	02:21:52.919	0.92814	0.92823			6
2025.10.30	02:21:53.951	0.92815				2
2025.10.30	02:21:57.776		0.92824			4
2025.10.30	02:21:59.198		0.92823			4
2025.10.30	02:22:00.010	0.92816	0.92824			6
2025.10.30	02:22:02.422	0.92815	0.92823			6
2025.10.30	02:22:08.383	0.92816	0.92825			6
2025.10.30	02:22:11.363		0.92824			4
2025.10.30	02:22:13.272	0.92817	0.92827			6
2025.10.30	02:22:41.498		0.92826			4
2025.10.30	02:22:46.286	0.92815	0.92823			6
2025.10.30	02:22:46.792	0.92814				2
2025.10.30	02:23:01.548	0.92815	0.92824			6
2025.10.30	02:23:11.498	0.92814	0.92823			6
2025.10.30	02:23:25.391	0.92815	0.92824			6
2025.10.30	02:23:28.536		0.92823			4
2025.10.30	02:23:32.894	0.92816				2
2025.10.30	02:23:56.639	0.92815				2
2025.10.30	02:24:00.448	0.92815	0.92824			6
2025.10.30	02:24:01.536		0.92823			4
2025.10.30	02:24:06.059		0.92824			4
2025.10.30	02:24:11.714		0.92823			4
2025.10.30	02:24:13.790	0.92816	0.92824			6
2025.10.30	02:24:15.389	0.92815				2
2025.10.30	02:24:24.237	0.92817	0.92825			6
2025.10.30	02:24:26.635	0.92818	0.92826			6
2025.10.30	02:24:28.482		0.92825			4
2025.10.30	02:24:35.646		0.92826			4
2025.10.30	02:24:36.670		0.92825			4
2025.10.30	02:25:00.435	0.92818				2
2025.10.30	02:25:22.981	0.92819	0.92826			6
2025.10.30	02:25:44.235		0.92827			4
2025.10.30	02:25:46.683		0.92828			4
2025.10.30	02:25:51.992		0.92827			4
2025.10.30	02:26:00.356	0.92819				2
2025.10.30	02:26:00.657	0.92820	0.92828			6
2025.10.30	02:26:01.016		0.92827			4
2025.10.30	02:26:16.361	0.92823	0.92832			6
2025.10.30	02:26:18.544		0.92833			4
2025.10.30	02:26:19.312	0.92821	0.92831			6
2025.10.30	02:26:29.497	0.92822	0.92830			6
2025.10.30	02:26:34.082	0.92819	0.92827			6
2025.10.30	02:26:35.165	0.92818	0.92826			6
2025.10.30	02:26:36.878	0.92817				2
2025.10.30	02:26:37.195	0.92818				2
2025.10.30	02:26:43.220	0.92817				2
2025.10.30	02:26:43.667		0.92825			4
2025.10.30	02:26:46.957	0.92818	0.92826			6
2025.10.30	02:27:00.889	0.92818				2
2025.10.30	02:27:02.563	0.92817				2
2025.10.30	02:27:11.476	0.92818	0.92825			6
2025.10.30	02:27:19.424	0.92817				2
2025.10.30	02:27:21.865	0.92816	0.92826			6
2025.10.30	02:27:22.178		0.92825			4
2025.10.30	02:27:30.054	0.92817				2
2025.10.30	02:27:35.948	0.92816				2
2025.10.30	02:27:40.945	0.92814	0.92824			6
2025.10.30	02:27:41.456	0.92815	0.92823			6
2025.10.30	02:27:41.848	0.92816	0.92825			6
2025.10.30	02:27:43.076		0.92823			4
2025.10.30	02:27:50.435		0.92825			4
2025.10.30	02:27:52.482	0.92815	0.92823			6
2025.10.30	02:27:57.734	0.92814				2
2025.10.30	02:28:00.637	0.92816	0.92825			6
2025.10.30	02:28:02.440		0.92824			4
2025.10.30	02:28:02.772	0.92817	0.92825			6
2025.10.30	02:28:03.788		0.92824			4
2025.10.30	02:28:06.027		0.92825			4
2025.10.30	02:28:16.873		0.92826			4
2025.10.30	02:28:18.673		0.92825			4
2025.10.30	02:28:33.030	0.92816				2
2025.10.30	02:28:33.596	0.92818	0.92826			6
2025.10.30	02:28:41.971		0.92827			4
