<DATE>	<TIME>	<BID>	<ASK>	<LAST>	<VOLUME>	<FLAGS>
2025.07.02	00:03:31.028	0.93320	0.93480			6
2025.07.02	00:04:01.648	0.93320				2
2025.07.02	00:04:12.302		0.93467			4
2025.07.02	00:04:17.675		0.93466			4
2025.07.02	00:04:22.938		0.93467			4
2025.07.02	00:04:24.015		0.93466			4
2025.07.02	00:04:25.102		0.93465			4
2025.07.02	00:04:27.177		0.93466			4
2025.07.02	00:04:28.258		0.93465			4
2025.07.02	00:04:38.880		0.93466			4
2025.07.02	00:04:39.898		0.93467			4
2025.07.02	00:04:40.975		0.93466			4
2025.07.02	00:04:44.155		0.93467			4
2025.07.02	00:04:45.214		0.93466			4
2025.07.02	00:04:48.417		0.93467			4
2025.07.02	00:04:49.456		0.93466			4
2025.07.02	00:05:00.080	0.93320				2
2025.07.02	00:05:11.149		0.93459			4
2025.07.02	00:05:12.356		0.93466			4
2025.07.02	00:05:14.416		0.93478			4
2025.07.02	00:05:29.510		0.93466			4
2025.07.02	00:05:32.756		0.93463			4
2025.07.02	00:05:41.954		0.93462			4
2025.07.02	00:05:45.076		0.93466			4
2025.07.02	00:06:00.454	0.93320				2
2025.07.02	00:06:07.950		0.93472			4
2025.07.02	00:06:08.529		0.93473			4
2025.07.02	00:06:10.357		0.93470			4
2025.07.02	00:06:10.677		0.93473			4
2025.07.02	00:06:45.335		0.93468			4
2025.07.02	00:07:00.359	0.93320				2
2025.07.02	00:07:06.453		0.93467			4
2025.07.02	00:07:31.717		0.93468			4
2025.07.02	00:07:33.712		0.93467			4
2025.07.02	00:08:00.817	0.93320				2
2025.07.02	00:08:26.870		0.93462			4
2025.07.02	00:08:58.083		0.93464			4
2025.07.02	00:09:00.018	0.93320				2
2025.07.02	00:09:27.008		0.93462			4
2025.07.02	00:09:55.289		0.93445			4
2025.07.02	00:10:00.337	0.93320				2
2025.07.02	00:10:12.339	0.93244	0.93464			6
2025.07.02	00:10:17.534	0.93246	0.93463			6
2025.07.02	00:10:28.437	0.93247				2
2025.07.02	00:10:30.255	0.93246				2
2025.07.02	00:10:31.162	0.93247	0.93462			6
2025.07.02	00:10:34.795	0.93248	0.93461			6
2025.07.02	00:10:38.127	0.93249				2
2025.07.02	00:10:42.063		0.93460			4
2025.07.02	00:10:48.729	0.93247	0.93462			6
2025.07.02	00:10:50.551	0.93242	0.93468			6
2025.07.02	00:10:54.192	0.93312	0.93444			6
2025.07.02	00:10:54.881	0.93319	0.93445			6
2025.07.02	00:10:56.029		0.93444			4
2025.07.02	00:11:00.361	0.93319				2
2025.07.02	00:11:01.430	0.93253	0.93457			6
2025.07.02	00:11:02.073	0.93319	0.93444			6
2025.07.02	00:11:08.688	0.93255	0.93456			6
2025.07.02	00:11:09.296	0.93319	0.93444			6
2025.07.02	00:11:12.187	0.93320				2
2025.07.02	00:11:15.800	0.93256	0.93455			6
2025.07.02	00:11:16.417	0.93320	0.93444			6
2025.07.02	00:11:22.880	0.93257	0.93454			6
2025.07.02	00:11:23.487	0.93320	0.93444			6
2025.07.02	00:11:29.881	0.93259	0.93454			6
2025.07.02	00:11:30.504	0.93320	0.93444			6
2025.07.02	00:12:01.403	0.93320				2
2025.07.02	00:12:31.629		0.93444			4
2025.07.02	00:13:02.080	0.93320				2
2025.07.02	00:13:31.775		0.93444			4
2025.07.02	00:14:01.724	0.93320				2
2025.07.02	00:14:32.084		0.93444			4
2025.07.02	00:15:00.503	0.93320				2
2025.07.02	00:16:34.937	0.93320	0.93444			6
2025.07.02	00:17:01.491	0.93320				2
2025.07.02	00:17:37.780		0.93444			4
2025.07.02	00:17:46.131		0.93446			4
2025.07.02	00:18:10.488	0.93320				2
2025.07.02	00:18:37.437		0.93443			4
2025.07.02	00:18:53.829		0.93446			4
2025.07.02	00:19:01.977	0.93320				2
2025.07.02	00:19:50.144		0.93441			4
2025.07.02	00:19:52.566		0.93434			4
2025.07.02	00:20:02.082	0.93320				2
2025.07.02	00:20:24.736	0.93317				2
2025.07.02	00:20:48.198	0.93318				2
2025.07.02	00:20:52.569		0.93434			4
2025.07.02	00:21:00.316	0.93318				2
2025.07.02	00:21:19.733	0.93320				2
2025.07.02	00:21:26.011		0.93445			4
2025.07.02	00:21:59.358		0.93436			4
2025.07.02	00:22:00.077	0.93320				2
2025.07.02	00:22:02.305		0.93430			4
2025.07.02	00:22:21.008	0.93319				2
2025.07.02	00:23:00.286	0.93319				2
2025.07.02	00:23:07.640		0.93430			4
2025.07.02	00:23:16.007	0.93320				2
2025.07.02	00:23:21.324		0.93434			4
2025.07.02	00:23:22.075		0.93430			4
2025.07.02	00:24:01.781	0.93320				2
2025.07.02	00:24:09.316		0.93433			4
2025.07.02	00:24:37.272	0.93247	0.93447			6
2025.07.02	00:24:39.094		0.93446			4
2025.07.02	00:24:39.698	0.93320	0.93433			6
2025.07.02	00:25:00.078	0.93320				2
2025.07.02	00:25:01.278		0.93434			4
2025.07.02	00:26:01.011	0.93320				2
2025.07.02	00:26:02.265		0.93434			4
2025.07.02	00:26:14.584		0.93430			4
2025.07.02	00:27:05.430	0.93320				2
2025.07.02	00:27:14.919		0.93430			4
2025.07.02	00:28:01.764	0.93320				2
2025.07.02	00:28:16.186		0.93430			4
2025.07.02	00:29:01.147	0.93320				2
2025.07.02	00:29:16.354		0.93430			4
2025.07.02	00:29:27.101		0.93448			4
2025.07.02	00:30:00.282	0.93319				2
2025.07.02	00:30:30.584		0.93448			4
2025.07.02	00:31:01.711	0.93320	0.93442			6
2025.07.02	00:31:04.887		0.93436			4
2025.07.02	00:31:27.196	0.93310				2
2025.07.02	00:31:40.395	0.93315				2
2025.07.02	00:32:00.402	0.93315				2
2025.07.02	00:32:08.981		0.93436			4
2025.07.02	00:32:35.401	0.93317				2
2025.07.02	00:33:00.383	0.93317				2
2025.07.02	00:33:10.189		0.93436			4
2025.07.02	00:33:30.320	0.93320				2
2025.07.02	00:33:41.382	0.93310				2
2025.07.02	00:33:54.498	0.93320				2
2025.07.02	00:33:56.623	0.93313				2
2025.07.02	00:34:00.027	0.93313				2
2025.07.02	00:34:10.356		0.93436			4
2025.07.02	00:34:51.576	0.93315				2
2025.07.02	00:35:00.592	0.93315				2
2025.07.02	00:35:04.687		0.93435			4
2025.07.02	00:35:10.332	0.93319	0.93449			6
2025.07.02	00:35:12.247		0.93445			4
2025.07.02	00:35:19.936		0.93449			4
2025.07.02	00:35:35.448		0.93446			4
2025.07.02	00:36:00.316	0.93319				2
2025.07.02	00:36:25.401	0.93320				2
2025.07.02	00:36:35.450		0.93445			4
2025.07.02	00:37:01.485	0.93320				2
2025.07.02	00:37:20.397	0.93319				2
2025.07.02	00:37:26.900		0.93439			4
2025.07.02	00:37:29.972	0.93324	0.93428			6
2025.07.02	00:37:30.320	0.93319				2
2025.07.02	00:37:31.197		0.93432			4
2025.07.02	00:37:32.424		0.93446			4
2025.07.02	00:37:51.146		0.93427			4
2025.07.02	00:38:00.002	0.93319				2
2025.07.02	00:38:04.885		0.93428			4
2025.07.02	00:38:15.285		0.93427			4
2025.07.02	00:38:23.612		0.93435			4
2025.07.02	00:39:00.588	0.93319				2
2025.07.02	00:39:26.081		0.93435			4
2025.07.02	00:40:00.415	0.93319				2
2025.07.02	00:40:23.052	0.93320				2
2025.07.02	00:40:26.352		0.93435			4
2025.07.02	00:41:00.588	0.93320				2
2025.07.02	00:41:14.385	0.93319				2
2025.07.02	00:41:28.364		0.93435			4
2025.07.02	00:42:00.283	0.93319				2
2025.07.02	00:42:21.401	0.93310				2
2025.07.02	00:42:22.256	0.93319				2
2025.07.02	00:42:28.567		0.93435			4
2025.07.02	00:43:00.361	0.93319				2
2025.07.02	00:43:29.682		0.93435			4
2025.07.02	00:44:00.294	0.93319				2
2025.07.02	00:44:31.762		0.93435			4
2025.07.02	00:44:59.398		0.93456			4
2025.07.02	00:45:00.467	0.93319				2
2025.07.02	00:45:02.085	0.93272	0.93491			6
2025.07.02	00:45:04.548	0.93319	0.93456			6
2025.07.02	00:45:07.251		0.93462			4
2025.07.02	00:45:10.561	0.93337	0.93444			6
2025.07.02	00:45:24.108		0.93445			4
2025.07.02	00:45:24.856		0.93444			4
2025.07.02	00:46:00.583	0.93337				2
2025.07.02	00:46:02.279		0.93438			4
2025.07.02	00:46:06.404		0.93428			4
2025.07.02	00:47:00.280	0.93337				2
2025.07.02	00:47:02.221	0.93286	0.93471			6
2025.07.02	00:47:04.642	0.93314	0.93428			6
2025.07.02	00:47:52.283	0.93313				2
2025.07.02	00:48:01.484	0.93313				2
2025.07.02	00:48:04.763		0.93428			4
2025.07.02	00:48:06.564		0.93438			4
2025.07.02	00:48:47.281	0.93310				2
2025.07.02	00:48:47.776	0.93334	0.93431			6
2025.07.02	00:49:01.483	0.93334				2
2025.07.02	00:49:47.807		0.93431			4
2025.07.02	00:50:00.295	0.93334				2
2025.07.02	00:50:29.870	0.93320	0.93426			6
2025.07.02	00:50:30.190	0.93310				2
2025.07.02	00:50:53.763	0.93322				2
2025.07.02	00:51:00.776	0.93322				2
2025.07.02	00:51:20.012	0.93338				2
2025.07.02	00:51:21.790	0.93322				2
2025.07.02	00:51:29.951		0.93426			4
2025.07.02	00:52:00.881	0.93322				2
2025.07.02	00:52:16.791	0.93330				2
2025.07.02	00:52:30.286		0.93426			4
2025.07.02	00:52:30.940		0.93446			4
2025.07.02	00:53:00.364	0.93330				2
2025.07.02	00:53:11.687	0.93328				2
2025.07.02	00:53:25.455		0.93452			4
2025.07.02	00:54:00.454	0.93328				2
2025.07.02	00:54:27.332		0.93452			4
2025.07.02	00:54:44.384	0.93315	0.93439			6
2025.07.02	00:54:59.525	0.93325	0.93449			6
2025.07.02	00:55:02.086	0.93325				2
2025.07.02	00:55:13.906		0.93433			4
2025.07.02	00:55:21.693	0.93316				2
2025.07.02	00:56:00.804	0.93316				2
2025.07.02	00:56:15.284		0.93433			4
2025.07.02	00:56:16.483	0.93319				2
2025.07.02	00:56:39.697		0.93432			4
2025.07.02	00:56:41.698	0.93317	0.93429			6
2025.07.02	00:56:42.002		0.93430			4
2025.07.02	00:56:42.969		0.93431			4
2025.07.02	00:56:43.304		0.93432			4
2025.07.02	00:56:51.584		0.93431			4
2025.07.02	00:56:56.740		0.93432			4
2025.07.02	00:57:00.856	0.93317				2
2025.07.02	00:57:02.085		0.93433			4
2025.07.02	00:57:04.006		0.93432			4
2025.07.02	00:57:11.731		0.93428			4
2025.07.02	00:57:26.729		0.93427			4
2025.07.02	00:57:36.758	0.93319				2
2025.07.02	00:57:46.752		0.93431			4
2025.07.02	00:57:57.283	0.93330				2
2025.07.02	00:57:59.084	0.93319				2
2025.07.02	00:58:00.886	0.93319				2
2025.07.02	00:58:15.401		0.93430			4
2025.07.02	00:58:21.381		0.93425			4
2025.07.02	00:58:32.011	0.93309				2
2025.07.02	00:58:36.427		0.93423			4
2025.07.02	00:58:48.287	0.93322	0.93431			6
2025.07.02	00:58:50.113	0.93309	0.93423			6
2025.07.02	00:58:58.186	0.93322	0.93426			6
2025.07.02	00:59:00.284	0.93309	0.93423			6
2025.07.02	00:59:03.917		0.93422			4
2025.07.02	00:59:21.431	0.93321	0.93429			6
2025.07.02	00:59:28.484	0.93320				2
2025.07.02	00:59:36.454	0.93321	0.93426			6
2025.07.02	00:59:39.519	0.93322				2
2025.07.02	00:59:42.805	0.93321				2
2025.07.02	00:59:44.389	0.93322				2
2025.07.02	00:59:46.812	0.93321				2
2025.07.02	00:59:51.452		0.93425			4
2025.07.02	00:59:51.754	0.93320				2
2025.07.02	01:00:00.118	0.93319				2
2025.07.02	01:00:00.419	0.93327	0.93424			6
2025.07.02	01:00:01.044	0.93329	0.93422			6
2025.07.02	01:00:01.347	0.93332	0.93419			6
2025.07.02	01:00:01.660	0.93336	0.93412			6
2025.07.02	01:00:01.992		0.93415			4
2025.07.02	01:00:02.682	0.93284	0.93445			6
2025.07.02	01:00:03.289		0.93444			4
2025.07.02	01:00:03.896	0.93285	0.93463			6
2025.07.02	01:00:04.500	0.93286	0.93462			6
2025.07.02	01:00:05.105	0.93336	0.93410			6
2025.07.02	01:00:06.454	0.93338	0.93408			6
2025.07.02	01:00:06.818	0.93340				2
2025.07.02	01:00:07.120	0.93333	0.93423			6
2025.07.02	01:00:07.483		0.93422			4
2025.07.02	01:00:07.825	0.93347	0.93410			6
2025.07.02	01:00:08.132	0.93344				2
2025.07.02	01:00:08.564	0.93342				2
2025.07.02	01:00:11.118		0.93408			4
2025.07.02	01:00:12.932	0.93348	0.93414			6
2025.07.02	01:00:13.249	0.93350	0.93410			6
2025.07.02	01:00:13.707	0.93352	0.93407			6
2025.07.02	01:00:14.464	0.93360	0.93404			6
2025.07.02	01:00:14.792	0.93366	0.93408			6
2025.07.02	01:00:15.104	0.93367				2
2025.07.02	01:00:15.446	0.93370	0.93410			6
2025.07.02	01:00:15.813	0.93371	0.93408			6
2025.07.02	01:00:16.576	0.93372				2
2025.07.02	01:00:17.009	0.93373	0.93405			6
2025.07.02	01:00:18.578	0.93358	0.93407			6
2025.07.02	01:00:20.278	0.93362	0.93406			6
2025.07.02	01:00:20.618	0.93357	0.93407			6
2025.07.02	01:00:20.943	0.93358				2
2025.07.02	01:00:21.278	0.93359				2
2025.07.02	01:00:21.687	0.93358				2
2025.07.02	01:00:25.603	0.93362	0.93406			6
2025.07.02	01:00:26.331	0.93363				2
2025.07.02	01:00:27.111		0.93396			4
2025.07.02	01:00:28.383		0.93397			4
2025.07.02	01:00:36.136	0.93362	0.93399			6
2025.07.02	01:00:37.486	0.93364				2
2025.07.02	01:00:41.185		0.93402			4
2025.07.02	01:00:41.533		0.93406			4
2025.07.02	01:00:41.934	0.93365	0.93393			6
2025.07.02	01:00:42.384		0.93400			4
2025.07.02	01:00:43.182	0.93364	0.93393			6
2025.07.02	01:00:43.812	0.93367				2
2025.07.02	01:00:44.718	0.93368				2
2025.07.02	01:00:45.691	0.93365				2
2025.07.02	01:00:48.721	0.93363	0.93399			6
2025.07.02	01:00:49.152	0.93382	0.93397			6
2025.07.02	01:00:49.463	0.93375				2
2025.07.02	01:00:49.784		0.93396			4
2025.07.02	01:00:50.242		0.93398			4
2025.07.02	01:00:51.119		0.93404			4
2025.07.02	01:00:52.077	0.93371	0.93403			6
2025.07.02	01:00:54.716	0.93370	0.93401			6
2025.07.02	01:01:00.306	0.93372				2
2025.07.02	01:01:00.758		0.93399			4
2025.07.02	01:01:01.086		0.93395			4
2025.07.02	01:01:02.084		0.93398			4
2025.07.02	01:01:03.435		0.93395			4
2025.07.02	01:01:04.195		0.93398			4
2025.07.02	01:01:07.261	0.93369	0.93396			6
2025.07.02	01:01:13.613		0.93397			4
2025.07.02	01:01:14.447		0.93399			4
2025.07.02	01:01:20.709		0.93397			4
2025.07.02	01:01:23.683	0.93371				2
2025.07.02	01:01:24.034	0.93368	0.93395			6
2025.07.02	01:01:24.822	0.93369				2
2025.07.02	01:01:26.400	0.93373	0.93398			6
2025.07.02	01:01:28.250	0.93376	0.93401			6
2025.07.02	01:01:29.093	0.93377				2
2025.07.02	01:01:31.673	0.93380	0.93403			6
2025.07.02	01:01:33.972	0.93385	0.93407			6
2025.07.02	01:01:34.286	0.93384				2
2025.07.02	01:01:36.348	0.93386				2
2025.07.02	01:01:37.574	0.93387	0.93406			6
2025.07.02	01:01:38.079		0.93407			4
2025.07.02	01:01:38.476	0.93386				2
2025.07.02	01:01:39.583	0.93385				2
2025.07.02	01:01:40.692	0.93386				2
2025.07.02	01:01:43.101	0.93384	0.93406			6
2025.07.02	01:01:44.148	0.93383	0.93405			6
2025.07.02	01:01:45.378	0.93382				2
2025.07.02	01:01:45.679	0.93381	0.93406			6
2025.07.02	01:01:46.243	0.93383				2
2025.07.02	01:01:46.607		0.93405			4
2025.07.02	01:01:56.611		0.93407			4
2025.07.02	01:01:57.424		0.93408			4
2025.07.02	01:02:01.185	0.93383				2
2025.07.02	01:02:10.185		0.93407			4
2025.07.02	01:02:11.382	0.93384				2
2025.07.02	01:02:15.073	0.93382				2
2025.07.02	01:02:20.945		0.93406			4
2025.07.02	01:02:28.357	0.93383	0.93408			6
2025.07.02	01:02:31.851		0.93404			4
2025.07.02	01:02:36.141		0.93405			4
2025.07.02	01:02:36.680	0.93384				2
2025.07.02	01:02:39.695	0.93378	0.93404			6
2025.07.02	01:02:40.360	0.93377				2
2025.07.02	01:02:40.670		0.93403			4
2025.07.02	01:02:45.745	0.93376				2
2025.07.02	01:02:47.877		0.93401			4
2025.07.02	01:02:50.431	0.93377	0.93403			6
2025.07.02	01:02:50.830	0.93375				2
2025.07.02	01:02:51.569	0.93374				2
2025.07.02	01:02:54.871	0.93375				2
2025.07.02	01:02:55.244	0.93374				2
2025.07.02	01:02:55.569	0.93373				2
2025.07.02	01:02:57.144	0.93374	0.93401			6
2025.07.02	01:02:58.559	0.93372				2
2025.07.02	01:02:58.883		0.93400			4
2025.07.02	01:03:00.585	0.93372				2
2025.07.02	01:03:01.845		0.93401			4
2025.07.02	01:03:02.963	0.93371	0.93400			6
2025.07.02	01:03:06.645	0.93370				2
2025.07.02	01:03:07.582	0.93369				2
2025.07.02	01:03:08.507	0.93370				2
2025.07.02	01:03:14.388	0.93373	0.93402			6
2025.07.02	01:03:14.983	0.93375				2
2025.07.02	01:03:15.382	0.93376				2
2025.07.02	01:03:16.351	0.93374				2
2025.07.02	01:03:16.846		0.93403			4
2025.07.02	01:03:18.869	0.93373	0.93404			6
2025.07.02	01:03:19.203		0.93403			4
2025.07.02	01:03:21.506	0.93372				2
2025.07.02	01:03:22.539	0.93373				2
2025.07.02	01:03:24.585	0.93372				2
2025.07.02	01:03:26.085	0.93373				2
2025.07.02	01:03:27.884	0.93372				2
2025.07.02	01:03:30.076		0.93404			4
2025.07.02	01:03:31.801		0.93403			4
2025.07.02	01:03:34.067	0.93374				2
2025.07.02	01:03:34.484	0.93373				2
2025.07.02	01:03:36.762	0.93372				2
2025.07.02	01:03:37.830	0.93373				2
2025.07.02	01:03:41.926	0.93375				2
2025.07.02	01:03:43.168	0.93373				2
2025.07.02	01:03:44.889	0.93372				2
2025.07.02	01:03:47.383	0.93374				2
2025.07.02	01:03:52.355	0.93372				2
2025.07.02	01:04:01.182	0.93372				2
2025.07.02	01:04:01.845		0.93402			4
2025.07.02	01:04:02.383	0.93371				2
2025.07.02	01:04:07.187		0.93403			4
2025.07.02	01:04:07.507		0.93402			4
2025.07.02	01:04:10.162		0.93403			4
2025.07.02	01:04:21.485	0.93370	0.93400			6
2025.07.02	01:04:28.866		0.93398			4
2025.07.02	01:04:34.523	0.93369				2
2025.07.02	01:04:39.018	0.93370				2
2025.07.02	01:04:45.283		0.93400			4
2025.07.02	01:04:50.896	0.93371				2
2025.07.02	01:04:51.411	0.93375	0.93403			6
2025.07.02	01:04:51.724		0.93404			4
2025.07.02	01:05:00.373	0.93375				2
2025.07.02	01:05:16.219	0.93369	0.93400			6
2025.07.02	01:05:16.739		0.93399			4
2025.07.02	01:05:18.281		0.93400			4
2025.07.02	01:05:20.764		0.93399			4
2025.07.02	01:05:23.550		0.93400			4
2025.07.02	01:05:28.996	0.93368	0.93399			6
2025.07.02	01:05:31.782		0.93400			4
2025.07.02	01:05:33.979	0.93370	0.93402			6
2025.07.02	01:05:35.141	0.93372				2
2025.07.02	01:05:57.604		0.93401			4
2025.07.02	01:05:58.348		0.93402			4
2025.07.02	01:05:59.380		0.93400			4
2025.07.02	01:06:00.165	0.93372	0.93399			6
2025.07.02	01:06:00.478	0.93371	0.93398			6
2025.07.02	01:06:02.990		0.93400			4
2025.07.02	01:06:16.954		0.93399			4
2025.07.02	01:06:19.486		0.93400			4
2025.07.02	01:06:30.725		0.93399			4
2025.07.02	01:06:31.165		0.93398			4
2025.07.02	01:06:51.429		0.93399			4
2025.07.02	01:06:55.165	0.93375	0.93402			6
2025.07.02	01:06:57.375	0.93374				2
2025.07.02	01:07:01.048	0.93374				2
2025.07.02	01:07:12.883	0.93375				2
2025.07.02	01:07:26.381	0.93376	0.93404			6
2025.07.02	01:07:27.881	0.93377				2
2025.07.02	01:07:39.836	0.93375	0.93402			6
2025.07.02	01:07:40.545	0.93376				2
2025.07.02	01:07:42.204	0.93375				2
2025.07.02	01:07:45.494		0.93401			4
2025.07.02	01:07:47.388	0.93374				2
2025.07.02	01:07:52.181	0.93375				2
2025.07.02	01:07:53.682	0.93374				2
2025.07.02	01:07:57.618	0.93376	0.93402			6
2025.07.02	01:08:00.491	0.93376				2
2025.07.02	01:08:04.382		0.93401			4
2025.07.02	01:08:04.784	0.93377	0.93403			6
2025.07.02	01:08:06.163	0.93376	0.93401			6
2025.07.02	01:08:18.309	0.93377	0.93403			6
2025.07.02	01:08:22.727		0.93402			4
2025.07.02	01:08:23.082	0.93376				2
2025.07.02	01:08:47.304	0.93375	0.93401			6
2025.07.02	01:09:02.683	0.93375				2
2025.07.02	01:09:09.885	0.93376				2
2025.07.02	01:09:25.378	0.93379	0.93405			6
2025.07.02	01:09:33.269	0.93378				2
2025.07.02	01:09:34.347	0.93379				2
2025.07.02	01:09:43.694		0.93406			4
2025.07.02	01:09:49.409		0.93405			4
2025.07.02	01:09:53.182	0.93378				2
2025.07.02	01:10:00.618	0.93378				2
2025.07.02	01:10:34.038	0.93379	0.93407			6
2025.07.02	01:10:34.339	0.93380	0.93410			6
2025.07.02	01:10:39.517	0.93382				2
2025.07.02	01:10:41.566		0.93412			4
2025.07.02	01:10:42.283		0.93411			4
2025.07.02	01:10:47.526	0.93381	0.93408			6
2025.07.02	01:10:48.819		0.93407			4
2025.07.02	01:10:49.784	0.93380				2
2025.07.02	01:10:53.890	0.93381	0.93411			6
2025.07.02	01:10:55.455	0.93382				2
2025.07.02	01:10:56.679		0.93410			4
2025.07.02	01:11:00.042	0.93381				2
2025.07.02	01:11:03.284	0.93378	0.93404			6
2025.07.02	01:11:08.757	0.93377				2
2025.07.02	01:11:10.786	0.93378				2
2025.07.02	01:11:12.583	0.93377				2
2025.07.02	01:11:14.766	0.93376	0.93402			6
2025.07.02	01:11:15.828		0.93401			4
2025.07.02	01:11:18.582	0.93375				2
2025.07.02	01:11:50.588	0.93374	0.93399			6
2025.07.02	01:12:01.560	0.93374				2
2025.07.02	01:12:10.980	0.93376	0.93402			6
2025.07.02	01:12:12.345	0.93379	0.93405			6
2025.07.02	01:12:12.670		0.93406			4
2025.07.02	01:12:14.824		0.93405			4
2025.07.02	01:12:26.685	0.93380				2
2025.07.02	01:12:34.188	0.93379				2
2025.07.02	01:12:45.383		0.93406			4
2025.07.02	01:12:48.882	0.93380				2
2025.07.02	01:12:52.781	0.93379				2
2025.07.02	01:13:00.964	0.93380	0.93405			6
2025.07.02	01:13:01.423	0.93379				2
2025.07.02	01:13:14.326	0.93380	0.93406			6
2025.07.02	01:13:31.957	0.93381				2
2025.07.02	01:13:39.244	0.93378	0.93403			6
2025.07.02	01:13:44.445		0.93402			4
2025.07.02	01:13:46.477		0.93400			4
2025.07.02	01:13:49.500	0.93374				2
2025.07.02	01:14:00.283	0.93374				2
2025.07.02	01:14:29.532	0.93377	0.93403			6
2025.07.02	01:14:32.091	0.93378	0.93401			6
2025.07.02	01:14:41.502	0.93376	0.93399			6
2025.07.02	01:14:42.144	0.93378	0.93400			6
2025.07.02	01:14:45.710		0.93401			4
2025.07.02	01:14:46.199	0.93379	0.93402			6
2025.07.02	01:14:47.135	0.93380	0.93403			6
2025.07.02	01:14:50.091	0.93379	0.93402			6
2025.07.02	01:14:51.600	0.93378	0.93401			6
2025.07.02	01:14:59.171	0.93377	0.93402			6
2025.07.02	01:15:00.374	0.93377				2
2025.07.02	01:15:02.404	0.93376	0.93401			6
2025.07.02	01:15:02.713	0.93377	0.93402			6
2025.07.02	01:15:03.062		0.93403			4
2025.07.02	01:15:05.720	0.93376				2
2025.07.02	01:15:06.134	0.93377				2
2025.07.02	01:15:06.521	0.93379				2
2025.07.02	01:15:07.742	0.93376				2
2025.07.02	01:15:08.089		0.93402			4
2025.07.02	01:15:11.654	0.93375				2
2025.07.02	01:15:18.659	0.93374	0.93401			6
2025.07.02	01:15:20.825		0.93400			4
2025.07.02	01:15:24.702	0.93373	0.93399			6
2025.07.02	01:15:26.774	0.93372	0.93397			6
2025.07.02	01:15:36.437		0.93396			4
2025.07.02	01:15:44.078		0.93393			4
2025.07.02	01:15:46.230		0.93394			4
2025.07.02	01:15:46.559	0.93375	0.93399			6
2025.07.02	01:15:47.601	0.93374				2
2025.07.02	01:15:49.213	0.93375				2
2025.07.02	01:15:49.645		0.93400			4
2025.07.02	01:15:50.222	0.93377	0.93404			6
2025.07.02	01:15:51.238	0.93376	0.93400			6
2025.07.02	01:15:54.258		0.93399			4
2025.07.02	01:15:55.045		0.93400			4
2025.07.02	01:15:57.319		0.93403			4
2025.07.02	01:15:58.356		0.93400			4
2025.07.02	01:15:59.414	0.93377				2
2025.07.02	01:15:59.751	0.93376				2
2025.07.02	01:16:00.654	0.93376				2
2025.07.02	01:16:03.726	0.93377				2
2025.07.02	01:16:05.642	0.93376				2
2025.07.02	01:16:15.582		0.93397			4
2025.07.02	01:16:18.361	0.93382	0.93404			6
2025.07.02	01:16:19.494	0.93383				2
2025.07.02	01:16:20.712	0.93382	0.93405			6
2025.07.02	01:16:22.356	0.93383				2
2025.07.02	01:16:22.672	0.93382				2
2025.07.02	01:16:23.064		0.93403			4
2025.07.02	01:16:24.229	0.93384	0.93404			6
2025.07.02	01:16:25.377	0.93383				2
2025.07.02	01:16:27.887	0.93384	0.93405			6
2025.07.02	01:16:30.885	0.93385				2
2025.07.02	01:16:31.218	0.93384				2
2025.07.02	01:16:31.808	0.93381	0.93403			6
2025.07.02	01:16:33.238	0.93383	0.93404			6
2025.07.02	01:16:34.432		0.93405			4
2025.07.02	01:16:40.177		0.93404			4
2025.07.02	01:16:41.086	0.93382				2
2025.07.02	01:16:41.516	0.93383				2
2025.07.02	01:16:43.505	0.93382	0.93402			6
2025.07.02	01:16:46.032	0.93381				2
2025.07.02	01:16:48.378	0.93383	0.93406			6
2025.07.02	01:16:48.678	0.93384				2
2025.07.02	01:16:49.111	0.93383				2
2025.07.02	01:16:50.587	0.93384				2
2025.07.02	01:16:53.119	0.93385	0.93405			6
2025.07.02	01:16:53.420	0.93384				2
2025.07.02	01:16:58.121		0.93406			4
2025.07.02	01:16:58.782	0.93385				2
2025.07.02	01:17:00.324	0.93385				2
2025.07.02	01:17:01.421	0.93384				2
2025.07.02	01:17:03.147	0.93385				2
2025.07.02	01:17:12.533	0.93389	0.93411			6
2025.07.02	01:17:12.842	0.93390	0.93410			6
2025.07.02	01:17:13.474		0.93411			4
2025.07.02	01:17:15.773		0.93410			4
2025.07.02	01:17:20.359		0.93411			4
2025.07.02	01:17:25.911	0.93389				2
2025.07.02	01:17:26.264	0.93390				2
2025.07.02	01:17:28.030	0.93391				2
2025.07.02	01:17:28.340	0.93392	0.93413			6
2025.07.02	01:17:28.682	0.93391				2
2025.07.02	01:17:29.001	0.93392				2
2025.07.02	01:17:29.512	0.93393				2
2025.07.02	01:17:29.892	0.93392				2
2025.07.02	01:17:30.210		0.93412			4
2025.07.02	01:17:30.540		0.93413			4
2025.07.02	01:17:30.853		0.93414			4
2025.07.02	01:17:31.768	0.93393				2
2025.07.02	01:17:32.832	0.93392				2
2025.07.02	01:17:33.873	0.93393				2
2025.07.02	01:17:35.680	0.93392				2
2025.07.02	01:17:36.954	0.93393				2
2025.07.02	01:17:38.050	0.93392				2
2025.07.02	01:17:38.423	0.93393				2
2025.07.02	01:17:38.888	0.93391	0.93411			6
2025.07.02	01:17:40.121	0.93390				2
2025.07.02	01:17:44.317	0.93391				2
2025.07.02	01:17:44.621	0.93390				2
2025.07.02	01:17:49.488	0.93391				2
2025.07.02	01:17:50.381	0.93390				2
2025.07.02	01:17:51.978	0.93391				2
2025.07.02	01:17:52.529	0.93393	0.93413			6
2025.07.02	01:17:59.588	0.93391				2
2025.07.02	01:17:59.909		0.93412			4
2025.07.02	01:18:00.605	0.93392	0.93413			6
2025.07.02	01:18:01.622	0.93391				2
2025.07.02	01:18:02.752	0.93390	0.93412			6
2025.07.02	01:18:03.062		0.93410			4
2025.07.02	01:18:12.881	0.93389				2
2025.07.02	01:18:18.590	0.93390				2
2025.07.02	01:18:19.624	0.93389				2
2025.07.02	01:18:26.382	0.93390				2
2025.07.02	01:18:26.745	0.93389				2
2025.07.02	01:18:28.456	0.93390				2
2025.07.02	01:18:28.818	0.93389				2
2025.07.02	01:18:29.475	0.93390				2
2025.07.02	01:18:29.855	0.93389				2
2025.07.02	01:18:41.586	0.93390				2
2025.07.02	01:18:50.333	0.93388	0.93408			6
2025.07.02	01:18:50.680	0.93389				2
2025.07.02	01:18:52.355	0.93388				2
2025.07.02	01:19:00.283	0.93388				2
2025.07.02	01:19:04.540	0.93386	0.93405			6
2025.07.02	01:19:13.122		0.93406			4
2025.07.02	01:19:34.754	0.93384	0.93405			6
2025.07.02	01:19:35.990	0.93385				2
2025.07.02	01:19:40.958	0.93384				2
2025.07.02	01:19:47.132	0.93385				2
2025.07.02	01:19:47.917	0.93384				2
2025.07.02	01:19:48.559	0.93385				2
2025.07.02	01:19:48.898	0.93384				2
2025.07.02	01:19:49.638	0.93385				2
2025.07.02	01:19:54.677	0.93384				2
2025.07.02	01:19:55.004	0.93385				2
2025.07.02	01:19:55.322	0.93384				2
2025.07.02	01:20:00.393	0.93383	0.93403			6
2025.07.02	01:20:01.385	0.93384				2
2025.07.02	01:20:01.686	0.93383				2
2025.07.02	01:20:03.720	0.93384				2
2025.07.02	01:20:04.081	0.93382	0.93402			6
2025.07.02	01:20:10.393	0.93383	0.93405			6
2025.07.02	01:20:10.746	0.93384	0.93404			6
2025.07.02	01:20:11.086	0.93383	0.93405			6
2025.07.02	01:20:12.102		0.93404			4
2025.07.02	01:20:20.157	0.93384				2
2025.07.02	01:20:20.464	0.93383				2
2025.07.02	01:20:22.189	0.93384				2
2025.07.02	01:20:22.536	0.93383				2
2025.07.02	01:20:24.174	0.93385	0.93406			6
2025.07.02	01:20:24.477	0.93384				2
2025.07.02	01:20:25.122		0.93405			4
2025.07.02	01:20:25.470	0.93383				2
2025.07.02	01:20:32.381	0.93384	0.93404			6
2025.07.02	01:20:33.280	0.93383	0.93405			6
2025.07.02	01:20:33.671	0.93384	0.93404			6
2025.07.02	01:20:35.186		0.93406			4
2025.07.02	01:20:35.525	0.93385	0.93405			6
2025.07.02	01:20:35.874	0.93384	0.93406			6
2025.07.02	01:20:36.186	0.93383	0.93401			6
2025.07.02	01:20:38.714	0.93384	0.93403			6
2025.07.02	01:20:49.441	0.93385				2
2025.07.02	01:20:51.252	0.93383				2
2025.07.02	01:20:54.515	0.93385				2
2025.07.02	01:20:58.830	0.93383				2
2025.07.02	01:20:59.185	0.93385				2
2025.07.02	01:21:00.219	0.93385				2
2025.07.02	01:21:00.573	0.93383				2
2025.07.02	01:21:06.828	0.93384				2
2025.07.02	01:21:08.622	0.93385	0.93404			6
2025.07.02	01:21:14.909	0.93386	0.93406			6
2025.07.02	01:21:16.973	0.93385				2
2025.07.02	01:21:17.900	0.93386				2
2025.07.02	01:21:29.625	0.93385				2
2025.07.02	01:21:30.530	0.93386				2
2025.07.02	01:21:34.672	0.93385				2
2025.07.02	01:21:35.711	0.93386				2
2025.07.02	01:21:37.782		0.93407			4
2025.07.02	01:21:43.998	0.93385	0.93408			6
2025.07.02	01:21:45.003	0.93384	0.93403			6
2025.07.02	01:21:49.122	0.93382	0.93401			6
2025.07.02	01:22:00.373	0.93382				2
2025.07.02	01:22:06.336		0.93402			4
2025.07.02	01:22:07.029		0.93401			4
2025.07.02	01:22:17.777		0.93402			4
2025.07.02	01:22:18.452		0.93401			4
2025.07.02	01:22:20.082		0.93402			4
2025.07.02	01:22:20.463		0.93401			4
2025.07.02	01:22:20.982		0.93402			4
2025.07.02	01:22:23.477	0.93381	0.93401			6
2025.07.02	01:22:24.282	0.93380				2
2025.07.02	01:22:24.601	0.93381	0.93402			6
2025.07.02	01:22:27.312		0.93401			4
2025.07.02	01:22:30.439		0.93403			4
2025.07.02	01:22:31.139		0.93404			4
2025.07.02	01:22:33.910	0.93380				2
2025.07.02	01:22:35.816		0.93399			4
2025.07.02	01:22:36.458	0.93379				2
2025.07.02	01:22:37.769	0.93380	0.93400			6
2025.07.02	01:22:38.145	0.93379				2
2025.07.02	01:22:39.881	0.93380	0.93401			6
2025.07.02	01:22:41.940	0.93381				2
2025.07.02	01:22:47.411	0.93382				2
2025.07.02	01:22:48.353		0.93402			4
2025.07.02	01:22:48.881		0.93401			4
2025.07.02	01:22:49.278		0.93400			4
2025.07.02	01:22:50.452	0.93383	0.93402			6
2025.07.02	01:22:53.081		0.93401			4
2025.07.02	01:22:57.274		0.93402			4
2025.07.02	01:22:57.950	0.93382	0.93401			6
2025.07.02	01:22:58.573	0.93383	0.93402			6
2025.07.02	01:23:00.213	0.93382	0.93401			6
2025.07.02	01:23:00.584	0.93383	0.93402			6
2025.07.02	01:23:01.032	0.93382				2
2025.07.02	01:23:02.327	0.93383				2
2025.07.02	01:23:03.292		0.93401			4
2025.07.02	01:23:04.378	0.93382				2
2025.07.02	01:23:05.410	0.93383				2
2025.07.02	01:23:07.248	0.93382	0.93402			6
2025.07.02	01:23:07.558	0.93383	0.93401			6
2025.07.02	01:23:11.247		0.93402			4
2025.07.02	01:23:11.682		0.93401			4
2025.07.02	01:23:17.198		0.93402			4
2025.07.02	01:23:17.635		0.93401			4
2025.07.02	01:23:18.282	0.93382	0.93402			6
2025.07.02	01:23:18.673	0.93383	0.93401			6
2025.07.02	01:23:19.208		0.93402			4
2025.07.02	01:23:19.575		0.93401			4
2025.07.02	01:23:20.619		0.93402			4
2025.07.02	01:23:21.771		0.93401			4
2025.07.02	01:23:33.311	0.93381	0.93400			6
2025.07.02	01:23:33.620	0.93382				2
2025.07.02	01:23:36.696	0.93383				2
2025.07.02	01:23:37.151	0.93382				2
2025.07.02	01:23:42.281	0.93383				2
2025.07.02	01:23:46.194	0.93382				2
2025.07.02	01:23:54.780	0.93383				2
2025.07.02	01:23:55.125	0.93382				2
2025.07.02	01:23:58.557	0.93383				2
2025.07.02	01:24:00.619	0.93383				2
2025.07.02	01:24:01.193	0.93382				2
2025.07.02	01:24:02.909	0.93383				2
2025.07.02	01:24:03.369	0.93382				2
2025.07.02	01:24:05.426	0.93383				2
2025.07.02	01:24:06.113	0.93382				2
2025.07.02	01:24:06.917	0.93383				2
2025.07.02	01:24:07.945	0.93382				2
2025.07.02	01:24:09.321	0.93383				2
2025.07.02	01:24:10.653	0.93382				2
2025.07.02	01:24:11.037	0.93383				2
2025.07.02	01:24:11.380	0.93382				2
2025.07.02	01:24:11.955	0.93383				2
2025.07.02	01:24:33.587		0.93400			4
2025.07.02	01:24:34.033		0.93402			4
2025.07.02	01:24:36.841	0.93384				2
2025.07.02	01:24:37.432	0.93383				2
2025.07.02	01:24:38.975	0.93384				2
2025.07.02	01:24:39.583	0.93383				2
2025.07.02	01:24:41.049	0.93384				2
2025.07.02	01:24:41.684	0.93383				2
2025.07.02	01:24:42.083	0.93384				2
2025.07.02	01:24:42.583	0.93383				2
2025.07.02	01:24:44.154	0.93384				2
2025.07.02	01:24:44.681	0.93383				2
2025.07.02	01:24:44.997	0.93384				2
2025.07.02	01:24:45.492	0.93383				2
2025.07.02	01:24:46.203	0.93384				2
2025.07.02	01:24:46.785	0.93383				2
2025.07.02	01:24:48.299	0.93384				2
2025.07.02	01:24:48.882	0.93383				2
2025.07.02	01:24:50.371	0.93384				2
2025.07.02	01:24:50.983	0.93383				2
2025.07.02	01:24:54.514	0.93384				2
2025.07.02	01:24:55.564		0.93403			4
2025.07.02	01:24:55.957	0.93385				2
2025.07.02	01:24:57.759	0.93381	0.93399			6
2025.07.02	01:24:59.050	0.93380				2
2025.07.02	01:24:59.677	0.93381				2
2025.07.02	01:25:00.149	0.93381				2
2025.07.02	01:25:01.124		0.93398			4
2025.07.02	01:25:05.788		0.93399			4
2025.07.02	01:25:06.883	0.93380				2
2025.07.02	01:25:07.206	0.93382	0.93400			6
2025.07.02	01:25:07.574		0.93401			4
2025.07.02	01:25:08.696	0.93383				2
2025.07.02	01:25:11.353	0.93384				2
2025.07.02	01:25:11.724	0.93382	0.93400			6
2025.07.02	01:25:12.485	0.93383				2
2025.07.02	01:25:16.075		0.93401			4
2025.07.02	01:25:19.897	0.93382				2
2025.07.02	01:25:20.199		0.93400			4
2025.07.02	01:25:20.656	0.93383				2
2025.07.02	01:25:23.006	0.93382				2
2025.07.02	01:25:23.462	0.93383				2
2025.07.02	01:25:27.410		0.93401			4
2025.07.02	01:25:30.384		0.93402			4
2025.07.02	01:25:37.555	0.93382				2
2025.07.02	01:25:37.969	0.93383				2
2025.07.02	01:25:40.663	0.93382				2
2025.07.02	01:25:41.079	0.93383				2
2025.07.02	01:25:43.783	0.93382				2
2025.07.02	01:25:44.182	0.93383				2
2025.07.02	01:25:45.883	0.93382				2
2025.07.02	01:25:46.256	0.93383				2
2025.07.02	01:25:51.887	0.93384				2
2025.07.02	01:25:53.538	0.93383				2
2025.07.02	01:25:55.644	0.93384				2
2025.07.02	01:25:57.282	0.93383				2
2025.07.02	01:25:58.751	0.93384				2
2025.07.02	01:26:00.358	0.93384				2
2025.07.02	01:26:01.414	0.93383				2
2025.07.02	01:26:04.972	0.93384				2
2025.07.02	01:26:05.684	0.93383				2
2025.07.02	01:26:07.039	0.93384				2
2025.07.02	01:26:07.486	0.93383				2
2025.07.02	01:26:10.147	0.93384				2
2025.07.02	01:26:10.782	0.93383				2
2025.07.02	01:26:11.183	0.93384				2
2025.07.02	01:26:11.689	0.93383				2
2025.07.02	01:26:12.222	0.93384				2
2025.07.02	01:26:12.882	0.93383				2
2025.07.02	01:26:13.261	0.93384				2
2025.07.02	01:26:13.783	0.93383				2
2025.07.02	01:26:14.294	0.93384				2
2025.07.02	01:26:14.984	0.93383				2
2025.07.02	01:26:18.439	0.93384				2
2025.07.02	01:26:18.886	0.93383				2
2025.07.02	01:26:19.474	0.93384				2
2025.07.02	01:26:20.084	0.93383				2
2025.07.02	01:26:20.617	0.93384				2
2025.07.02	01:26:20.982	0.93383				2
2025.07.02	01:26:22.585	0.93384				2
2025.07.02	01:26:28.488	0.93383				2
2025.07.02	01:26:29.834	0.93384				2
2025.07.02	01:26:31.471		0.93402			4
2025.07.02	01:26:37.784	0.93383				2
2025.07.02	01:26:39.160	0.93384				2
2025.07.02	01:26:39.591	0.93383				2
2025.07.02	01:26:41.237	0.93384				2
2025.07.02	01:26:47.084	0.93386	0.93404			6
2025.07.02	01:26:47.449	0.93385	0.93403			6
2025.07.02	01:26:49.707	0.93384				2
2025.07.02	01:26:57.365	0.93385				2
2025.07.02	01:26:58.166	0.93384				2
2025.07.02	01:26:58.524	0.93385				2
2025.07.02	01:26:59.434	0.93384				2
2025.07.02	01:27:00.468	0.93384				2
2025.07.02	01:27:02.638	0.93385				2
2025.07.02	01:27:05.715		0.93402			4
2025.07.02	01:27:06.686		0.93403			4
2025.07.02	01:27:09.852		0.93402			4
2025.07.02	01:27:11.024	0.93384	0.93401			6
2025.07.02	01:27:14.759		0.93402			4
2025.07.02	01:27:15.171		0.93401			4
2025.07.02	01:27:29.760	0.93385	0.93403			6
2025.07.02	01:27:30.079		0.93404			4
2025.07.02	01:27:30.715	0.93384				2
2025.07.02	01:27:32.074	0.93385				2
2025.07.02	01:27:34.643	0.93382	0.93399			6
2025.07.02	01:27:34.967		0.93398			4
2025.07.02	01:27:51.283		0.93396			4
2025.07.02	01:27:51.602	0.93381	0.93398			6
2025.07.02	01:27:51.979		0.93397			4
2025.07.02	01:27:55.190		0.93398			4
2025.07.02	01:28:00.360	0.93381				2
2025.07.02	01:28:01.715	0.93382	0.93399			6
2025.07.02	01:28:09.777		0.93400			4
2025.07.02	01:28:10.759	0.93383				2
2025.07.02	01:28:12.282	0.93382				2
2025.07.02	01:28:15.023		0.93399			4
2025.07.02	01:28:16.173	0.93383				2
2025.07.02	01:28:19.279	0.93382				2
2025.07.02	01:28:22.183	0.93383				2
2025.07.02	01:28:22.523	0.93382				2
2025.07.02	01:28:23.768	0.93381				2
2025.07.02	01:28:24.340	0.93382				2
2025.07.02	01:28:37.758	0.93383				2
2025.07.02	01:28:38.063	0.93382				2
2025.07.02	01:28:43.886	0.93383				2
2025.07.02	01:28:44.279	0.93382				2
2025.07.02	01:28:47.967	0.93383				2
2025.07.02	01:28:48.298	0.93382				2
2025.07.02	01:28:50.082		0.93398			4
2025.07.02	01:28:50.491		0.93399			4
2025.07.02	01:28:51.897	0.93381				2
2025.07.02	01:28:52.314	0.93382				2
2025.07.02	01:28:53.220		0.93398			4
2025.07.02	01:28:53.607		0.93399			4
2025.07.02	01:28:56.390		0.93398			4
2025.07.02	01:28:56.715		0.93399			4
2025.07.02	01:29:00.404	0.93381				2
2025.07.02	01:29:01.446	0.93382				2
2025.07.02	01:29:02.984		0.93400			4
2025.07.02	01:29:03.450	0.93383	0.93399			6
2025.07.02	01:29:03.774	0.93382				2
2025.07.02	01:29:07.071	0.93383				2
2025.07.02	01:29:07.387	0.93382				2
2025.07.02	01:29:09.907	0.93383				2
2025.07.02	01:29:10.316	0.93382	0.93398			6
2025.07.02	01:29:12.124	0.93383				2
2025.07.02	01:29:16.270	0.93382				2
2025.07.02	01:29:17.308	0.93383				2
2025.07.02	01:29:24.557		0.93399			4
2025.07.02	01:29:26.806	0.93382	0.93398			6
2025.07.02	01:29:27.118	0.93383	0.93401			6
2025.07.02	01:29:28.164		0.93400			4
2025.07.02	01:29:29.206		0.93401			4
2025.07.02	01:29:30.698	0.93390	0.93406			6
2025.07.02	01:29:31.391	0.93391	0.93408			6
2025.07.02	01:29:33.495		0.93407			4
2025.07.02	01:29:34.270	0.93389	0.93406			6
2025.07.02	01:29:39.431	0.93390	0.93407			6
2025.07.02	01:29:47.653	0.93389	0.93405			6
2025.07.02	01:29:52.916	0.93388				2
2025.07.02	01:29:56.159		0.93406			4
2025.07.02	01:29:56.777	0.93390				2
2025.07.02	01:30:00.029	0.93390	0.93404			6
2025.07.02	01:30:02.064	0.93394	0.93402			6
2025.07.02	01:30:03.276	0.93393	0.93401			6
2025.07.02	01:30:04.789	0.93390	0.93404			6
2025.07.02	01:30:13.750	0.93388				2
2025.07.02	01:30:19.990	0.93389	0.93405			6
2025.07.02	01:30:37.544	0.93384	0.93399			6
2025.07.02	01:30:37.868	0.93385				2
2025.07.02	01:30:38.683		0.93402			4
2025.07.02	01:30:40.187		0.93403			4
2025.07.02	01:30:40.708	0.93384	0.93401			6
2025.07.02	01:30:52.109	0.93385				2
2025.07.02	01:30:53.147	0.93384				2
2025.07.02	01:30:53.669	0.93385	0.93399			6
2025.07.02	01:30:57.808	0.93386				2
2025.07.02	01:31:01.573	0.93385	0.93403			6
2025.07.02	01:31:03.282	0.93386				2
2025.07.02	01:31:05.358	0.93385				2
2025.07.02	01:31:06.147	0.93383	0.93401			6
2025.07.02	01:31:06.704	0.93384				2
2025.07.02	01:31:08.303	0.93383				2
2025.07.02	01:31:08.932	0.93384				2
2025.07.02	01:31:10.182	0.93386	0.93403			6
2025.07.02	01:31:11.414	0.93385				2
2025.07.02	01:31:12.284	0.93386				2
2025.07.02	01:31:13.590	0.93385				2
2025.07.02	01:31:14.681	0.93386				2
2025.07.02	01:31:15.320	0.93380	0.93397			6
2025.07.02	01:31:16.592	0.93381				2
2025.07.02	01:31:17.858	0.93384	0.93400			6
2025.07.02	01:31:18.273	0.93385				2
2025.07.02	01:31:20.035	0.93384				2
2025.07.02	01:31:22.271		0.93401			4
2025.07.02	01:31:22.780	0.93383				2
2025.07.02	01:31:27.600	0.93384				2
2025.07.02	01:31:30.457	0.93385				2
2025.07.02	01:31:32.351	0.93382	0.93398			6
2025.07.02	01:31:34.182	0.93383				2
2025.07.02	01:31:35.381		0.93399			4
2025.07.02	01:31:38.260	0.93384	0.93400			6
2025.07.02	01:31:38.650		0.93401			4
2025.07.02	01:31:40.478		0.93400			4
2025.07.02	01:31:42.283	0.93386	0.93402			6
2025.07.02	01:31:42.628	0.93385	0.93403			6
2025.07.02	01:31:43.503	0.93386				2
2025.07.02	01:31:44.239	0.93385				2
2025.07.02	01:31:44.574	0.93386	0.93402			6
2025.07.02	01:31:44.982		0.93403			4
2025.07.02	01:31:46.659		0.93402			4
2025.07.02	01:31:47.081		0.93403			4
2025.07.02	01:31:47.475	0.93387				2
2025.07.02	01:31:47.973	0.93386				2
2025.07.02	01:31:48.587		0.93404			4
2025.07.02	01:31:49.625	0.93385	0.93402			6
2025.07.02	01:31:50.285		0.93404			4
2025.07.02	01:31:50.833		0.93403			4
2025.07.02	01:31:53.065	0.93386	0.93402			6
2025.07.02	01:31:56.645		0.93403			4
2025.07.02	01:31:58.170		0.93402			4
2025.07.02	01:31:58.758		0.93403			4
2025.07.02	01:31:59.076		0.93402			4
2025.07.02	01:31:59.682	0.93384	0.93401			6
2025.07.02	01:32:00.113	0.93384				2
2025.07.02	01:32:00.887	0.93385	0.93402			6
2025.07.02	01:32:02.318	0.93384				2
2025.07.02	01:32:02.971	0.93385				2
2025.07.02	01:32:03.354	0.93384				2
2025.07.02	01:32:03.824	0.93385				2
2025.07.02	01:32:04.487	0.93384				2
2025.07.02	01:32:05.041	0.93386				2
2025.07.02	01:32:05.383	0.93385				2
2025.07.02	01:32:06.586	0.93384				2
2025.07.02	01:32:07.109	0.93386				2
2025.07.02	01:32:08.382	0.93385				2
2025.07.02	01:32:08.893	0.93388				2
2025.07.02	01:32:10.252		0.93403			4
2025.07.02	01:32:13.482	0.93387	0.93404			6
2025.07.02	01:32:14.322	0.93388	0.93403			6
2025.07.02	01:32:19.319	0.93383	0.93399			6
2025.07.02	01:32:20.769	0.93384				2
2025.07.02	01:32:21.079	0.93383	0.93400			6
2025.07.02	01:32:22.906	0.93384	0.93399			6
2025.07.02	01:32:24.599	0.93383				2
2025.07.02	01:32:24.983	0.93384				2
2025.07.02	01:32:25.627	0.93383				2
2025.07.02	01:32:26.017	0.93384				2
2025.07.02	01:32:26.683	0.93383				2
2025.07.02	01:32:27.056	0.93384				2
2025.07.02	01:32:27.704	0.93383				2
2025.07.02	01:32:28.095	0.93384				2
2025.07.02	01:32:28.735	0.93383				2
2025.07.02	01:32:29.106	0.93384				2
2025.07.02	01:32:30.813	0.93383				2
2025.07.02	01:32:31.198	0.93384				2
2025.07.02	01:32:31.711	0.93383				2
2025.07.02	01:32:32.947	0.93387	0.93400			6
2025.07.02	01:32:33.275		0.93401			4
2025.07.02	01:32:34.046	0.93386				2
2025.07.02	01:32:34.363	0.93387				2
2025.07.02	01:32:41.579	0.93388				2
2025.07.02	01:32:42.206	0.93387				2
2025.07.02	01:32:46.916	0.93388				2
2025.07.02	01:32:47.337	0.93386				2
2025.07.02	01:32:47.960	0.93387				2
2025.07.02	01:32:49.008	0.93388				2
2025.07.02	01:32:49.460	0.93387				2
2025.07.02	01:32:52.948	0.93386				2
2025.07.02	01:32:53.348	0.93387				2
2025.07.02	01:32:55.769	0.93389	0.93406			6
2025.07.02	01:32:56.409	0.93388	0.93403			6
2025.07.02	01:33:00.599	0.93388				2
2025.07.02	01:33:08.762	0.93389				2
2025.07.02	01:33:22.652	0.93390	0.93404			6
2025.07.02	01:33:28.671	0.93389	0.93403			6
2025.07.02	01:33:30.733	0.93390	0.93404			6
2025.07.02	01:33:39.881	0.93389				2
2025.07.02	01:33:48.453	0.93388	0.93403			6
2025.07.02	01:33:49.576		0.93402			4
2025.07.02	01:33:50.213	0.93389	0.93403			6
2025.07.02	01:33:52.413	0.93390	0.93404			6
2025.07.02	01:34:00.450	0.93389	0.93405			6
2025.07.02	01:34:00.882		0.93404			4
2025.07.02	01:34:01.392	0.93388	0.93403			6
2025.07.02	01:34:24.917	0.93393	0.93406			6
2025.07.02	01:34:29.538	0.93392	0.93405			6
2025.07.02	01:34:31.551	0.93394	0.93408			6
2025.07.02	01:34:40.354	0.93392	0.93407			6
2025.07.02	01:34:40.682		0.93406			4
2025.07.02	01:34:41.900		0.93407			4
2025.07.02	01:34:43.788	0.93393				2
2025.07.02	01:34:45.179	0.93392				2
2025.07.02	01:34:50.476	0.93390	0.93404			6
2025.07.02	01:34:52.353	0.93389	0.93405			6
2025.07.02	01:34:52.662		0.93404			4
2025.07.02	01:34:53.082	0.93388	0.93403			6
2025.07.02	01:35:00.871	0.93388				2
2025.07.02	01:35:04.341	0.93389				2
2025.07.02	01:35:04.972		0.93404			4
2025.07.02	01:35:07.026		0.93403			4
2025.07.02	01:35:16.461		0.93404			4
2025.07.02	01:35:17.216		0.93403			4
2025.07.02	01:35:37.254	0.93388				2
2025.07.02	01:35:40.187	0.93389				2
2025.07.02	01:35:44.363		0.93404			4
2025.07.02	01:35:45.238	0.93388	0.93403			6
2025.07.02	01:35:46.453	0.93389	0.93404			6
2025.07.02	01:35:56.434	0.93390	0.93405			6
2025.07.02	01:36:00.234	0.93390				2
2025.07.02	01:36:03.137	0.93389	0.93404			6
2025.07.02	01:36:34.302		0.93403			4
2025.07.02	01:36:47.741	0.93390	0.93405			6
2025.07.02	01:36:48.066	0.93392				2
2025.07.02	01:36:48.494		0.93406			4
2025.07.02	01:36:52.054		0.93405			4
2025.07.02	01:36:56.534		0.93404			4
2025.07.02	01:36:56.840		0.93403			4
2025.07.02	01:36:57.377	0.93391				2
2025.07.02	01:36:57.756		0.93402			4
2025.07.02	01:36:58.160	0.93390				2
2025.07.02	01:36:59.201	0.93388				2
2025.07.02	01:36:59.574	0.93392	0.93406			6
2025.07.02	01:36:59.879	0.93393	0.93407			6
2025.07.02	01:37:00.364	0.93393				2
2025.07.02	01:37:03.611		0.93406			4
2025.07.02	01:37:04.781		0.93407			4
2025.07.02	01:37:30.436	0.93392	0.93406			6
2025.07.02	01:37:33.437	0.93388	0.93403			6
2025.07.02	01:37:33.984	0.93389	0.93404			6
2025.07.02	01:37:41.684	0.93390				2
2025.07.02	01:37:46.603	0.93389	0.93405			6
2025.07.02	01:37:47.721		0.93404			4
2025.07.02	01:37:53.939	0.93390				2
2025.07.02	01:37:56.023	0.93389				2
2025.07.02	01:37:57.315	0.93391	0.93405			6
2025.07.02	01:37:59.923	0.93387	0.93401			6
2025.07.02	01:38:00.225	0.93387				2
2025.07.02	01:38:04.057		0.93402			4
2025.07.02	01:38:10.540	0.93385	0.93398			6
2025.07.02	01:38:11.086	0.93384				2
2025.07.02	01:38:11.594	0.93383				2
2025.07.02	01:38:15.749	0.93382	0.93396			6
2025.07.02	01:38:16.179	0.93381				2
2025.07.02	01:38:18.424		0.93395			4
2025.07.02	01:38:20.202		0.93396			4
2025.07.02	01:38:23.853	0.93380	0.93394			6
2025.07.02	01:38:25.292	0.93379	0.93393			6
2025.07.02	01:38:25.615	0.93382	0.93396			6
2025.07.02	01:38:28.719	0.93381	0.93397			6
2025.07.02	01:38:29.050	0.93382	0.93396			6
2025.07.02	01:38:29.757	0.93381	0.93397			6
2025.07.02	01:38:30.084	0.93382	0.93396			6
2025.07.02	01:38:31.873	0.93381				2
2025.07.02	01:38:33.281		0.93395			4
2025.07.02	01:38:35.949	0.93382	0.93396			6
2025.07.02	01:38:48.652	0.93381				2
2025.07.02	01:38:49.183		0.93395			4
2025.07.02	01:38:49.507	0.93382	0.93396			6
2025.07.02	01:38:50.082	0.93381	0.93395			6
2025.07.02	01:38:50.418		0.93396			4
2025.07.02	01:38:51.584	0.93382				2
2025.07.02	01:38:53.657		0.93395			4
2025.07.02	01:38:56.765		0.93396			4
2025.07.02	01:38:57.799	0.93381	0.93397			6
2025.07.02	01:38:58.124		0.93395			4
2025.07.02	01:38:58.830		0.93396			4
2025.07.02	01:38:59.837		0.93395			4
2025.07.02	01:39:00.488	0.93381				2
2025.07.02	01:39:03.030		0.93396			4
2025.07.02	01:39:04.759	0.93382	0.93395			6
2025.07.02	01:39:06.086	0.93381				2
2025.07.02	01:39:19.558		0.93396			4
2025.07.02	01:39:20.083		0.93395			4
2025.07.02	01:39:20.796		0.93396			4
2025.07.02	01:39:21.099		0.93395			4
2025.07.02	01:39:21.638	0.93382	0.93396			6
2025.07.02	01:39:25.394	0.93381	0.93395			6
2025.07.02	01:39:25.725		0.93396			4
2025.07.02	01:39:26.116		0.93395			4
2025.07.02	01:39:27.282		0.93396			4
2025.07.02	01:39:28.883	0.93382				2
2025.07.02	01:39:29.919	0.93381	0.93395			6
2025.07.02	01:39:30.883		0.93396			4
2025.07.02	01:39:37.077	0.93382	0.93395			6
2025.07.02	01:39:37.508	0.93381				2
2025.07.02	01:39:46.902	0.93383	0.93396			6
2025.07.02	01:39:47.638	0.93384				2
2025.07.02	01:39:48.418	0.93379	0.93393			6
2025.07.02	01:39:52.182	0.93380	0.93394			6
2025.07.02	01:39:52.498	0.93379	0.93393			6
2025.07.02	01:40:00.004	0.93379				2
2025.07.02	01:40:17.274		0.93391			4
2025.07.02	01:40:21.492		0.93392			4
2025.07.02	01:40:22.352		0.93391			4
2025.07.02	01:40:25.608		0.93392			4
2025.07.02	01:40:26.774		0.93391			4
2025.07.02	01:40:29.370	0.93380	0.93392			6
2025.07.02	01:40:29.755		0.93393			4
2025.07.02	01:40:30.353		0.93392			4
2025.07.02	01:40:32.476		0.93393			4
2025.07.02	01:40:39.923		0.93392			4
2025.07.02	01:40:40.763		0.93393			4
2025.07.02	01:40:42.499	0.93379				2
2025.07.02	01:40:44.905		0.93392			4
2025.07.02	01:40:50.086		0.93393			4
2025.07.02	01:40:51.126		0.93392			4
2025.07.02	01:41:00.452	0.93379				2
2025.07.02	01:41:19.897	0.93378	0.93391			6
2025.07.02	01:41:22.267		0.93392			4
2025.07.02	01:41:22.588	0.93380	0.93393			6
2025.07.02	01:41:22.911		0.93392			4
2025.07.02	01:41:25.768		0.93393			4
2025.07.02	01:41:32.746	0.93381	0.93395			6
2025.07.02	01:41:33.219		0.93394			4
2025.07.02	01:41:42.396		0.93395			4
2025.07.02	01:41:42.862		0.93394			4
2025.07.02	01:41:50.305		0.93395			4
2025.07.02	01:41:50.701		0.93394			4
2025.07.02	01:41:51.607		0.93395			4
2025.07.02	01:41:52.001		0.93394			4
2025.07.02	01:42:00.148	0.93381				2
2025.07.02	01:42:04.835		0.93395			4
2025.07.02	01:42:09.502	0.93380	0.93394			6
2025.07.02	01:42:10.589	0.93381				2
2025.07.02	01:42:24.071		0.93393			4
2025.07.02	01:42:25.141	0.93380				2
2025.07.02	01:42:28.361		0.93392			4
2025.07.02	01:42:28.782	0.93381	0.93393			6
2025.07.02	01:42:29.084		0.93394			4
2025.07.02	01:42:44.323	0.93382	0.93395			6
2025.07.02	01:42:45.554		0.93394			4
2025.07.02	01:42:52.836		0.93393			4
2025.07.02	01:42:53.539		0.93394			4
2025.07.02	01:42:59.381		0.93393			4
2025.07.02	01:43:00.196	0.93382				2
2025.07.02	01:43:02.069		0.93394			4
2025.07.02	01:43:14.303	0.93381	0.93393			6
2025.07.02	01:43:15.248		0.93392			4
2025.07.02	01:43:15.994	0.93378				2
2025.07.02	01:43:19.150		0.93391			4
2025.07.02	01:43:20.722		0.93392			4
2025.07.02	01:43:35.181	0.93379	0.93393			6
2025.07.02	01:43:52.058		0.93394			4
2025.07.02	01:43:52.735		0.93393			4
2025.07.02	01:43:59.049		0.93394			4
2025.07.02	01:44:00.089	0.93379	0.93393			6
2025.07.02	01:44:01.124		0.93394			4
2025.07.02	01:44:04.232		0.93393			4
2025.07.02	01:44:06.400	0.93382	0.93396			6
2025.07.02	01:44:06.710	0.93381				2
2025.07.02	01:44:08.082	0.93382				2
2025.07.02	01:44:08.640	0.93381				2
2025.07.02	01:44:11.646		0.93395			4
2025.07.02	01:44:19.957		0.93396			4
2025.07.02	01:44:20.282	0.93382				2
2025.07.02	01:44:40.788		0.93397			4
2025.07.02	01:44:43.087		0.93396			4
2025.07.02	01:44:47.760		0.93397			4
2025.07.02	01:45:01.598	0.93382				2
2025.07.02	01:45:03.560	0.93381	0.93396			6
2025.07.02	01:45:13.573		0.93395			4
2025.07.02	01:45:13.909	0.93380	0.93394			6
2025.07.02	01:45:22.259	0.93379	0.93395			6
2025.07.02	01:45:23.429	0.93380	0.93394			6
2025.07.02	01:45:31.589	0.93379				2
2025.07.02	01:45:41.370		0.93393			4
2025.07.02	01:45:41.880		0.93394			4
2025.07.02	01:45:43.565		0.93393			4
2025.07.02	01:45:51.360		0.93395			4
2025.07.02	01:45:52.051	0.93380	0.93394			6
2025.07.02	01:45:53.658	0.93379	0.93395			6
2025.07.02	01:45:55.997	0.93380				2
2025.07.02	01:45:59.381	0.93379				2
2025.07.02	01:46:00.373	0.93379	0.93394			6
2025.07.02	01:46:13.443		0.93395			4
2025.07.02	01:46:29.435	0.93380				2
2025.07.02	01:46:29.739	0.93381				2
2025.07.02	01:46:30.044	0.93382	0.93397			6
2025.07.02	01:46:30.812	0.93383				2
2025.07.02	01:47:01.760	0.93383				2
2025.07.02	01:47:09.201	0.93382				2
2025.07.02	01:47:23.146	0.93378	0.93393			6
2025.07.02	01:47:27.281	0.93380	0.93395			6
2025.07.02	01:47:30.288	0.93378	0.93394			6
2025.07.02	01:47:30.601	0.93377				2
2025.07.02	01:47:39.525		0.93392			4
2025.07.02	01:47:40.749		0.93393			4
2025.07.02	01:47:43.667	0.93379	0.93396			6
2025.07.02	01:47:47.785	0.93380	0.93397			6
2025.07.02	01:47:49.262	0.93379	0.93396			6
2025.07.02	01:47:51.283		0.93398			4
2025.07.02	01:48:01.412	0.93379				2
2025.07.02	01:48:05.936	0.93380				2
2025.07.02	01:48:06.242		0.93400			4
2025.07.02	01:48:12.885		0.93399			4
2025.07.02	01:48:32.381	0.93381				2
2025.07.02	01:48:40.426	0.93380				2
2025.07.02	01:48:40.901	0.93381	0.93396			6
2025.07.02	01:48:42.961	0.93382				2
2025.07.02	01:49:00.199	0.93382				2
2025.07.02	01:49:40.923		0.93396			4
2025.07.02	01:49:54.011	0.93383	0.93399			6
2025.07.02	01:49:54.521	0.93382	0.93398			6
2025.07.02	01:49:54.839	0.93386	0.93401			6
2025.07.02	01:49:56.971	0.93387				2
2025.07.02	01:50:00.487	0.93388	0.93402			6
2025.07.02	01:50:02.186	0.93386	0.93399			6
2025.07.02	01:50:08.111		0.93400			4
2025.07.02	01:50:09.866	0.93387				2
2025.07.02	01:50:18.138	0.93386	0.93399			6
2025.07.02	01:50:24.257		0.93400			4
2025.07.02	01:50:41.802		0.93399			4
2025.07.02	01:50:43.890		0.93400			4
2025.07.02	01:50:55.650	0.93384	0.93397			6
2025.07.02	01:50:56.815	0.93383				2
2025.07.02	01:51:00.444	0.93383				2
2025.07.02	01:51:02.169	0.93384				2
2025.07.02	01:51:10.415		0.93398			4
2025.07.02	01:51:13.680	0.93385	0.93399			6
2025.07.02	01:51:14.042		0.93398			4
2025.07.02	01:51:14.722		0.93397			4
2025.07.02	01:51:15.267		0.93398			4
2025.07.02	01:51:18.896	0.93384				2
2025.07.02	01:51:32.082	0.93385				2
2025.07.02	01:51:34.384	0.93384				2
2025.07.02	01:51:35.603	0.93385				2
2025.07.02	01:51:53.083		0.93399			4
2025.07.02	01:51:55.390	0.93388	0.93402			6
2025.07.02	01:52:00.598	0.93388				2
2025.07.02	01:52:01.686	0.93389				2
2025.07.02	01:52:55.786		0.93402			4
2025.07.02	01:52:56.509	0.93388				2
2025.07.02	01:52:56.908	0.93387	0.93401			6
2025.07.02	01:52:57.526	0.93390	0.93404			6
2025.07.02	01:53:00.231	0.93390				2
2025.07.02	01:53:00.547	0.93391				2
2025.07.02	01:53:00.883	0.93390				2
2025.07.02	01:53:05.763		0.93403			4
2025.07.02	01:53:15.728	0.93387	0.93400			6
2025.07.02	01:53:16.045	0.93386	0.93399			6
2025.07.02	01:53:25.985	0.93385	0.93398			6
2025.07.02	01:53:30.969	0.93383	0.93397			6
2025.07.02	01:53:31.280		0.93396			4
2025.07.02	01:53:35.684		0.93397			4
2025.07.02	01:53:45.263		0.93396			4
2025.07.02	01:53:51.578	0.93384	0.93397			6
2025.07.02	01:53:53.164	0.93383				2
2025.07.02	01:53:53.681	0.93384				2
2025.07.02	01:53:54.886	0.93383				2
2025.07.02	01:53:57.352		0.93396			4
2025.07.02	01:54:01.368	0.93383				2
2025.07.02	01:54:01.670	0.93381	0.93395			6
2025.07.02	01:54:10.395	0.93379	0.93392			6
2025.07.02	01:54:10.881	0.93376	0.93389			6
2025.07.02	01:54:11.609		0.93391			4
2025.07.02	01:54:12.132		0.93390			4
2025.07.02	01:54:12.853	0.93377	0.93392			6
2025.07.02	01:54:13.169	0.93380				2
2025.07.02	01:54:14.908	0.93379				2
2025.07.02	01:54:15.765	0.93377	0.93393			6
2025.07.02	01:54:16.080	0.93379				2
2025.07.02	01:54:16.451	0.93378				2
2025.07.02	01:54:16.889		0.93394			4
2025.07.02	01:54:17.357	0.93379	0.93393			6
2025.07.02	01:54:17.720		0.93394			4
2025.07.02	01:54:18.867		0.93393			4
2025.07.02	01:54:19.369	0.93380				2
2025.07.02	01:54:19.771	0.93381	0.93394			6
2025.07.02	01:54:25.480	0.93380	0.93393			6
2025.07.02	01:54:26.017	0.93379	0.93392			6
2025.07.02	01:54:32.115	0.93378	0.93391			6
2025.07.02	01:54:48.410		0.93392			4
2025.07.02	01:54:51.681	0.93379				2
2025.07.02	01:54:52.007	0.93380	0.93393			6
2025.07.02	01:54:54.369		0.93394			4
2025.07.02	01:54:56.780	0.93382				2
2025.07.02	01:54:58.377	0.93381				2
2025.07.02	01:54:58.742	0.93382				2
2025.07.02	01:55:00.395	0.93382	0.93395			6
2025.07.02	01:55:10.741	0.93379	0.93393			6
2025.07.02	01:55:11.390	0.93380				2
2025.07.02	01:55:16.592		0.93394			4
2025.07.02	01:55:17.379	0.93381				2
2025.07.02	01:55:27.258	0.93380				2
2025.07.02	01:55:27.933	0.93381				2
2025.07.02	01:55:48.228		0.93395			4
2025.07.02	01:55:51.325	0.93382				2
2025.07.02	01:55:51.696	0.93381				2
2025.07.02	01:55:52.361	0.93380	0.93394			6
2025.07.02	01:55:52.784	0.93381				2
2025.07.02	01:55:53.267	0.93383	0.93397			6
2025.07.02	01:55:53.591	0.93384				2
2025.07.02	01:56:00.470	0.93384				2
2025.07.02	01:56:02.487	0.93383	0.93396			6
2025.07.02	01:56:15.451	0.93382	0.93395			6
2025.07.02	01:56:57.584	0.93381	0.93394			6
2025.07.02	01:57:02.981	0.93381				2
2025.07.02	01:57:08.623	0.93384	0.93397			6
2025.07.02	01:57:11.084	0.93385	0.93398			6
2025.07.02	01:57:14.686	0.93381	0.93394			6
2025.07.02	01:57:14.992	0.93380	0.93393			6
2025.07.02	01:57:15.810		0.93392			4
2025.07.02	01:57:38.686	0.93381				2
2025.07.02	01:57:42.760	0.93380	0.93391			6
2025.07.02	01:57:44.548		0.93392			4
2025.07.02	01:57:47.379		0.93391			4
2025.07.02	01:57:49.812	0.93381				2
2025.07.02	01:57:50.124	0.93380				2
2025.07.02	01:57:50.769	0.93381				2
2025.07.02	01:57:52.710	0.93380				2
2025.07.02	01:57:53.701	0.93381				2
2025.07.02	01:57:54.280		0.93392			4
2025.07.02	01:57:58.446	0.93380				2
2025.07.02	01:57:58.802	0.93381				2
2025.07.02	01:58:00.384	0.93380				2
2025.07.02	01:58:03.283		0.93391			4
2025.07.02	01:58:21.386		0.93390			4
2025.07.02	01:58:22.343	0.93379				2
2025.07.02	01:58:22.765	0.93380				2
2025.07.02	01:58:23.244		0.93391			4
2025.07.02	01:58:28.843	0.93379				2
2025.07.02	01:58:32.580	0.93380				2
2025.07.02	01:58:46.866	0.93379				2
2025.07.02	01:58:54.106	0.93380				2
2025.07.02	01:59:00.857	0.93380				2
2025.07.02	01:59:01.791		0.93390			4
2025.07.02	01:59:03.378	0.93383	0.93394			6
2025.07.02	01:59:03.682		0.93395			4
2025.07.02	01:59:04.741		0.93393			4
2025.07.02	01:59:06.481	0.93382				2
2025.07.02	01:59:10.262		0.93394			4
2025.07.02	01:59:18.710	0.93383				2
2025.07.02	01:59:41.416	0.93385				2
2025.07.02	01:59:41.734	0.93383				2
2025.07.02	01:59:45.454	0.93385				2
2025.07.02	01:59:47.329	0.93383				2
2025.07.02	01:59:52.334	0.93385				2
2025.07.02	01:59:56.715		0.93393			4
2025.07.02	01:59:57.282		0.93394			4
2025.07.02	01:59:57.973	0.93383				2
2025.07.02	02:00:00.316	0.93385				2
2025.07.02	02:00:00.629	0.93386	0.93395			6
2025.07.02	02:00:01.689	0.93384				2
2025.07.02	02:00:04.340	0.93383	0.93394			6
2025.07.02	02:00:10.514	0.93384	0.93395			6
2025.07.02	02:00:11.726		0.93394			4
2025.07.02	02:00:20.971	0.93382	0.93392			6
2025.07.02	02:00:21.800	0.93381				2
2025.07.02	02:00:25.184		0.93391			4
2025.07.02	02:00:30.387		0.93392			4
2025.07.02	02:00:31.110		0.93391			4
2025.07.02	02:00:31.912		0.93392			4
2025.07.02	02:00:32.219		0.93391			4
2025.07.02	02:00:36.015	0.93383	0.93393			6
2025.07.02	02:00:38.209	0.93382				2
2025.07.02	02:00:41.094		0.93394			4
2025.07.02	02:00:42.394		0.93393			4
2025.07.02	02:00:46.222		0.93392			4
2025.07.02	02:00:48.581		0.93393			4
2025.07.02	02:01:00.637	0.93382				2
2025.07.02	02:01:00.942		0.93394			4
2025.07.02	02:01:01.323		0.93396			4
2025.07.02	02:01:02.493		0.93395			4
2025.07.02	02:01:02.885	0.93381	0.93394			6
2025.07.02	02:01:03.233		0.93393			4
2025.07.02	02:01:05.972		0.93394			4
2025.07.02	02:01:10.133	0.93380	0.93393			6
2025.07.02	02:01:11.301		0.93392			4
2025.07.02	02:01:11.613		0.93391			4
2025.07.02	02:01:14.089		0.93392			4
2025.07.02	02:01:20.461	0.93382	0.93393			6
2025.07.02	02:01:20.799		0.93395			4
2025.07.02	02:01:26.648		0.93396			4
2025.07.02	02:01:27.672	0.93381	0.93394			6
2025.07.02	02:01:27.980		0.93393			4
2025.07.02	02:01:28.300	0.93388	0.93401			6
2025.07.02	02:01:28.997	0.93387	0.93400			6
2025.07.02	02:01:29.382	0.93386	0.93399			6
2025.07.02	02:01:30.468		0.93398			4
2025.07.02	02:01:34.354		0.93399			4
2025.07.02	02:02:01.760	0.93386				2
2025.07.02	02:02:12.365	0.93389	0.93401			6
2025.07.02	02:02:28.299	0.93391	0.93400			6
2025.07.02	02:02:30.716	0.93389	0.93401			6
2025.07.02	02:02:38.333		0.93402			4
2025.07.02	02:02:45.881		0.93401			4
2025.07.02	02:02:47.148		0.93402			4
2025.07.02	02:03:00.378	0.93389				2
2025.07.02	02:03:01.868	0.93388	0.93401			6
2025.07.02	02:03:02.891	0.93389	0.93402			6
2025.07.02	02:03:04.414	0.93390	0.93403			6
2025.07.02	02:03:08.237	0.93389				2
2025.07.02	02:03:08.639	0.93390				2
2025.07.02	02:03:09.177	0.93389				2
2025.07.02	02:03:09.480	0.93390				2
2025.07.02	02:03:12.387	0.93389				2
2025.07.02	02:03:12.786	0.93390				2
2025.07.02	02:03:13.691	0.93391	0.93402			6
2025.07.02	02:03:16.675	0.93390	0.93403			6
2025.07.02	02:03:17.623		0.93402			4
2025.07.02	02:03:22.181	0.93391				2
2025.07.02	02:03:29.103	0.93390				2
2025.07.02	02:03:30.276	0.93391				2
2025.07.02	02:03:31.517	0.93388	0.93399			6
2025.07.02	02:03:55.425	0.93389	0.93401			6
2025.07.02	02:04:00.274	0.93388				2
2025.07.02	02:04:03.546	0.93389				2
2025.07.02	02:04:08.089		0.93400			4
2025.07.02	02:04:09.400		0.93401			4
2025.07.02	02:04:10.674		0.93400			4
2025.07.02	02:04:11.719		0.93401			4
2025.07.02	02:04:19.028	0.93390				2
2025.07.02	02:04:20.130	0.93389				2
2025.07.02	02:04:22.990	0.93390	0.93400			6
2025.07.02	02:04:23.311		0.93401			4
2025.07.02	02:04:24.540		0.93400			4
2025.07.02	02:04:24.906	0.93389	0.93399			6
2025.07.02	02:04:26.242	0.93388	0.93400			6
2025.07.02	02:04:26.948	0.93390	0.93399			6
2025.07.02	02:04:29.382		0.93401			4
2025.07.02	02:04:36.150	0.93388	0.93400			6
2025.07.02	02:04:36.460	0.93387	0.93398			6
2025.07.02	02:04:39.911	0.93388				2
2025.07.02	02:04:41.021		0.93399			4
2025.07.02	02:04:43.360	0.93386	0.93396			6
2025.07.02	02:04:44.203	0.93387	0.93397			6
2025.07.02	02:04:44.569		0.93398			4
2025.07.02	02:04:46.297		0.93397			4
2025.07.02	02:04:48.758	0.93386	0.93398			6
2025.07.02	02:04:51.478	0.93387	0.93397			6
2025.07.02	02:04:53.934	0.93386	0.93398			6
2025.07.02	02:04:54.523	0.93387	0.93397			6
2025.07.02	02:04:54.894	0.93386	0.93398			6
2025.07.02	02:04:55.630	0.93387	0.93397			6
2025.07.02	02:04:56.014	0.93386	0.93398			6
2025.07.02	02:04:56.660	0.93387	0.93397			6
2025.07.02	02:04:57.047	0.93386	0.93398			6
2025.07.02	02:04:57.698	0.93387	0.93397			6
2025.07.02	02:04:58.084	0.93386	0.93398			6
2025.07.02	02:04:58.734	0.93387	0.93397			6
2025.07.02	02:04:59.129	0.93386	0.93398			6
2025.07.02	02:04:59.749	0.93388	0.93399			6
2025.07.02	02:05:00.227	0.93388				2
2025.07.02	02:05:00.876	0.93389				2
2025.07.02	02:05:09.281		0.93400			4
2025.07.02	02:05:09.600	0.93388				2
2025.07.02	02:05:14.681	0.93389				2
2025.07.02	02:05:18.378	0.93387	0.93397			6
2025.07.02	02:05:27.867	0.93386	0.93395			6
2025.07.02	02:05:28.174	0.93385	0.93394			6
2025.07.02	02:05:28.479	0.93383				2
2025.07.02	02:05:29.577	0.93380	0.93390			6
2025.07.02	02:05:30.531	0.93378	0.93388			6
2025.07.02	02:05:36.223	0.93377				2
2025.07.02	02:05:37.116	0.93379	0.93389			6
2025.07.02	02:05:39.838	0.93380	0.93391			6
2025.07.02	02:05:40.166	0.93382				2
2025.07.02	02:05:41.318	0.93381				2
2025.07.02	02:05:42.356	0.93380				2
2025.07.02	02:05:44.558	0.93381				2
2025.07.02	02:05:46.115		0.93389			4
2025.07.02	02:05:46.417	0.93380	0.93390			6
2025.07.02	02:06:00.403	0.93380				2
2025.07.02	02:06:17.434	0.93381				2
2025.07.02	02:06:18.040	0.93380	0.93391			6
2025.07.02	02:06:26.468	0.93381				2
2025.07.02	02:06:30.535	0.93378	0.93388			6
2025.07.02	02:06:36.290	0.93377	0.93387			6
2025.07.02	02:06:43.860	0.93380	0.93388			6
2025.07.02	02:06:48.994	0.93378	0.93387			6
2025.07.02	02:06:49.409	0.93380	0.93388			6
2025.07.02	02:06:54.357	0.93377	0.93387			6
2025.07.02	02:06:58.021	0.93378	0.93388			6
2025.07.02	02:06:59.617	0.93377	0.93390			6
2025.07.02	02:06:59.960		0.93388			4
2025.07.02	02:07:00.284	0.93378				2
2025.07.02	02:07:00.964	0.93376	0.93387			6
2025.07.02	02:07:01.284	0.93375	0.93385			6
2025.07.02	02:07:13.062	0.93374	0.93384			6
2025.07.02	02:07:13.794	0.93373	0.93382			6
2025.07.02	02:07:14.230	0.93372	0.93381			6
2025.07.02	02:07:30.562	0.93373	0.93384			6
2025.07.02	02:07:33.062	0.93375	0.93386			6
2025.07.02	02:07:35.910	0.93374	0.93385			6
2025.07.02	02:07:46.025		0.93386			4
2025.07.02	02:07:51.190		0.93385			4
2025.07.02	02:07:55.042	0.93375				2
2025.07.02	02:07:56.098	0.93376	0.93386			6
2025.07.02	02:07:59.408	0.93375				2
2025.07.02	02:08:01.412	0.93375				2
2025.07.02	02:08:02.683		0.93385			4
2025.07.02	02:08:03.002		0.93386			4
2025.07.02	02:08:07.216	0.93371	0.93382			6
2025.07.02	02:08:09.332	0.93370	0.93381			6
2025.07.02	02:08:09.885	0.93371				2
2025.07.02	02:08:10.548	0.93370				2
2025.07.02	02:08:17.338	0.93371				2
2025.07.02	02:08:27.112		0.93380			4
2025.07.02	02:08:28.426		0.93381			4
2025.07.02	02:08:28.744	0.93372				2
2025.07.02	02:08:32.265	0.93371				2
2025.07.02	02:08:58.288	0.93370	0.93380			6
2025.07.02	02:08:59.483		0.93379			4
2025.07.02	02:09:00.209	0.93370				2
2025.07.02	02:09:04.285	0.93369	0.93378			6
2025.07.02	02:09:11.068		0.93379			4
2025.07.02	02:09:17.546		0.93378			4
2025.07.02	02:09:35.256	0.93368				2
2025.07.02	02:09:45.281	0.93367				2
2025.07.02	02:09:46.322	0.93368	0.93379			6
2025.07.02	02:09:46.968	0.93366	0.93375			6
2025.07.02	02:09:53.936		0.93376			4
2025.07.02	02:10:00.703	0.93366				2
2025.07.02	02:10:02.656		0.93375			4
2025.07.02	02:10:03.674	0.93364				2
2025.07.02	02:10:06.583	0.93365				2
2025.07.02	02:10:17.763	0.93363	0.93371			6
2025.07.02	02:10:18.081	0.93361				2
2025.07.02	02:10:19.105	0.93366	0.93376			6
2025.07.02	02:10:22.922	0.93364	0.93375			6
2025.07.02	02:10:32.306		0.93374			4
2025.07.02	02:10:32.621		0.93372			4
2025.07.02	02:10:32.988	0.93363				2
2025.07.02	02:10:33.362	0.93364				2
2025.07.02	02:10:44.054	0.93361	0.93369			6
2025.07.02	02:10:48.813	0.93362	0.93371			6
2025.07.02	02:11:00.034	0.93362				2
2025.07.02	02:11:05.228	0.93361	0.93372			6
2025.07.02	02:11:05.551	0.93360	0.93369			6
2025.07.02	02:11:50.048		0.93370			4
2025.07.02	02:11:51.555	0.93363	0.93373			6
2025.07.02	02:11:51.861	0.93364	0.93374			6
2025.07.02	02:11:55.376		0.93375			4
2025.07.02	02:12:01.350	0.93364				2
2025.07.02	02:12:02.804	0.93365	0.93376			6
2025.07.02	02:12:05.317	0.93367	0.93378			6
2025.07.02	02:12:09.583	0.93368	0.93379			6
2025.07.02	02:12:16.347		0.93378			4
2025.07.02	02:12:19.448	0.93367				2
2025.07.02	02:12:20.648	0.93368	0.93379			6
2025.07.02	02:12:21.062	0.93369				2
2025.07.02	02:12:23.480	0.93368				2
2025.07.02	02:12:36.613	0.93372	0.93381			6
2025.07.02	02:12:37.401	0.93373	0.93383			6
2025.07.02	02:12:42.286	0.93372				2
2025.07.02	02:12:49.877	0.93373				2
2025.07.02	02:12:50.184	0.93372				2
2025.07.02	02:13:00.574	0.93372				2
2025.07.02	02:13:03.226	0.93370	0.93379			6
2025.07.02	02:13:17.801	0.93369				2
2025.07.02	02:13:19.574	0.93370				2
2025.07.02	02:13:19.985	0.93369				2
2025.07.02	02:13:21.179	0.93370	0.93380			6
2025.07.02	02:13:24.813	0.93371				2
2025.07.02	02:13:27.241	0.93370				2
2025.07.02	02:13:27.930	0.93371				2
2025.07.02	02:13:28.285	0.93370				2
2025.07.02	02:13:28.991	0.93371				2
2025.07.02	02:13:29.318	0.93370				2
2025.07.02	02:13:30.020	0.93371				2
2025.07.02	02:13:30.354	0.93370				2
2025.07.02	02:13:31.063	0.93371				2
2025.07.02	02:13:31.367	0.93370				2
2025.07.02	02:13:34.195	0.93371				2
2025.07.02	02:13:38.422	0.93370				2
2025.07.02	02:13:51.721	0.93371				2
2025.07.02	02:13:52.095	0.93370				2
2025.07.02	02:13:55.073	0.93371				2
2025.07.02	02:13:56.761	0.93369				2
2025.07.02	02:13:57.149	0.93370	0.93381			6
2025.07.02	02:13:58.029	0.93372				2
2025.07.02	02:13:58.341	0.93371				2
2025.07.02	02:13:58.814	0.93370				2
2025.07.02	02:14:00.001	0.93370				2
2025.07.02	02:14:01.450	0.93371				2
2025.07.02	02:14:06.469	0.93370				2
2025.07.02	02:14:07.808	0.93371				2
2025.07.02	02:14:17.062	0.93370				2
2025.07.02	02:14:20.777	0.93371				2
2025.07.02	02:14:29.392	0.93372				2
2025.07.02	02:14:34.014	0.93369	0.93380			6
2025.07.02	02:14:34.342	0.93368	0.93379			6
2025.07.02	02:14:43.176	0.93367	0.93377			6
2025.07.02	02:14:52.487	0.93366				2
2025.07.02	02:15:00.507	0.93366				2
2025.07.02	02:15:02.275	0.93367				2
2025.07.02	02:15:04.247	0.93368				2
2025.07.02	02:15:08.279	0.93367				2
2025.07.02	02:15:08.584		0.93376			4
2025.07.02	02:15:09.355	0.93368				2
2025.07.02	02:15:12.448	0.93367	0.93377			6
2025.07.02	02:15:34.652	0.93364	0.93374			6
2025.07.02	02:15:35.397	0.93363	0.93373			6
2025.07.02	02:15:38.165		0.93372			4
2025.07.02	02:15:44.805	0.93361				2
2025.07.02	02:15:45.528	0.93363				2
2025.07.02	02:15:46.170		0.93371			4
2025.07.02	02:15:46.493		0.93373			4
2025.07.02	02:15:46.817	0.93362				2
2025.07.02	02:15:51.814		0.93372			4
2025.07.02	02:15:52.141	0.93363	0.93373			6
2025.07.02	02:15:52.486	0.93362				2
2025.07.02	02:15:52.991		0.93372			4
2025.07.02	02:15:54.113	0.93361				2
2025.07.02	02:16:00.745	0.93359	0.93370			6
2025.07.02	02:16:01.876		0.93369			4
2025.07.02	02:16:02.508		0.93368			4
2025.07.02	02:16:02.875	0.93353	0.93363			6
2025.07.02	02:16:04.031	0.93354				2
2025.07.02	02:16:10.036	0.93355	0.93365			6
2025.07.02	02:16:12.386	0.93354				2
2025.07.02	02:16:13.273		0.93364			4
2025.07.02	02:16:15.276		0.93363			4
2025.07.02	02:16:17.546	0.93353				2
2025.07.02	02:16:25.414	0.93354				2
2025.07.02	02:16:32.984	0.93353				2
2025.07.02	02:16:36.710	0.93354				2
2025.07.02	02:17:00.338	0.93354				2
2025.07.02	02:17:10.934	0.93352	0.93362			6
2025.07.02	02:17:11.241	0.93356	0.93363			6
2025.07.02	02:17:11.592	0.93354				2
2025.07.02	02:17:13.562	0.93353				2
2025.07.02	02:17:17.528		0.93364			4
2025.07.02	02:17:18.215		0.93363			4
2025.07.02	02:17:18.878		0.93364			4
2025.07.02	02:17:19.934		0.93363			4
2025.07.02	02:17:23.908		0.93364			4
2025.07.02	02:17:24.433		0.93363			4
2025.07.02	02:17:29.604	0.93356				2
2025.07.02	02:17:29.921	0.93353				2
2025.07.02	02:17:45.465	0.93352				2
2025.07.02	02:18:00.029	0.93352				2
2025.07.02	02:18:02.498	0.93354	0.93364			6
2025.07.02	02:18:03.902	0.93349	0.93360			6
2025.07.02	02:18:07.009	0.93345	0.93354			6
2025.07.02	02:18:07.320	0.93344	0.93353			6
2025.07.02	02:19:00.387	0.93344	0.93355			6
2025.07.02	02:19:01.742		0.93354			4
2025.07.02	02:19:34.414		0.93352			4
2025.07.02	02:19:40.680		0.93351			4
2025.07.02	02:20:01.761	0.93344				2
2025.07.02	02:20:07.886	0.93342				2
2025.07.02	02:20:30.817		0.93350			4
2025.07.02	02:20:40.830	0.93341	0.93349			6
2025.07.02	02:20:48.551	0.93342				2
2025.07.02	02:20:50.743	0.93341				2
2025.07.02	02:20:51.510	0.93342				2
2025.07.02	02:20:57.308	0.93340				2
2025.07.02	02:21:00.989	0.93340				2
2025.07.02	02:21:25.899	0.93339				2
2025.07.02	02:21:26.218	0.93338	0.93345			6
2025.07.02	02:21:34.597	0.93341	0.93351			6
2025.07.02	02:21:41.281		0.93352			4
2025.07.02	02:21:41.965		0.93351			4
2025.07.02	02:21:48.234		0.93352			4
2025.07.02	02:21:58.588	0.93343				2
2025.07.02	02:22:00.177	0.93341	0.93351			6
2025.07.02	02:22:00.810	0.93340				2
2025.07.02	02:22:03.328	0.93341	0.93352			6
2025.07.02	02:22:04.330		0.93351			4
2025.07.02	02:22:05.396	0.93344	0.93353			6
2025.07.02	02:22:09.585	0.93343				2
2025.07.02	02:22:10.127	0.93339	0.93349			6
2025.07.02	02:22:13.176	0.93338				2
2025.07.02	02:22:21.068		0.93346			4
2025.07.02	02:22:27.763	0.93339	0.93345			6
2025.07.02	02:22:31.191		0.93346			4
2025.07.02	02:22:32.168	0.93338				2
2025.07.02	02:22:41.344	0.93340				2
2025.07.02	02:22:41.659	0.93338				2
2025.07.02	02:22:42.660		0.93345			4
2025.07.02	02:22:43.319	0.93337				2
2025.07.02	02:22:43.637	0.93338				2
2025.07.02	02:22:44.762	0.93337				2
2025.07.02	02:22:46.850	0.93338				2
2025.07.02	02:22:53.759		0.93346			4
2025.07.02	02:22:56.792		0.93345			4
2025.07.02	02:23:00.635	0.93338				2
2025.07.02	02:23:01.415		0.93344			4
2025.07.02	02:23:07.324	0.93337				2
2025.07.02	02:23:07.657	0.93338				2
2025.07.02	02:23:13.860		0.93343			4
2025.07.02	02:23:16.084	0.93340				2
2025.07.02	02:24:00.149	0.93340				2
2025.07.02	02:24:14.766	0.93339	0.93345			6
2025.07.02	02:24:30.427	0.93337	0.93347			6
2025.07.02	02:24:31.745	0.93336				2
2025.07.02	02:24:32.067	0.93337				2
2025.07.02	02:24:35.183		0.93348			4
2025.07.02	02:24:35.501		0.93349			4
2025.07.02	02:24:36.483	0.93336				2
2025.07.02	02:24:37.142	0.93337				2
2025.07.02	02:24:40.072		0.93348			4
2025.07.02	02:24:44.277	0.93338				2
2025.07.02	02:24:45.281	0.93337				2
2025.07.02	02:24:46.350	0.93338	0.93349			6
2025.07.02	02:24:46.659	0.93340				2
2025.07.02	02:25:00.291	0.93340				2
2025.07.02	02:25:00.662	0.93342	0.93350			6
2025.07.02	02:25:03.360		0.93349			4
2025.07.02	02:25:05.616		0.93350			4
2025.07.02	02:25:48.950	0.93341	0.93349			6
2025.07.02	02:25:50.955		0.93348			4
2025.07.02	02:25:59.698	0.93342	0.93350			6
2025.07.02	02:26:00.015	0.93342				2
2025.07.02	02:26:01.942	0.93340	0.93351			6
2025.07.02	02:26:02.244		0.93352			4
2025.07.02	02:26:02.903		0.93351			4
2025.07.02	02:26:05.376	0.93342				2
2025.07.02	02:26:10.454	0.93341				2
2025.07.02	02:26:29.896		0.93353			4
2025.07.02	02:26:30.291	0.93340				2
2025.07.02	02:26:32.437		0.93352			4
2025.07.02	02:26:37.133	0.93341	0.93353			6
2025.07.02	02:26:54.630	0.93342	0.93352			6
2025.07.02	02:26:56.422		0.93353			4
2025.07.02	02:27:02.157	0.93342	0.93352			6
2025.07.02	02:27:19.994	0.93341	0.93351			6
2025.07.02	02:27:48.521	0.93340	0.93349			6
2025.07.02	02:27:54.974	0.93339				2
2025.07.02	02:27:58.757	0.93348	0.93352			6
2025.07.02	02:27:59.070	0.93345				2
2025.07.02	02:27:59.399	0.93342				2
2025.07.02	02:28:00.352	0.93342				2
2025.07.02	02:28:04.445		0.93351			4
2025.07.02	02:28:07.220	0.93340				2
2025.07.02	02:28:07.544		0.93350			4
2025.07.02	02:28:08.653		0.93349			4
2025.07.02	02:28:14.791		0.93351			4
2025.07.02	02:28:15.862		0.93350			4
2025.07.02	02:28:25.941	0.93341	0.93352			6
2025.07.02	02:28:31.432		0.93351			4
2025.07.02	02:28:33.223	0.93340				2
2025.07.02	02:28:35.057	0.93341	0.93349			6
2025.07.02	02:28:36.757	0.93339	0.93348			6
2025.07.02	02:28:48.173	0.93338				2
2025.07.02	02:28:48.497	0.93337				2
2025.07.02	02:28:52.762		0.93346			4
2025.07.02	02:29:00.169	0.93337				2
2025.07.02	02:29:01.436		0.93347			4
2025.07.02	02:29:03.359		0.93349			4
2025.07.02	02:29:06.478	0.93339				2
2025.07.02	02:29:11.554	0.93340	0.93350			6
2025.07.02	02:29:12.463	0.93341				2
2025.07.02	02:29:27.887	0.93340				2
2025.07.02	02:29:34.522		0.93351			4
2025.07.02	02:29:34.950	0.93343				2
2025.07.02	02:29:36.264	0.93341	0.93352			6
2025.07.02	02:29:41.870	0.93342				2
2025.07.02	02:29:42.179	0.93341	0.93351			6
2025.07.02	02:29:53.374	0.93342				2
2025.07.02	02:29:56.557	0.93341				2
2025.07.02	02:30:00.530	0.93339	0.93348			6
2025.07.02	02:30:02.415	0.93341	0.93350			6
2025.07.02	02:30:03.457	0.93340				2
2025.07.02	02:30:04.580	0.93339	0.93349			6
2025.07.02	02:30:06.384	0.93340	0.93350			6
2025.07.02	02:30:12.734	0.93341				2
2025.07.02	02:30:14.219		0.93348			4
2025.07.02	02:30:14.778	0.93339	0.93346			6
2025.07.02	02:30:20.108	0.93340				2
2025.07.02	02:30:20.493	0.93339				2
2025.07.02	02:30:29.423		0.93348			4
2025.07.02	02:30:33.690	0.93338	0.93347			6
2025.07.02	02:30:35.613	0.93339				2
2025.07.02	02:30:37.041	0.93338				2
2025.07.02	02:30:37.870	0.93337				2
2025.07.02	02:30:39.158	0.93336				2
2025.07.02	02:30:39.478	0.93337				2
2025.07.02	02:30:42.095		0.93348			4
2025.07.02	02:30:43.933		0.93349			4
2025.07.02	02:30:49.817	0.93339				2
2025.07.02	02:30:50.140	0.93338				2
2025.07.02	02:30:53.482	0.93339				2
2025.07.02	02:30:53.847		0.93350			4
2025.07.02	02:30:54.392		0.93351			4
2025.07.02	02:30:56.425		0.93349			4
2025.07.02	02:31:00.072	0.93339				2
2025.07.02	02:31:00.777	0.93341				2
2025.07.02	02:31:07.380	0.93340				2
2025.07.02	02:31:07.707	0.93341				2
2025.07.02	02:31:13.109	0.93340				2
2025.07.02	02:31:14.271	0.93339				2
2025.07.02	02:31:15.144	0.93340				2
2025.07.02	02:31:18.448	0.93339				2
2025.07.02	02:31:21.404	0.93340				2
2025.07.02	02:31:27.976	0.93339				2
2025.07.02	02:31:30.999	0.93341	0.93351			6
2025.07.02	02:31:31.974	0.93343	0.93352			6
2025.07.02	02:31:32.351	0.93341				2
2025.07.02	02:31:33.404	0.93342				2
2025.07.02	02:31:37.469	0.93343				2
2025.07.02	02:31:38.081		0.93351			4
2025.07.02	02:31:38.762		0.93352			4
2025.07.02	02:31:47.776	0.93342				2
2025.07.02	02:31:48.140	0.93343				2
2025.07.02	02:31:57.675	0.93342				2
2025.07.02	02:31:58.502	0.93343				2
2025.07.02	02:32:00.448	0.93343				2
2025.07.02	02:32:01.410	0.93339	0.93349			6
2025.07.02	02:32:02.398	0.93338				2
2025.07.02	02:32:11.441		0.93348			4
2025.07.02	02:32:11.786	0.93340				2
2025.07.02	02:32:12.316	0.93342	0.93349			6
2025.07.02	02:32:21.481		0.93351			4
2025.07.02	02:32:22.646		0.93350			4
2025.07.02	02:32:24.737		0.93348			4
2025.07.02	02:32:29.042		0.93351			4
2025.07.02	02:32:30.103		0.93348			4
2025.07.02	02:32:37.554		0.93347			4
2025.07.02	02:32:46.322		0.93346			4
2025.07.02	02:32:48.990	0.93338				2
2025.07.02	02:32:59.428		0.93345			4
2025.07.02	02:33:00.316	0.93338				2
2025.07.02	02:33:03.475		0.93348			4
2025.07.02	02:33:04.406		0.93346			4
2025.07.02	02:33:14.459	0.93340				2
2025.07.02	02:33:19.266	0.93339	0.93347			6
2025.07.02	02:33:20.412	0.93340				2
2025.07.02	02:33:27.073	0.93341	0.93348			6
2025.07.02	02:33:28.057	0.93339	0.93346			6
2025.07.02	02:33:28.386		0.93345			4
2025.07.02	02:33:30.459	0.93340				2
2025.07.02	02:33:31.276	0.93339				2
2025.07.02	02:33:32.803	0.93340				2
2025.07.02	02:33:35.380	0.93338	0.93346			6
2025.07.02	02:33:35.991		0.93347			4
2025.07.02	02:33:36.674	0.93337				2
2025.07.02	02:33:37.399	0.93338	0.93346			6
2025.07.02	02:33:39.864		0.93348			4
2025.07.02	02:33:44.765	0.93337				2
2025.07.02	02:33:45.327	0.93338				2
2025.07.02	02:33:46.170	0.93343				2
2025.07.02	02:33:49.195	0.93342	0.93350			6
2025.07.02	02:33:59.334		0.93351			4
2025.07.02	02:34:01.506	0.93342				2
2025.07.02	02:34:03.127		0.93348			4
2025.07.02	02:34:03.854	0.93343				2
2025.07.02	02:34:04.231	0.93342				2
2025.07.02	02:34:04.917	0.93343				2
2025.07.02	02:34:05.272	0.93342				2
2025.07.02	02:34:05.953	0.93343				2
2025.07.02	02:34:06.626	0.93342				2
2025.07.02	02:34:19.815	0.93341				2
2025.07.02	02:34:20.397	0.93339				2
2025.07.02	02:34:21.362	0.93338				2
2025.07.02	02:34:24.084	0.93337	0.93349			6
2025.07.02	02:34:26.182		0.93348			4
2025.07.02	02:34:31.451	0.93340	0.93349			6
2025.07.02	02:34:35.621		0.93346			4
2025.07.02	02:34:42.998	0.93341				2
2025.07.02	02:34:45.067	0.93340				2
2025.07.02	02:34:51.603		0.93349			4
2025.07.02	02:35:00.319	0.93340				2
2025.07.02	02:35:01.154	0.93338	0.93346			6
2025.07.02	02:35:02.330		0.93349			4
2025.07.02	02:35:02.640		0.93350			4
2025.07.02	02:35:13.536	0.93340				2
2025.07.02	02:35:19.753		0.93348			4
2025.07.02	02:35:30.314	0.93338	0.93346			6
2025.07.02	02:35:30.635	0.93339				2
2025.07.02	02:35:31.460		0.93347			4
2025.07.02	02:35:35.636	0.93338				2
2025.07.02	02:35:53.324		0.93348			4
2025.07.02	02:36:00.200	0.93338				2
2025.07.02	02:36:00.579	0.93339				2
2025.07.02	02:36:10.714	0.93338	0.93345			6
2025.07.02	02:36:13.124		0.93346			4
2025.07.02	02:36:15.581		0.93344			4
2025.07.02	02:36:20.146		0.93343			4
2025.07.02	02:36:20.543		0.93341			4
2025.07.02	02:36:22.423		0.93343			4
2025.07.02	02:36:22.782	0.93337				2
2025.07.02	02:36:26.245	0.93338				2
2025.07.02	02:36:28.784	0.93341				2
2025.07.02	02:36:29.303	0.93339				2
2025.07.02	02:36:36.407	0.93340	0.93342			6
2025.07.02	02:36:38.336		0.93344			4
2025.07.02	02:36:39.330	0.93339				2
2025.07.02	02:36:39.904	0.93337	0.93345			6
2025.07.02	02:36:47.114		0.93344			4
2025.07.02	02:36:50.498	0.93342				2
2025.07.02	02:37:00.371	0.93342				2
2025.07.02	02:37:01.770	0.93345	0.93348			6
2025.07.02	02:37:02.147	0.93340				2
2025.07.02	02:37:08.307		0.93345			4
2025.07.02	02:37:21.001		0.93344			4
2025.07.02	02:37:33.322		0.93345			4
2025.07.02	02:37:43.454	0.93337				2
2025.07.02	02:37:54.150	0.93340				2
2025.07.02	02:38:00.934	0.93340				2
2025.07.02	02:38:21.641	0.93341	0.93346			6
2025.07.02	02:38:22.657	0.93342				2
2025.07.02	02:38:23.398		0.93347			4
2025.07.02	02:38:32.093	0.93339				2
2025.07.02	02:38:32.417	0.93338				2
2025.07.02	02:38:41.556	0.93339	0.93348			6
2025.07.02	02:39:00.549	0.93339				2
2025.07.02	02:39:16.269		0.93349			4
2025.07.02	02:39:16.942		0.93350			4
2025.07.02	02:39:18.864	0.93340				2
2025.07.02	02:39:20.721	0.93342				2
2025.07.02	02:39:21.462	0.93340				2
2025.07.02	02:39:27.364	0.93339	0.93348			6
2025.07.02	02:39:27.960		0.93347			4
2025.07.02	02:39:31.056		0.93348			4
2025.07.02	02:39:41.394		0.93349			4
2025.07.02	02:39:41.947		0.93348			4
2025.07.02	02:39:54.638	0.93338				2
2025.07.02	02:39:55.101	0.93339	0.93345			6
2025.07.02	02:39:55.951		0.93346			4
2025.07.02	02:39:56.276		0.93348			4
2025.07.02	02:39:56.598		0.93349			4
2025.07.02	02:39:56.928	0.93340				2
2025.07.02	02:39:57.250	0.93338				2
2025.07.02	02:39:58.141		0.93347			4
2025.07.02	02:39:58.449		0.93346			4
2025.07.02	02:40:00.478	0.93338				2
2025.07.02	02:40:01.656	0.93340	0.93349			6
2025.07.02	02:40:01.984	0.93341	0.93351			6
2025.07.02	02:40:03.009	0.93343				2
2025.07.02	02:40:08.451	0.93341				2
2025.07.02	02:40:08.936	0.93342	0.93352			6
2025.07.02	02:40:13.225	0.93343				2
2025.07.02	02:40:16.283	0.93342				2
2025.07.02	02:40:29.978	0.93343				2
2025.07.02	02:40:30.284		0.93351			4
2025.07.02	02:40:35.110		0.93352			4
2025.07.02	02:40:36.696	0.93342				2
2025.07.02	02:40:42.584	0.93341	0.93351			6
2025.07.02	02:40:47.043	0.93342	0.93352			6
2025.07.02	02:40:48.080	0.93343				2
2025.07.02	02:40:50.171	0.93346	0.93356			6
2025.07.02	02:40:50.489		0.93355			4
2025.07.02	02:40:51.213	0.93345				2
2025.07.02	02:41:00.455	0.93345				2
2025.07.02	02:41:03.032	0.93341	0.93351			6
2025.07.02	02:41:12.472	0.93342	0.93352			6
2025.07.02	02:41:25.639	0.93341	0.93351			6
2025.07.02	02:41:29.365	0.93343				2
2025.07.02	02:41:30.751		0.93350			4
2025.07.02	02:41:31.401	0.93342	0.93349			6
2025.07.02	02:41:56.675		0.93351			4
2025.07.02	02:42:00.892	0.93342	0.93350			6
2025.07.02	02:42:01.534		0.93351			4
2025.07.02	02:42:21.151	0.93344	0.93352			6
2025.07.02	02:42:26.304		0.93350			4
2025.07.02	02:42:29.180		0.93352			4
2025.07.02	02:42:33.343	0.93342				2
2025.07.02	02:42:37.670	0.93344	0.93351			6
2025.07.02	02:42:45.557	0.93341	0.93349			6
2025.07.02	02:42:48.622	0.93340				2
2025.07.02	02:42:49.628	0.93341				2
2025.07.02	02:42:50.637	0.93340				2
2025.07.02	02:42:55.597		0.93350			4
2025.07.02	02:42:58.584		0.93349			4
2025.07.02	02:43:00.475	0.93340				2
2025.07.02	02:43:14.221	0.93338	0.93347			6
2025.07.02	02:43:15.294		0.93346			4
2025.07.02	02:43:16.670	0.93339				2
2025.07.02	02:43:19.728	0.93338				2
2025.07.02	02:43:20.789	0.93337				2
2025.07.02	02:43:22.796	0.93338				2
2025.07.02	02:43:23.382	0.93339				2
2025.07.02	02:43:33.318	0.93337				2
2025.07.02	02:43:38.027	0.93335	0.93344			6
2025.07.02	02:43:38.359		0.93343			4
2025.07.02	02:43:39.330	0.93336				2
2025.07.02	02:43:46.100	0.93335				2
2025.07.02	02:43:47.103	0.93336	0.93345			6
2025.07.02	02:43:51.508	0.93337				2
2025.07.02	02:43:52.741	0.93336				2
2025.07.02	02:43:59.155	0.93335				2
2025.07.02	02:44:00.212	0.93335				2
2025.07.02	02:44:01.070	0.93334	0.93344			6
2025.07.02	02:44:01.694		0.93346			4
2025.07.02	02:44:02.003	0.93335	0.93345			6
2025.07.02	02:44:02.665	0.93333	0.93346			6
2025.07.02	02:44:02.974	0.93334	0.93345			6
2025.07.02	02:44:04.214	0.93336				2
2025.07.02	02:44:08.122	0.93335				2
2025.07.02	02:44:09.996	0.93336				2
2025.07.02	02:44:11.109		0.93346			4
2025.07.02	02:44:11.503	0.93338	0.93347			6
2025.07.02	02:44:13.352	0.93339				2
2025.07.02	02:44:13.693	0.93338				2
2025.07.02	02:44:14.046	0.93339				2
2025.07.02	02:44:14.737	0.93338				2
2025.07.02	02:44:15.695		0.93348			4
2025.07.02	02:44:16.789	0.93339				2
2025.07.02	02:44:17.770	0.93338				2
2025.07.02	02:44:37.442	0.93339				2
2025.07.02	02:44:41.595	0.93338				2
2025.07.02	02:44:44.217	0.93339	0.93347			6
2025.07.02	02:44:46.907	0.93338				2
2025.07.02	02:44:47.840	0.93339				2
2025.07.02	02:44:49.913		0.93348			4
2025.07.02	02:44:50.289		0.93347			4
2025.07.02	02:44:51.698	0.93338				2
2025.07.02	02:44:55.097	0.93339				2
2025.07.02	02:45:00.276	0.93338				2
2025.07.02	02:45:01.860	0.93341	0.93350			6
2025.07.02	02:45:02.168	0.93342				2
2025.07.02	02:45:02.492	0.93343	0.93351			6
2025.07.02	02:45:02.805		0.93350			4
2025.07.02	02:45:03.198	0.93342				2
2025.07.02	02:45:04.185	0.93343				2
2025.07.02	02:45:04.990	0.93342				2
2025.07.02	02:45:06.360	0.93341	0.93349			6
2025.07.02	02:45:06.681	0.93340				2
2025.07.02	02:45:10.543	0.93341	0.93350			6
2025.07.02	02:45:14.696	0.93339	0.93347			6
2025.07.02	02:45:14.999	0.93337				2
2025.07.02	02:45:20.472	0.93336	0.93346			6
2025.07.02	02:45:21.204		0.93344			4
2025.07.02	02:45:23.767	0.93338	0.93346			6
2025.07.02	02:45:24.096	0.93336	0.93345			6
2025.07.02	02:45:25.077	0.93335				2
2025.07.02	02:45:28.243	0.93336				2
2025.07.02	02:45:30.292	0.93338	0.93347			6
2025.07.02	02:45:30.643	0.93337				2
2025.07.02	02:45:31.429	0.93338				2
2025.07.02	02:45:33.701		0.93348			4
2025.07.02	02:45:37.676	0.93339	0.93349			6
2025.07.02	02:45:38.825	0.93340				2
2025.07.02	02:45:57.376	0.93339	0.93348			6
2025.07.02	02:46:00.056	0.93339				2
2025.07.02	02:46:03.257	0.93340	0.93349			6
2025.07.02	02:46:11.613	0.93342	0.93350			6
2025.07.02	02:46:12.658	0.93339	0.93348			6
2025.07.02	02:46:15.892	0.93338	0.93349			6
2025.07.02	02:46:16.832	0.93339	0.93350			6
2025.07.02	02:46:17.876	0.93340				2
2025.07.02	02:46:19.540		0.93349			4
2025.07.02	02:46:20.630	0.93339				2
2025.07.02	02:46:21.003	0.93338				2
2025.07.02	02:46:22.302	0.93340				2
2025.07.02	02:46:22.658	0.93339				2
2025.07.02	02:46:31.762		0.93348			4
2025.07.02	02:46:34.064	0.93337	0.93349			6
2025.07.02	02:46:36.925		0.93351			4
2025.07.02	02:46:37.266	0.93338				2
2025.07.02	02:46:46.265	0.93336	0.93349			6
2025.07.02	02:46:51.351	0.93337				2
2025.07.02	02:46:52.541		0.93348			4
2025.07.02	02:46:53.424	0.93338	0.93346			6
2025.07.02	02:46:53.739		0.93349			4
2025.07.02	02:46:54.425		0.93348			4
2025.07.02	02:46:56.106	0.93336				2
2025.07.02	02:46:56.408		0.93346			4
2025.07.02	02:47:00.070	0.93336				2
2025.07.02	02:47:00.468		0.93345			4
2025.07.02	02:47:03.346		0.93346			4
2025.07.02	02:47:10.451	0.93337	0.93348			6
2025.07.02	02:47:10.763	0.93338				2
2025.07.02	02:47:16.749	0.93339				2
2025.07.02	02:47:18.980	0.93337				2
2025.07.02	02:47:23.492	0.93338	0.93347			6
2025.07.02	02:47:23.858	0.93337				2
2025.07.02	02:47:25.527	0.93336				2
2025.07.02	02:47:26.289	0.93337	0.93346			6
2025.07.02	02:47:27.328		0.93347			4
2025.07.02	02:47:29.884	0.93339	0.93348			6
2025.07.02	02:47:34.184	0.93338				2
2025.07.02	02:47:41.064	0.93339	0.93349			6
2025.07.02	02:47:41.384	0.93338				2
2025.07.02	02:47:41.734		0.93347			4
2025.07.02	02:47:42.056	0.93339	0.93348			6
2025.07.02	02:47:42.766		0.93347			4
2025.07.02	02:47:47.307	0.93336	0.93346			6
2025.07.02	02:47:47.637		0.93345			4
2025.07.02	02:47:47.994	0.93335				2
2025.07.02	02:47:48.343	0.93336				2
2025.07.02	02:47:50.573	0.93337	0.93346			6
2025.07.02	02:47:51.588	0.93338	0.93345			6
2025.07.02	02:47:51.899	0.93334				2
2025.07.02	02:47:52.845	0.93335	0.93347			6
2025.07.02	02:47:53.165	0.93338	0.93349			6
2025.07.02	02:47:53.499	0.93339				2
2025.07.02	02:47:54.927	0.93338				2
2025.07.02	02:47:56.362		0.93348			4
2025.07.02	02:47:58.246	0.93339				2
2025.07.02	02:47:58.584	0.93341	0.93350			6
2025.07.02	02:47:58.936		0.93351			4
2025.07.02	02:48:00.356	0.93341				2
2025.07.02	02:48:01.278	0.93342				2
2025.07.02	02:48:02.196	0.93341	0.93353			6
2025.07.02	02:48:02.529	0.93342				2
2025.07.02	02:48:04.314	0.93341				2
2025.07.02	02:48:05.839	0.93342				2
2025.07.02	02:48:10.274	0.93341				2
2025.07.02	02:48:12.049	0.93342				2
2025.07.02	02:48:20.464		0.93354			4
2025.07.02	02:48:22.925		0.93353			4
2025.07.02	02:48:23.225		0.93352			4
2025.07.02	02:48:25.439	0.93343	0.93353			6
2025.07.02	02:48:26.035	0.93344				2
2025.07.02	02:48:30.692	0.93343				2
2025.07.02	02:48:31.663	0.93346	0.93354			6
2025.07.02	02:48:31.980	0.93345				2
2025.07.02	02:48:33.717	0.93343	0.93351			6
2025.07.02	02:48:37.121		0.93352			4
2025.07.02	02:48:38.272	0.93344				2
2025.07.02	02:48:38.604	0.93343				2
2025.07.02	02:48:46.404	0.93344				2
2025.07.02	02:48:48.856	0.93343	0.93353			6
2025.07.02	02:48:49.162	0.93344				2
2025.07.02	02:48:49.532	0.93343				2
2025.07.02	02:48:53.123		0.93352			4
2025.07.02	02:48:53.441	0.93341				2
2025.07.02	02:48:53.982	0.93343				2
2025.07.02	02:48:57.586		0.93353			4
2025.07.02	02:49:00.655	0.93343				2
2025.07.02	02:49:12.730	0.93344				2
2025.07.02	02:49:13.034	0.93343				2
2025.07.02	02:49:13.863	0.93344				2
2025.07.02	02:49:14.984	0.93343				2
2025.07.02	02:49:15.769	0.93344				2
2025.07.02	02:49:29.694	0.93343	0.93352			6
2025.07.02	02:49:34.906	0.93342				2
2025.07.02	02:49:39.707	0.93343				2
2025.07.02	02:49:49.695		0.93353			4
2025.07.02	02:49:50.311	0.93342	0.93351			6
2025.07.02	02:49:50.622	0.93341				2
2025.07.02	02:49:52.272	0.93338	0.93349			6
2025.07.02	02:49:52.587	0.93339				2
2025.07.02	02:49:52.894	0.93340	0.93350			6
2025.07.02	02:49:54.540	0.93341	0.93351			6
2025.07.02	02:49:56.060		0.93350			4
2025.07.02	02:49:56.389	0.93342	0.93352			6
2025.07.02	02:49:57.359	0.93341	0.93351			6
2025.07.02	02:50:00.562	0.93341				2
2025.07.02	02:50:01.063	0.93342				2
2025.07.02	02:50:02.064	0.93343				2
2025.07.02	02:50:03.146	0.93342				2
2025.07.02	02:50:06.078	0.93343				2
2025.07.02	02:50:06.383		0.93352			4
2025.07.02	02:50:08.175	0.93344	0.93353			6
2025.07.02	02:50:10.293	0.93348	0.93356			6
2025.07.02	02:50:10.598	0.93347				2
2025.07.02	02:50:17.684	0.93346				2
2025.07.02	02:50:18.013	0.93347				2
2025.07.02	02:50:26.424	0.93349	0.93359			6
2025.07.02	02:50:27.524	0.93350				2
2025.07.02	02:50:30.015	0.93346	0.93357			6
2025.07.02	02:50:30.331		0.93356			4
2025.07.02	02:50:33.469	0.93348	0.93358			6
2025.07.02	02:50:33.953	0.93349				2
2025.07.02	02:50:34.311	0.93348				2
2025.07.02	02:50:40.074	0.93349				2
2025.07.02	02:50:40.783	0.93348				2
2025.07.02	02:50:47.782		0.93357			4
2025.07.02	02:50:49.370	0.93347				2
2025.07.02	02:50:51.496		0.93356			4
2025.07.02	02:50:53.971	0.93346				2
2025.07.02	02:50:59.960	0.93347				2
2025.07.02	02:51:00.432	0.93347				2
2025.07.02	02:51:01.556	0.93346				2
2025.07.02	02:51:04.041	0.93347				2
2025.07.02	02:51:14.274		0.93357			4
2025.07.02	02:51:18.582	0.93348	0.93358			6
2025.07.02	02:51:20.373	0.93347	0.93357			6
2025.07.02	02:51:27.184		0.93358			4
2025.07.02	02:51:28.858	0.93348				2
2025.07.02	02:51:42.348	0.93347	0.93357			6
2025.07.02	02:51:43.961	0.93346	0.93355			6
2025.07.02	02:51:51.710	0.93344	0.93354			6
2025.07.02	02:51:57.582	0.93345	0.93355			6
2025.07.02	02:52:00.475	0.93344	0.93354			6
2025.07.02	02:52:05.368	0.93345	0.93355			6
2025.07.02	02:52:15.097	0.93346	0.93356			6
2025.07.02	02:52:21.350	0.93345	0.93355			6
2025.07.02	02:52:24.990	0.93344	0.93354			6
2025.07.02	02:52:43.331	0.93343				2
2025.07.02	02:52:44.334	0.93344				2
2025.07.02	02:52:46.443	0.93343				2
2025.07.02	02:52:52.338		0.93353			4
2025.07.02	02:52:55.659	0.93342	0.93352			6
2025.07.02	02:53:00.631	0.93342				2
2025.07.02	02:53:35.380		0.93351			4
2025.07.02	02:53:49.419	0.93341				2
2025.07.02	02:53:52.183	0.93340				2
2025.07.02	02:54:00.364	0.93340				2
2025.07.02	02:54:00.772	0.93343	0.93353			6
2025.07.02	02:54:01.080	0.93344	0.93354			6
2025.07.02	02:54:04.094	0.93343	0.93353			6
2025.07.02	02:54:15.647	0.93342	0.93352			6
2025.07.02	02:54:42.840	0.93344	0.93354			6
2025.07.02	02:55:00.253	0.93344				2
2025.07.02	02:55:03.540	0.93347	0.93355			6
2025.07.02	02:55:03.851	0.93345				2
2025.07.02	02:55:21.879		0.93356			4
2025.07.02	02:55:22.180	0.93344	0.93355			6
2025.07.02	02:55:23.362		0.93354			4
2025.07.02	02:55:28.831	0.93348	0.93357			6
2025.07.02	02:55:29.175	0.93346	0.93356			6
2025.07.02	02:55:38.050	0.93345				2
2025.07.02	02:55:38.936	0.93346				2
2025.07.02	02:55:47.004	0.93345				2
2025.07.02	02:55:54.511	0.93346				2
2025.07.02	02:55:57.255	0.93345				2
2025.07.02	02:56:00.395	0.93345				2
2025.07.02	02:56:16.677	0.93346				2
2025.07.02	02:56:18.438	0.93345				2
2025.07.02	02:56:18.749	0.93346				2
2025.07.02	02:56:20.692	0.93347	0.93357			6
2025.07.02	02:56:21.034	0.93346				2
2025.07.02	02:56:21.701	0.93347	0.93358			6
2025.07.02	02:56:27.259		0.93357			4
2025.07.02	02:56:39.477	0.93346	0.93356			6
2025.07.02	02:56:47.989	0.93345				2
2025.07.02	02:56:49.303	0.93343	0.93354			6
2025.07.02	02:56:51.107	0.93344	0.93355			6
2025.07.02	02:56:57.339		0.93354			4
2025.07.02	02:56:58.409	0.93345	0.93355			6
2025.07.02	02:57:00.562	0.93346	0.93356			6
2025.07.02	02:57:05.421	0.93345	0.93355			6
2025.07.02	02:57:06.844	0.93347	0.93357			6
2025.07.02	02:57:12.589	0.93348	0.93358			6
2025.07.02	02:57:15.783	0.93349	0.93359			6
2025.07.02	02:57:28.506	0.93350				2
2025.07.02	02:57:28.846	0.93349				2
2025.07.02	02:57:29.674		0.93358			4
2025.07.02	02:57:30.837		0.93359			4
2025.07.02	02:57:34.952	0.93350				2
2025.07.02	02:57:36.208		0.93360			4
2025.07.02	02:57:37.976		0.93359			4
2025.07.02	02:57:51.105	0.93348	0.93357			6
2025.07.02	02:57:53.297	0.93347				2
2025.07.02	02:57:54.234	0.93348	0.93358			6
2025.07.02	02:57:58.317		0.93357			4
2025.07.02	02:57:58.664	0.93347				2
2025.07.02	02:57:59.983	0.93348	0.93358			6
2025.07.02	02:58:00.448	0.93348	0.93357			6
2025.07.02	02:58:02.143	0.93347				2
2025.07.02	02:58:04.443		0.93356			4
2025.07.02	02:58:05.723		0.93357			4
2025.07.02	02:58:12.719	0.93346	0.93355			6
2025.07.02	02:58:17.885		0.93356			4
2025.07.02	02:58:19.028	0.93345	0.93355			6
2025.07.02	02:58:32.932	0.93346				2
2025.07.02	02:58:38.664	0.93345				2
2025.07.02	02:58:39.569	0.93346				2
2025.07.02	02:58:39.881		0.93356			4
2025.07.02	02:58:44.177		0.93355			4
2025.07.02	02:58:46.400	0.93347	0.93357			6
2025.07.02	02:59:00.684	0.93347				2
2025.07.02	02:59:04.239	0.93346				2
2025.07.02	02:59:05.783	0.93347				2
2025.07.02	02:59:10.503		0.93355			4
2025.07.02	02:59:12.447	0.93346	0.93356			6
2025.07.02	02:59:14.561	0.93347	0.93355			6
2025.07.02	02:59:15.645	0.93345				2
2025.07.02	02:59:17.135	0.93344	0.93352			6
2025.07.02	02:59:19.663		0.93353			4
2025.07.02	02:59:23.708		0.93352			4
2025.07.02	02:59:25.675		0.93353			4
2025.07.02	02:59:27.342	0.93343	0.93352			6
2025.07.02	02:59:28.557	0.93344				2
2025.07.02	02:59:28.862		0.93353			4
2025.07.02	02:59:36.476	0.93345	0.93354			6
2025.07.02	02:59:40.408	0.93346				2
2025.07.02	02:59:41.585	0.93345				2
2025.07.02	02:59:41.926	0.93346				2
2025.07.02	02:59:44.336	0.93345				2
2025.07.02	02:59:45.886	0.93344	0.93353			6
2025.07.02	02:59:48.630	0.93345	0.93355			6
2025.07.02	02:59:49.239		0.93354			4
2025.07.02	02:59:52.437	0.93344				2
2025.07.02	02:59:54.292		0.93353			4
2025.07.02	02:59:56.633	0.93343				2
2025.07.02	03:00:00.338	0.93343	0.93352			6
2025.07.02	03:00:00.668	0.93342	0.93351			6
2025.07.02	03:00:01.291	0.93340	0.93350			6
2025.07.02	03:00:01.609		0.93348			4
2025.07.02	03:00:02.008	0.93341	0.93350			6
2025.07.02	03:00:02.341	0.93340	0.93349			6
2025.07.02	03:00:02.717	0.93341	0.93350			6
2025.07.02	03:00:03.018	0.93338	0.93346			6
2025.07.02	03:00:03.361	0.93337				2
2025.07.02	03:00:04.616	0.93338				2
2025.07.02	03:00:04.955		0.93347			4
2025.07.02	03:00:05.357	0.93336	0.93346			6
2025.07.02	03:00:06.135	0.93337				2
2025.07.02	03:00:09.352	0.93336				2
2025.07.02	03:00:09.722	0.93337				2
2025.07.02	03:00:10.077	0.93336				2
2025.07.02	03:00:10.408	0.93338				2
2025.07.02	03:00:11.089	0.93337				2
2025.07.02	03:00:11.473	0.93338				2
2025.07.02	03:00:12.311	0.93340	0.93349			6
2025.07.02	03:00:13.006	0.93339				2
2025.07.02	03:00:14.183		0.93348			4
2025.07.02	03:00:14.494		0.93349			4
2025.07.02	03:00:15.365	0.93340	0.93351			6
2025.07.02	03:00:15.672		0.93350			4
2025.07.02	03:00:16.375		0.93349			4
2025.07.02	03:00:16.686		0.93350			4
2025.07.02	03:00:17.581	0.93339	0.93349			6
2025.07.02	03:00:18.017		0.93348			4
2025.07.02	03:00:21.793	0.93338	0.93347			6
2025.07.02	03:00:22.427	0.93337				2
2025.07.02	03:00:22.871	0.93335	0.93345			6
2025.07.02	03:00:23.292	0.93339				2
2025.07.02	03:00:23.892	0.93335				2
2025.07.02	03:00:24.349	0.93336				2
2025.07.02	03:00:24.665	0.93339	0.93346			6
2025.07.02	03:00:25.281	0.93335	0.93345			6
2025.07.02	03:00:25.621	0.93334	0.93344			6
2025.07.02	03:00:25.927	0.93333	0.93343			6
2025.07.02	03:00:27.527	0.93332				2
2025.07.02	03:00:29.786	0.93334	0.93344			6
2025.07.02	03:00:30.403	0.93331	0.93340			6
2025.07.02	03:00:30.720	0.93330	0.93339			6
2025.07.02	03:00:33.062	0.93328	0.93338			6
2025.07.02	03:00:33.397	0.93329				2
2025.07.02	03:00:33.727		0.93339			4
2025.07.02	03:00:34.622	0.93328	0.93338			6
2025.07.02	03:00:35.594	0.93331	0.93340			6
2025.07.02	03:00:35.901		0.93341			4
2025.07.02	03:00:36.206	0.93332	0.93342			6
2025.07.02	03:00:36.835	0.93330	0.93336			6
2025.07.02	03:00:37.144	0.93328	0.93337			6
2025.07.02	03:00:37.944	0.93329	0.93338			6
2025.07.02	03:00:41.379	0.93330	0.93340			6
2025.07.02	03:00:42.021	0.93329	0.93338			6
2025.07.02	03:00:43.703	0.93328	0.93337			6
2025.07.02	03:00:51.409	0.93329	0.93338			6
2025.07.02	03:00:52.419	0.93328				2
2025.07.02	03:00:53.288	0.93331	0.93339			6
2025.07.02	03:00:53.626	0.93332	0.93341			6
2025.07.02	03:00:54.271	0.93333				2
2025.07.02	03:00:54.654	0.93332				2
2025.07.02	03:00:57.293	0.93330	0.93340			6
2025.07.02	03:00:57.624	0.93331				2
2025.07.02	03:00:59.538	0.93332	0.93341			6
2025.07.02	03:01:00.214	0.93332	0.93342			6
2025.07.02	03:01:00.521	0.93334	0.93344			6
2025.07.02	03:01:00.916		0.93343			4
2025.07.02	03:01:01.220	0.93335	0.93344			6
2025.07.02	03:01:01.574	0.93334				2
2025.07.02	03:01:01.879	0.93335				2
2025.07.02	03:01:02.374	0.93334				2
2025.07.02	03:01:02.761	0.93335				2
2025.07.02	03:01:03.778	0.93334				2
2025.07.02	03:01:04.081	0.93337				2
2025.07.02	03:01:05.023	0.93336	0.93345			6
2025.07.02	03:01:05.340	0.93338	0.93347			6
2025.07.02	03:01:06.065	0.93337	0.93346			6
2025.07.02	03:01:06.681	0.93338	0.93347			6
2025.07.02	03:01:08.956	0.93340	0.93350			6
2025.07.02	03:01:09.923	0.93341				2
2025.07.02	03:01:10.255	0.93340	0.93349			6
2025.07.02	03:01:12.176	0.93339				2
2025.07.02	03:01:13.248		0.93348			4
2025.07.02	03:01:13.558	0.93338				2
2025.07.02	03:01:14.180	0.93336	0.93345			6
2025.07.02	03:01:17.187		0.93346			4
2025.07.02	03:01:20.814	0.93337				2
2025.07.02	03:01:21.778	0.93335				2
2025.07.02	03:01:22.115	0.93340	0.93345			6
2025.07.02	03:01:22.424	0.93339	0.93347			6
2025.07.02	03:01:22.741	0.93336				2
2025.07.02	03:01:23.104	0.93333	0.93343			6
2025.07.02	03:01:23.412	0.93335	0.93346			6
2025.07.02	03:01:23.740	0.93336				2
2025.07.02	03:01:25.316	0.93338	0.93348			6
2025.07.02	03:01:25.620	0.93337				2
2025.07.02	03:01:26.156	0.93338	0.93349			6
2025.07.02	03:01:26.462		0.93348			4
2025.07.02	03:01:26.894	0.93336	0.93345			6
2025.07.02	03:01:27.198	0.93335				2
2025.07.02	03:01:28.220	0.93334	0.93344			6
2025.07.02	03:01:28.573		0.93345			4
2025.07.02	03:01:29.601	0.93333	0.93344			6
2025.07.02	03:01:32.062	0.93334	0.93345			6
2025.07.02	03:01:33.857	0.93335				2
2025.07.02	03:01:34.159	0.93334				2
2025.07.02	03:01:36.391	0.93333	0.93344			6
2025.07.02	03:01:38.667	0.93334	0.93345			6
2025.07.02	03:01:41.292		0.93346			4
2025.07.02	03:01:42.185	0.93332	0.93343			6
2025.07.02	03:01:48.149	0.93331	0.93341			6
2025.07.02	03:01:49.893		0.93342			4
2025.07.02	03:01:51.695		0.93343			4
2025.07.02	03:01:53.444	0.93330	0.93342			6
2025.07.02	03:01:53.753	0.93329				2
2025.07.02	03:01:54.057		0.93341			4
2025.07.02	03:01:54.689	0.93330				2
2025.07.02	03:01:55.024		0.93342			4
2025.07.02	03:01:58.589	0.93329				2
2025.07.02	03:01:58.969	0.93330				2
2025.07.02	03:01:59.282	0.93331	0.93341			6
2025.07.02	03:01:59.621	0.93330				2
2025.07.02	03:02:00.316	0.93330				2
2025.07.02	03:02:00.846		0.93340			4
2025.07.02	03:02:01.159	0.93329	0.93341			6
2025.07.02	03:02:01.487		0.93339			4
2025.07.02	03:02:01.837	0.93330	0.93340			6
2025.07.02	03:02:03.337	0.93329				2
2025.07.02	03:02:04.501	0.93331				2
2025.07.02	03:02:04.876		0.93341			4
2025.07.02	03:02:07.458	0.93332				2
2025.07.02	03:02:08.213	0.93331				2
2025.07.02	03:02:08.681		0.93340			4
2025.07.02	03:02:08.989	0.93330				2
2025.07.02	03:02:12.244	0.93331	0.93341			6
2025.07.02	03:02:12.547	0.93330	0.93340			6
2025.07.02	03:02:12.879	0.93331	0.93341			6
2025.07.02	03:02:17.495	0.93330	0.93340			6
2025.07.02	03:02:17.848		0.93341			4
2025.07.02	03:02:18.519	0.93331				2
2025.07.02	03:02:21.859	0.93330				2
2025.07.02	03:02:23.150		0.93340			4
2025.07.02	03:02:29.441	0.93333	0.93342			6
2025.07.02	03:02:31.418		0.93343			4
2025.07.02	03:02:33.784		0.93341			4
2025.07.02	03:02:34.122	0.93332				2
2025.07.02	03:02:35.114	0.93331				2
2025.07.02	03:02:37.833	0.93332				2
2025.07.02	03:02:38.184	0.93331				2
2025.07.02	03:02:39.759		0.93340			4
2025.07.02	03:02:40.107		0.93341			4
2025.07.02	03:02:40.689	0.93330				2
2025.07.02	03:02:41.215		0.93340			4
2025.07.02	03:02:42.011	0.93329	0.93339			6
2025.07.02	03:02:42.369	0.93328	0.93338			6
2025.07.02	03:02:42.731	0.93329				2
2025.07.02	03:02:43.485	0.93330				2
2025.07.02	03:02:44.489		0.93341			4
2025.07.02	03:02:44.801	0.93332				2
2025.07.02	03:02:45.138	0.93333	0.93342			6
2025.07.02	03:02:45.465	0.93335				2
2025.07.02	03:02:45.921	0.93332				2
2025.07.02	03:02:46.553	0.93333				2
2025.07.02	03:02:47.375	0.93332				2
2025.07.02	03:02:47.680	0.93333	0.93343			6
2025.07.02	03:02:48.846		0.93342			4
2025.07.02	03:02:52.037	0.93332				2
2025.07.02	03:02:53.383	0.93333				2
2025.07.02	03:02:53.972		0.93343			4
2025.07.02	03:02:57.880		0.93344			4
2025.07.02	03:02:59.473	0.93334	0.93343			6
2025.07.02	03:02:59.799		0.93344			4
