<DATE>	<TIME>	<BID>	<ASK>	<LAST>	<VOLUME>	<FLAGS>
2025.12.19	00:03:30.500	0.93072	0.93126			6
2025.12.19	00:05:00.549	0.93049	0.93191			6
2025.12.19	00:05:38.372	0.93050				2
2025.12.19	00:06:04.262	0.93050	0.93191			6
2025.12.19	00:06:29.698	0.93049				2
2025.12.19	00:07:04.344	0.93049	0.93191			6
2025.12.19	00:08:00.535	0.93049				2
2025.12.19	00:08:08.835		0.93191			4
2025.12.19	00:09:00.375	0.93049				2
2025.12.19	00:09:10.534		0.93191			4
2025.12.19	00:09:26.501	0.93067	0.93173			6
2025.12.19	00:10:00.383	0.93070				2
2025.12.19	00:10:06.261	0.93071	0.93191			6
2025.12.19	00:10:07.431	0.93070				2
2025.12.19	00:10:08.962		0.93173			4
2025.12.19	00:10:12.752	0.93057	0.93286			6
2025.12.19	00:10:17.448	0.93058				2
2025.12.19	00:10:21.534		0.93285			4
2025.12.19	00:10:21.835		0.93286			4
2025.12.19	00:10:23.718		0.93285			4
2025.12.19	00:10:24.041	0.93063	0.93190			6
2025.12.19	00:11:06.500	0.93058	0.93191			6
2025.12.19	00:11:07.811	0.93072				2
2025.12.19	00:11:09.167	0.93063	0.93190			6
2025.12.19	00:11:10.161	0.93071	0.93191			6
2025.12.19	00:11:15.374	0.93064	0.93190			6
2025.12.19	00:11:16.373	0.93071	0.93191			6
2025.12.19	00:11:21.694	0.93063	0.93190			6
2025.12.19	00:11:22.692	0.93071	0.93191			6
2025.12.19	00:11:27.873	0.93063	0.93190			6
2025.12.19	00:11:28.956	0.93071	0.93191			6
2025.12.19	00:11:34.385	0.93063	0.93190			6
2025.12.19	00:11:35.387	0.93071	0.93191			6
2025.12.19	00:11:50.544	0.93072				2
2025.12.19	00:12:04.266	0.93072				2
2025.12.19	00:12:06.530	0.93074				2
2025.12.19	00:12:07.866	0.93073				2
2025.12.19	00:12:09.248	0.93074				2
2025.12.19	00:12:09.952	0.93073				2
2025.12.19	00:12:10.534	0.93074				2
2025.12.19	00:12:32.165	0.93075				2
2025.12.19	00:12:35.766		0.93191			4
2025.12.19	00:12:42.393	0.93076				2
2025.12.19	00:12:43.322	0.93075				2
2025.12.19	00:12:45.324	0.93076				2
2025.12.19	00:13:00.354	0.93076				2
2025.12.19	00:13:11.955	0.93075				2
2025.12.19	00:13:13.452	0.93076				2
2025.12.19	00:13:15.453	0.93077				2
2025.12.19	00:13:16.545	0.93076				2
2025.12.19	00:13:18.965	0.93077				2
2025.12.19	00:13:36.065		0.93191			4
2025.12.19	00:13:38.972	0.93076				2
2025.12.19	00:13:39.371	0.93077				2
2025.12.19	00:13:39.974	0.93076				2
2025.12.19	00:13:40.278	0.93077				2
2025.12.19	00:13:41.872	0.93076				2
2025.12.19	00:13:46.309	0.93074				2
2025.12.19	00:13:46.755	0.93075				2
2025.12.19	00:13:47.190	0.93076				2
2025.12.19	00:13:51.148	0.93074				2
2025.12.19	00:13:51.623	0.93076				2
2025.12.19	00:13:52.647	0.93075				2
2025.12.19	00:13:53.015	0.93076				2
2025.12.19	00:14:00.020	0.93076				2
2025.12.19	00:14:02.466	0.93077				2
2025.12.19	00:14:08.324	0.93076				2
2025.12.19	00:14:08.802	0.93077				2
2025.12.19	00:14:10.534	0.93076				2
2025.12.19	00:14:11.159	0.93077				2
2025.12.19	00:14:15.166	0.93076				2
2025.12.19	00:14:16.566	0.93077				2
2025.12.19	00:14:17.301	0.93076				2
2025.12.19	00:14:17.997	0.93077				2
2025.12.19	00:14:19.379	0.93076				2
2025.12.19	00:14:20.164	0.93077				2
2025.12.19	00:14:20.768	0.93076				2
2025.12.19	00:14:21.165	0.93077				2
2025.12.19	00:14:21.536	0.93076				2
2025.12.19	00:14:23.576	0.93077				2
2025.12.19	00:14:24.078	0.93076				2
2025.12.19	00:14:25.043	0.93077				2
2025.12.19	00:14:26.077	0.93076				2
2025.12.19	00:14:26.543	0.93077				2
2025.12.19	00:14:27.579	0.93075				2
2025.12.19	00:14:27.938	0.93077				2
2025.12.19	00:14:29.078	0.93076				2
2025.12.19	00:14:31.439	0.93075				2
2025.12.19	00:14:31.832	0.93077				2
2025.12.19	00:14:32.233	0.93076				2
2025.12.19	00:14:32.941	0.93077				2
2025.12.19	00:14:33.325	0.93076				2
2025.12.19	00:14:33.941	0.93077				2
2025.12.19	00:14:34.442	0.93076				2
2025.12.19	00:14:35.120	0.93075				2
2025.12.19	00:14:35.446	0.93076				2
2025.12.19	00:14:35.941	0.93077				2
2025.12.19	00:14:36.447	0.93076	0.93191			6
2025.12.19	00:14:36.911	0.93077				2
2025.12.19	00:14:37.409	0.93076				2
2025.12.19	00:14:38.299	0.93077				2
2025.12.19	00:14:39.411	0.93076				2
2025.12.19	00:14:39.720	0.93077				2
2025.12.19	00:14:40.091	0.93076				2
2025.12.19	00:14:40.900	0.93077				2
2025.12.19	00:14:41.543	0.93076				2
2025.12.19	00:14:42.345	0.93077				2
2025.12.19	00:14:42.900	0.93076				2
2025.12.19	00:14:43.218	0.93077				2
2025.12.19	00:14:45.298	0.93076				2
2025.12.19	00:14:46.299	0.93077				2
2025.12.19	00:14:46.724	0.93076				2
2025.12.19	00:14:47.064	0.93077				2
2025.12.19	00:14:47.416	0.93076				2
2025.12.19	00:14:48.299	0.93077				2
2025.12.19	00:14:48.799	0.93076				2
2025.12.19	00:14:49.250	0.93077				2
2025.12.19	00:14:49.677	0.93076				2
2025.12.19	00:14:50.679	0.93077				2
2025.12.19	00:14:51.050	0.93076				2
2025.12.19	00:14:52.093	0.93077				2
2025.12.19	00:14:52.399	0.93076				2
2025.12.19	00:14:52.702	0.93077				2
2025.12.19	00:14:53.266	0.93076				2
2025.12.19	00:14:54.175	0.93077				2
2025.12.19	00:14:54.501	0.93076				2
2025.12.19	00:14:56.508	0.93077				2
2025.12.19	00:14:57.522	0.93075				2
2025.12.19	00:14:57.914	0.93077				2
2025.12.19	00:14:58.283	0.93076				2
2025.12.19	00:14:58.866	0.93075				2
2025.12.19	00:14:59.281	0.93077				2
2025.12.19	00:14:59.614	0.93076				2
2025.12.19	00:15:00.305	0.93077	0.93173			6
2025.12.19	00:15:00.616	0.93074	0.93170			6
2025.12.19	00:15:00.940	0.93072				2
2025.12.19	00:15:01.285	0.93078	0.93169			6
2025.12.19	00:15:01.673	0.93077	0.93167			6
2025.12.19	00:15:01.978	0.93078				2
2025.12.19	00:15:02.325	0.93073				2
2025.12.19	00:15:02.726	0.93070				2
2025.12.19	00:15:03.728	0.93072				2
2025.12.19	00:15:04.218	0.93071				2
2025.12.19	00:15:04.536	0.93072				2
2025.12.19	00:15:04.840	0.93070				2
2025.12.19	00:15:05.256	0.93068				2
2025.12.19	00:15:06.317	0.93071				2
2025.12.19	00:15:06.816	0.93072				2
2025.12.19	00:15:07.124	0.93071				2
2025.12.19	00:15:07.815	0.93069				2
2025.12.19	00:15:08.248	0.93070				2
2025.12.19	00:15:08.701	0.93071				2
2025.12.19	00:15:09.174	0.93072				2
2025.12.19	00:15:09.673	0.93069				2
2025.12.19	00:15:10.072	0.93070				2
2025.12.19	00:15:10.534	0.93071				2
2025.12.19	00:15:10.846	0.93072				2
2025.12.19	00:15:11.171	0.93071				2
2025.12.19	00:15:12.426	0.93070				2
2025.12.19	00:15:12.765	0.93071				2
2025.12.19	00:15:13.686	0.93069				2
2025.12.19	00:15:14.167	0.93070				2
2025.12.19	00:15:14.593	0.93071				2
2025.12.19	00:15:15.094	0.93072				2
2025.12.19	00:15:15.593	0.93071				2
2025.12.19	00:15:16.388	0.93069				2
2025.12.19	00:15:16.783	0.93072				2
2025.12.19	00:15:17.161	0.93073				2
2025.12.19	00:15:17.774	0.93072				2
2025.12.19	00:15:18.122	0.93067				2
2025.12.19	00:15:18.597	0.93071				2
2025.12.19	00:15:19.057	0.93072				2
2025.12.19	00:15:19.823	0.93071				2
2025.12.19	00:15:21.323	0.93072				2
2025.12.19	00:15:21.824	0.93070				2
2025.12.19	00:15:22.824	0.93071				2
2025.12.19	00:15:23.323	0.93073				2
2025.12.19	00:15:23.824	0.93071				2
2025.12.19	00:15:24.738	0.93070				2
2025.12.19	00:15:25.058	0.93071				2
2025.12.19	00:15:25.424	0.93070				2
2025.12.19	00:15:25.822	0.93073				2
2025.12.19	00:15:26.224	0.93072				2
2025.12.19	00:15:26.965	0.93070				2
2025.12.19	00:15:27.305	0.93071				2
2025.12.19	00:15:27.698	0.93066				2
2025.12.19	00:15:28.029	0.93067				2
2025.12.19	00:15:28.337	0.93072				2
2025.12.19	00:15:28.747	0.93068				2
2025.12.19	00:15:29.167	0.93072				2
2025.12.19	00:15:29.522	0.93071				2
2025.12.19	00:15:29.823	0.93067				2
2025.12.19	00:15:30.145	0.93071				2
2025.12.19	00:15:30.505	0.93070				2
2025.12.19	00:15:30.823	0.93065				2
2025.12.19	00:15:31.773	0.93066				2
2025.12.19	00:15:33.329	0.93074				2
2025.12.19	00:15:34.664	0.93077	0.93169			6
2025.12.19	00:15:35.089	0.93080	0.93170			6
2025.12.19	00:15:35.945	0.93074	0.93166			6
2025.12.19	00:15:36.736	0.93077	0.93164			6
2025.12.19	00:15:40.565	0.93076				2
2025.12.19	00:15:42.235		0.93166			4
2025.12.19	00:15:46.867	0.93077				2
2025.12.19	00:15:51.947	0.93078				2
2025.12.19	00:15:54.414	0.93075				2
2025.12.19	00:15:58.352	0.93077				2
2025.12.19	00:16:00.858	0.93075				2
2025.12.19	00:16:03.724	0.93077	0.93167			6
2025.12.19	00:16:06.529	0.93076				2
2025.12.19	00:16:09.862	0.93078	0.93169			6
2025.12.19	00:16:10.166	0.93076	0.93167			6
2025.12.19	00:16:10.478	0.93078	0.93178			6
2025.12.19	00:16:10.780	0.93076	0.93168			6
2025.12.19	00:16:11.099	0.93078				2
2025.12.19	00:16:11.422	0.93076				2
2025.12.19	00:16:12.552	0.93078				2
2025.12.19	00:16:13.178	0.93075				2
2025.12.19	00:16:13.485	0.93077				2
2025.12.19	00:16:14.076	0.93075				2
2025.12.19	00:16:14.378	0.93077				2
2025.12.19	00:16:15.311	0.93075				2
2025.12.19	00:16:15.618	0.93077				2
2025.12.19	00:16:21.979	0.93078				2
2025.12.19	00:16:27.862	0.93077				2
2025.12.19	00:16:28.237	0.93078				2
2025.12.19	00:16:29.614	0.93077				2
2025.12.19	00:16:30.768	0.93078				2
2025.12.19	00:16:50.998	0.93077				2
2025.12.19	00:16:52.023	0.93075				2
2025.12.19	00:16:59.410	0.93074				2
2025.12.19	00:17:00.311	0.93074				2
2025.12.19	00:17:01.612	0.93073				2
2025.12.19	00:17:02.770	0.93072				2
2025.12.19	00:17:05.551	0.93077				2
2025.12.19	00:17:06.365	0.93078				2
2025.12.19	00:17:06.694	0.93075				2
2025.12.19	00:17:11.784		0.93168			4
2025.12.19	00:17:35.573	0.93076				2
2025.12.19	00:17:38.542	0.93075				2
2025.12.19	00:17:51.290	0.93076				2
2025.12.19	00:17:55.699	0.93077				2
2025.12.19	00:18:01.742	0.93075				2
2025.12.19	00:18:03.366	0.93076				2
2025.12.19	00:18:05.695	0.93075				2
2025.12.19	00:18:07.079	0.93076				2
2025.12.19	00:18:11.893		0.93168			4
2025.12.19	00:18:37.655	0.93077	0.93170			6
2025.12.19	00:18:41.465	0.93078				2
2025.12.19	00:18:52.406	0.93081	0.93174			6
2025.12.19	00:18:53.766	0.93082				2
2025.12.19	00:18:57.867	0.93081				2
2025.12.19	00:18:58.231	0.93082				2
2025.12.19	00:19:00.699	0.93081				2
2025.12.19	00:19:02.166	0.93082				2
2025.12.19	00:19:06.066	0.93081				2
2025.12.19	00:19:11.636	0.93080				2
2025.12.19	00:19:13.265	0.93081				2
2025.12.19	00:19:15.307	0.93084	0.93176			6
2025.12.19	00:19:16.308	0.93082				2
2025.12.19	00:19:20.696	0.93083				2
2025.12.19	00:19:22.816	0.93082				2
2025.12.19	00:19:24.212	0.93083				2
2025.12.19	00:19:26.271	0.93086				2
2025.12.19	00:19:32.945	0.93082				2
2025.12.19	00:19:33.417		0.93174			4
2025.12.19	00:19:33.965	0.93081				2
2025.12.19	00:19:34.484	0.93082				2
2025.12.19	00:19:37.566	0.93083				2
2025.12.19	00:19:45.746		0.93175			4
2025.12.19	00:19:47.751		0.93174			4
2025.12.19	00:19:51.414	0.93082				2
2025.12.19	00:19:53.201	0.93081				2
2025.12.19	00:19:53.547	0.93082				2
2025.12.19	00:20:00.545	0.93082				2
2025.12.19	00:20:11.766	0.93083				2
2025.12.19	00:20:50.534		0.93174			4
2025.12.19	00:20:55.664	0.93085				2
2025.12.19	00:21:00.232	0.93085				2
2025.12.19	00:21:27.976	0.93083	0.93173			6
2025.12.19	00:21:29.061	0.93080	0.93170			6
2025.12.19	00:21:30.210	0.93078				2
2025.12.19	00:21:47.603	0.93076				2
2025.12.19	00:21:48.014		0.93168			4
2025.12.19	00:21:58.674	0.93075				2
2025.12.19	00:21:59.022		0.93169			4
2025.12.19	00:22:00.534	0.93074				2
2025.12.19	00:22:03.289	0.93072				2
2025.12.19	00:22:05.326	0.93065				2
2025.12.19	00:22:14.937	0.93063				2
2025.12.19	00:22:20.941	0.93069				2
2025.12.19	00:22:24.566	0.93076				2
2025.12.19	00:22:28.419	0.93078				2
2025.12.19	00:22:31.899	0.93075				2
2025.12.19	00:22:34.240	0.93067	0.93167			6
2025.12.19	00:22:40.534	0.93068				2
2025.12.19	00:22:50.977	0.93069				2
2025.12.19	00:22:54.240	0.93061				2
2025.12.19	00:23:00.535	0.93061				2
2025.12.19	00:23:24.539	0.93062				2
2025.12.19	00:23:30.535	0.93061				2
2025.12.19	00:23:33.773	0.93062				2
2025.12.19	00:23:34.865	0.93063	0.93167			6
2025.12.19	00:23:36.603		0.93169			4
2025.12.19	00:23:40.694	0.93064				2
2025.12.19	00:23:42.366	0.93061				2
2025.12.19	00:23:48.196	0.93062				2
2025.12.19	00:23:51.067	0.93063				2
2025.12.19	00:23:51.646	0.93064	0.93166			6
2025.12.19	00:23:53.493	0.93065				2
2025.12.19	00:23:59.272	0.93070	0.93169			6
2025.12.19	00:23:59.633	0.93077	0.93172			6
2025.12.19	00:24:00.534	0.93077				2
2025.12.19	00:24:05.699	0.93076				2
2025.12.19	00:24:06.366	0.93074				2
2025.12.19	00:24:10.866	0.93073				2
2025.12.19	00:25:00.373	0.93073	0.93172			6
2025.12.19	00:25:02.897	0.93072				2
2025.12.19	00:25:06.409	0.93073				2
2025.12.19	00:25:07.626	0.93072				2
2025.12.19	00:25:08.146	0.93071				2
2025.12.19	00:25:12.229	0.93072				2
2025.12.19	00:25:14.231	0.93073				2
2025.12.19	00:25:14.736	0.93071				2
2025.12.19	00:25:15.235	0.93073				2
2025.12.19	00:25:15.734	0.93071				2
2025.12.19	00:25:16.240	0.93076				2
2025.12.19	00:25:16.736	0.93072				2
2025.12.19	00:25:18.231	0.93073				2
2025.12.19	00:25:18.732	0.93071				2
2025.12.19	00:25:19.233	0.93072				2
2025.12.19	00:25:20.233	0.93073				2
2025.12.19	00:25:20.731	0.93072				2
2025.12.19	00:25:21.539	0.93071				2
2025.12.19	00:25:22.232	0.93072				2
2025.12.19	00:25:23.229	0.93073				2
2025.12.19	00:25:23.733	0.93072				2
2025.12.19	00:25:24.233	0.93073				2
2025.12.19	00:25:25.735	0.93072				2
2025.12.19	00:25:26.236	0.93074				2
2025.12.19	00:25:26.735	0.93072				2
2025.12.19	00:25:27.233	0.93073				2
2025.12.19	00:25:27.731	0.93072				2
2025.12.19	00:25:28.233	0.93073				2
2025.12.19	00:25:28.731	0.93072				2
2025.12.19	00:25:29.233	0.93074				2
2025.12.19	00:25:29.732	0.93073				2
2025.12.19	00:25:31.243	0.93074				2
2025.12.19	00:25:31.566	0.93072				2
2025.12.19	00:25:32.232	0.93073				2
2025.12.19	00:25:32.732	0.93072				2
2025.12.19	00:25:33.232	0.93076				2
2025.12.19	00:25:33.732	0.93073				2
2025.12.19	00:25:34.234	0.93072				2
2025.12.19	00:25:34.838	0.93073				2
2025.12.19	00:25:36.409	0.93074				2
2025.12.19	00:25:36.748	0.93073				2
2025.12.19	00:25:37.234	0.93074				2
2025.12.19	00:25:37.736	0.93073				2
2025.12.19	00:25:38.063	0.93074				2
2025.12.19	00:25:38.801	0.93073				2
2025.12.19	00:25:39.235	0.93074				2
2025.12.19	00:25:39.732	0.93073				2
2025.12.19	00:25:40.235	0.93074				2
2025.12.19	00:25:40.732	0.93073				2
2025.12.19	00:25:41.229	0.93074				2
2025.12.19	00:25:41.731	0.93073				2
2025.12.19	00:25:42.231	0.93074				2
2025.12.19	00:25:42.739	0.93073				2
2025.12.19	00:25:43.234	0.93074				2
2025.12.19	00:25:45.735	0.93073				2
2025.12.19	00:25:46.234	0.93074				2
2025.12.19	00:25:46.732	0.93073				2
2025.12.19	00:25:47.041	0.93077				2
2025.12.19	00:25:47.732	0.93074				2
2025.12.19	00:25:48.654	0.93073				2
2025.12.19	00:25:49.229	0.93074				2
2025.12.19	00:25:49.733	0.93073				2
2025.12.19	00:25:50.239	0.93074				2
2025.12.19	00:25:50.732	0.93073				2
2025.12.19	00:25:51.037	0.93074				2
2025.12.19	00:25:51.647	0.93073				2
2025.12.19	00:25:52.233	0.93074				2
2025.12.19	00:25:54.733	0.93073				2
2025.12.19	00:25:55.044	0.93074				2
2025.12.19	00:25:55.367	0.93073				2
2025.12.19	00:25:55.680	0.93074				2
2025.12.19	00:25:57.053	0.93069				2
2025.12.19	00:25:58.733	0.93068				2
2025.12.19	00:26:00.495	0.93069	0.93172			6
2025.12.19	00:26:01.056	0.93068				2
2025.12.19	00:26:01.556	0.93069				2
2025.12.19	00:26:02.056	0.93068				2
2025.12.19	00:26:02.382	0.93070				2
2025.12.19	00:26:03.065	0.93068				2
2025.12.19	00:26:03.556	0.93070				2
2025.12.19	00:26:04.057	0.93068				2
2025.12.19	00:26:04.556	0.93067	0.93174			6
2025.12.19	00:26:04.859	0.93068				2
2025.12.19	00:26:06.206	0.93070				2
2025.12.19	00:26:06.709	0.93069				2
2025.12.19	00:26:07.016	0.93068				2
2025.12.19	00:26:07.361	0.93069				2
2025.12.19	00:26:07.866	0.93068				2
2025.12.19	00:26:12.088	0.93071	0.93173			6
2025.12.19	00:26:15.761	0.93072				2
2025.12.19	00:26:26.239	0.93073				2
2025.12.19	00:26:27.088	0.93068				2
2025.12.19	00:26:47.234	0.93069				2
2025.12.19	00:26:48.208	0.93068				2
2025.12.19	00:27:00.232	0.93068				2
2025.12.19	00:27:10.232	0.93070				2
2025.12.19	00:27:10.733	0.93068				2
2025.12.19	00:27:11.233	0.93069				2
2025.12.19	00:27:12.229		0.93173			4
2025.12.19	00:27:12.732	0.93068				2
2025.12.19	00:27:13.231	0.93069				2
2025.12.19	00:27:13.802	0.93068				2
2025.12.19	00:27:14.233	0.93070				2
2025.12.19	00:27:14.729	0.93068				2
2025.12.19	00:27:15.230	0.93072				2
2025.12.19	00:27:15.734	0.93068				2
2025.12.19	00:27:16.236	0.93069				2
2025.12.19	00:27:17.239	0.93070				2
2025.12.19	00:27:17.741	0.93069				2
2025.12.19	00:27:18.231	0.93070				2
2025.12.19	00:27:18.735	0.93068				2
2025.12.19	00:27:19.235	0.93070				2
2025.12.19	00:27:19.740	0.93068				2
2025.12.19	00:27:20.232	0.93070				2
2025.12.19	00:27:20.538	0.93068				2
2025.12.19	00:27:21.233	0.93073				2
2025.12.19	00:27:21.662	0.93072				2
2025.12.19	00:27:22.738	0.93071				2
2025.12.19	00:27:23.236	0.93073				2
2025.12.19	00:27:23.735	0.93071				2
2025.12.19	00:27:24.232	0.93072				2
2025.12.19	00:27:24.732	0.93071				2
2025.12.19	00:27:25.232	0.93072				2
2025.12.19	00:27:25.735	0.93071				2
2025.12.19	00:27:26.232	0.93072				2
2025.12.19	00:27:26.705	0.93071				2
2025.12.19	00:27:27.231	0.93072				2
2025.12.19	00:27:27.734	0.93071				2
2025.12.19	00:27:28.233	0.93070				2
2025.12.19	00:27:28.733	0.93069				2
2025.12.19	00:27:29.230	0.93070				2
2025.12.19	00:27:31.761	0.93078	0.93177			6
2025.12.19	00:27:32.347	0.93077				2
2025.12.19	00:27:39.679	0.93076	0.93180			6
2025.12.19	00:27:40.867	0.93075				2
2025.12.19	00:27:43.688	0.93087	0.93192			6
2025.12.19	00:27:44.571	0.93085				2
2025.12.19	00:27:46.598	0.93086				2
2025.12.19	00:27:48.065	0.93085				2
2025.12.19	00:27:51.474	0.93083				2
2025.12.19	00:27:51.848	0.93082	0.93189			6
2025.12.19	00:27:52.204	0.93080	0.93182			6
2025.12.19	00:27:55.837		0.93188			4
2025.12.19	00:27:56.200	0.93078	0.93181			6
2025.12.19	00:27:58.124	0.93071	0.93175			6
2025.12.19	00:27:59.851	0.93085	0.93192			6
2025.12.19	00:28:00.188	0.93085				2
2025.12.19	00:28:01.267	0.93086				2
2025.12.19	00:28:03.393	0.93087				2
2025.12.19	00:28:03.893	0.93086				2
2025.12.19	00:28:04.393	0.93087				2
2025.12.19	00:28:04.894	0.93086				2
2025.12.19	00:28:05.394	0.93087				2
2025.12.19	00:28:05.892	0.93086				2
2025.12.19	00:28:06.393	0.93087				2
2025.12.19	00:28:06.895	0.93081	0.93169			6
2025.12.19	00:28:07.394	0.93083	0.93171			6
2025.12.19	00:28:07.785	0.93081	0.93169			6
2025.12.19	00:28:08.394	0.93083	0.93171			6
2025.12.19	00:28:08.893	0.93081	0.93169			6
2025.12.19	00:28:09.394	0.93082	0.93171			6
2025.12.19	00:28:09.893	0.93081	0.93169			6
2025.12.19	00:28:10.351	0.93082	0.93171			6
2025.12.19	00:28:10.892	0.93081	0.93169			6
2025.12.19	00:28:11.393	0.93083	0.93171			6
2025.12.19	00:28:11.892		0.93169			4
2025.12.19	00:28:12.393		0.93178			4
2025.12.19	00:28:12.945	0.93081	0.93177			6
2025.12.19	00:28:19.036	0.93080				2
2025.12.19	00:28:19.991	0.93082				2
2025.12.19	00:28:37.560		0.93178			4
2025.12.19	00:28:41.425	0.93081				2
2025.12.19	00:28:43.209	0.93082				2
2025.12.19	00:28:44.098	0.93081				2
2025.12.19	00:28:44.787	0.93082				2
2025.12.19	00:28:45.819		0.93176			4
2025.12.19	00:28:58.339	0.93081	0.93178			6
2025.12.19	00:29:00.536	0.93081				2
2025.12.19	00:29:04.867	0.93082				2
2025.12.19	00:29:10.138	0.93086	0.93176			6
2025.12.19	00:29:13.673	0.93087				2
2025.12.19	00:29:16.599	0.93083				2
2025.12.19	00:29:17.661	0.93084				2
2025.12.19	00:29:18.656	0.93087				2
2025.12.19	00:29:20.408	0.93083	0.93178			6
2025.12.19	00:29:20.995	0.93087				2
2025.12.19	00:29:26.284	0.93084				2
2025.12.19	00:29:39.365	0.93085				2
2025.12.19	00:29:50.326	0.93084				2
2025.12.19	00:29:54.638	0.93085				2
2025.12.19	00:29:55.873	0.93084	0.93183			6
2025.12.19	00:29:56.651		0.93180			4
2025.12.19	00:29:57.480	0.93086				2
2025.12.19	00:30:00.308	0.93086	0.93173			6
2025.12.19	00:30:03.701	0.93084	0.93171			6
2025.12.19	00:30:06.065	0.93085				2
2025.12.19	00:30:15.773	0.93099				2
2025.12.19	00:30:16.963		0.93173			4
2025.12.19	00:30:17.278		0.93171			4
2025.12.19	00:30:52.248		0.93170			4
2025.12.19	00:30:52.876		0.93175			4
2025.12.19	00:30:58.655		0.93172			4
2025.12.19	00:31:00.385	0.93099				2
2025.12.19	00:31:04.616		0.93170			4
2025.12.19	00:31:07.019		0.93171			4
2025.12.19	00:31:09.185		0.93167			4
2025.12.19	00:31:36.644		0.93176			4
2025.12.19	00:31:37.013		0.93172			4
2025.12.19	00:31:37.637		0.93167			4
2025.12.19	00:31:38.146		0.93176			4
2025.12.19	00:31:38.479		0.93177			4
2025.12.19	00:31:38.785		0.93171			4
2025.12.19	00:31:39.145		0.93174			4
2025.12.19	00:32:00.381	0.93099				2
2025.12.19	00:32:40.410		0.93174			4
2025.12.19	00:33:00.537	0.93099				2
2025.12.19	00:33:39.197		0.93172			4
2025.12.19	00:34:00.970	0.93099				2
2025.12.19	00:34:02.471		0.93169			4
2025.12.19	00:35:00.355	0.93096				2
2025.12.19	00:35:14.765		0.93169			4
2025.12.19	00:35:36.108	0.93095				2
2025.12.19	00:35:36.617	0.93098				2
2025.12.19	00:35:37.268	0.93099				2
2025.12.19	00:35:39.279	0.93096	0.93171			6
2025.12.19	00:35:40.041	0.93092				2
2025.12.19	00:35:40.865	0.93091				2
2025.12.19	00:35:43.794		0.93174			4
2025.12.19	00:35:44.291		0.93168			4
2025.12.19	00:35:51.965	0.93090				2
2025.12.19	00:35:52.582	0.93092	0.93171			6
2025.12.19	00:35:53.166	0.93093				2
2025.12.19	00:35:53.782		0.93167			4
2025.12.19	00:35:54.097	0.93092				2
2025.12.19	00:35:59.471		0.93165			4
2025.12.19	00:36:00.312	0.93092				2
2025.12.19	00:36:02.466	0.93091				2
2025.12.19	00:36:06.965	0.93092				2
2025.12.19	00:36:07.581	0.93091				2
2025.12.19	00:36:13.570		0.93164			4
2025.12.19	00:36:15.367	0.93090				2
2025.12.19	00:36:27.365	0.93091				2
2025.12.19	00:36:29.684		0.93167			4
2025.12.19	00:36:37.580		0.93166			4
2025.12.19	00:36:39.685	0.93090				2
2025.12.19	00:36:44.684	0.93091				2
2025.12.19	00:36:45.562	0.93090				2
2025.12.19	00:36:46.185	0.93091				2
2025.12.19	00:36:47.557		0.93167			4
2025.12.19	00:36:49.685	0.93090				2
2025.12.19	00:36:50.686	0.93091				2
2025.12.19	00:36:52.991	0.93092	0.93166			6
2025.12.19	00:36:53.685	0.93091				2
2025.12.19	00:36:55.185		0.93167			4
2025.12.19	00:36:59.054	0.93092				2
2025.12.19	00:37:00.365	0.93092				2
2025.12.19	00:37:01.568	0.93091				2
2025.12.19	00:37:01.870		0.93165			4
2025.12.19	00:37:04.255	0.93092				2
2025.12.19	00:37:04.960	0.93094				2
2025.12.19	00:37:05.348	0.93093				2
2025.12.19	00:37:05.706	0.93092				2
2025.12.19	00:37:06.669	0.93093				2
2025.12.19	00:37:09.674	0.93092				2
2025.12.19	00:37:16.663	0.93095				2
2025.12.19	00:37:17.013	0.93100	0.93166			6
2025.12.19	00:37:17.378	0.93096				2
2025.12.19	00:37:18.668	0.93095				2
2025.12.19	00:37:31.701	0.93090	0.93165			6
2025.12.19	00:37:38.615	0.93089	0.93155			6
2025.12.19	00:37:39.115	0.93092				2
2025.12.19	00:37:39.432	0.93090	0.93156			6
2025.12.19	00:37:43.734	0.93091				2
2025.12.19	00:37:46.702	0.93095	0.93167			6
2025.12.19	00:37:47.081	0.93096				2
2025.12.19	00:37:48.967	0.93097				2
2025.12.19	00:37:49.429	0.93098	0.93168			6
2025.12.19	00:37:52.618	0.93096	0.93166			6
2025.12.19	00:37:53.165	0.93095				2
2025.12.19	00:37:54.453	0.93096	0.93168			6
2025.12.19	00:37:56.171	0.93097				2
2025.12.19	00:37:56.660	0.93096	0.93166			6
2025.12.19	00:37:58.687	0.93094				2
2025.12.19	00:38:01.703	0.93094				2
2025.12.19	00:38:08.660	0.93097	0.93168			6
2025.12.19	00:38:09.485	0.93098	0.93169			6
2025.12.19	00:38:11.063	0.93097				2
2025.12.19	00:38:13.172	0.93096	0.93167			6
2025.12.19	00:38:13.656	0.93099	0.93166			6
2025.12.19	00:38:13.972	0.93095	0.93160			6
2025.12.19	00:38:14.661	0.93094				2
2025.12.19	00:38:19.848	0.93093				2
2025.12.19	00:38:22.212	0.93096	0.93167			6
2025.12.19	00:38:22.673	0.93095				2
2025.12.19	00:38:35.156	0.93096				2
2025.12.19	00:38:36.328	0.93095				2
2025.12.19	00:38:38.733	0.93094				2
2025.12.19	00:38:39.536	0.93093				2
2025.12.19	00:38:45.202	0.93094	0.93166			6
2025.12.19	00:38:46.568	0.93093	0.93161			6
2025.12.19	00:38:47.290	0.93094				2
2025.12.19	00:38:49.461	0.93095				2
2025.12.19	00:38:49.847	0.93094	0.93164			6
2025.12.19	00:39:01.711	0.93094				2
2025.12.19	00:39:02.722	0.93096	0.93165			6
2025.12.19	00:39:04.866	0.93097				2
2025.12.19	00:39:18.366	0.93098				2
2025.12.19	00:39:45.366	0.93097				2
2025.12.19	00:39:46.746	0.93090				2
2025.12.19	00:39:55.291	0.93089				2
2025.12.19	00:40:01.709	0.93089				2
2025.12.19	00:40:02.807		0.93163			4
2025.12.19	00:40:11.987		0.93165			4
2025.12.19	00:40:12.656	0.93090				2
2025.12.19	00:40:16.711		0.93162			4
2025.12.19	00:40:22.136	0.93091				2
2025.12.19	00:40:27.349	0.93092				2
2025.12.19	00:40:28.942	0.93093				2
2025.12.19	00:40:30.054	0.93091				2
2025.12.19	00:40:36.582	0.93090	0.93161			6
2025.12.19	00:40:52.070		0.93164			4
2025.12.19	00:40:58.655	0.93089				2
2025.12.19	00:40:59.041		0.93167			4
2025.12.19	00:41:00.344	0.93090				2
2025.12.19	00:41:02.314		0.93164			4
2025.12.19	00:41:02.615		0.93160			4
2025.12.19	00:41:09.473		0.93158			4
2025.12.19	00:41:10.489	0.93093				2
2025.12.19	00:41:17.468	0.93092				2
2025.12.19	00:41:30.895		0.93159			4
2025.12.19	00:41:31.710	0.93093				2
2025.12.19	00:41:41.450	0.93089				2
2025.12.19	00:41:41.903		0.93163			4
2025.12.19	00:41:54.825		0.93164			4
2025.12.19	00:42:00.312	0.93089				2
2025.12.19	00:42:01.708	0.93088	0.93162			6
2025.12.19	00:42:05.390	0.93089	0.93158			6
2025.12.19	00:42:06.276	0.93088	0.93161			6
2025.12.19	00:42:16.704	0.93087	0.93160			6
2025.12.19	00:42:17.979	0.93091	0.93162			6
2025.12.19	00:42:18.282	0.93092				2
2025.12.19	00:42:20.655	0.93089	0.93164			6
2025.12.19	00:42:21.668	0.93088				2
2025.12.19	00:42:23.165	0.93087	0.93162			6
2025.12.19	00:42:33.417	0.93091	0.93163			6
2025.12.19	00:42:33.965	0.93092				2
2025.12.19	00:42:34.351	0.93090				2
2025.12.19	00:42:38.185	0.93088	0.93160			6
2025.12.19	00:42:41.575	0.93091	0.93161			6
2025.12.19	00:42:42.348	0.93093	0.93163			6
2025.12.19	00:42:42.665	0.93091				2
2025.12.19	00:42:47.254	0.93087	0.93161			6
2025.12.19	00:42:49.322	0.93093				2
2025.12.19	00:42:51.836	0.93091				2
2025.12.19	00:42:52.161	0.93089				2
2025.12.19	00:42:53.683	0.93088				2
2025.12.19	00:42:54.281	0.93087				2
2025.12.19	00:42:56.778		0.93158			4
2025.12.19	00:42:57.337		0.93161			4
2025.12.19	00:43:00.284	0.93086				2
2025.12.19	00:43:06.438		0.93160			4
2025.12.19	00:43:10.231	0.93089				2
2025.12.19	00:43:11.249	0.93090				2
2025.12.19	00:43:11.781		0.93157			4
2025.12.19	00:43:15.066	0.93089				2
2025.12.19	00:43:17.252	0.93090				2
2025.12.19	00:43:21.863	0.93091	0.93161			6
2025.12.19	00:43:29.468	0.93092				2
2025.12.19	00:43:32.357	0.93090	0.93164			6
2025.12.19	00:43:32.719		0.93165			4
2025.12.19	00:43:33.265	0.93091				2
2025.12.19	00:43:35.766	0.93092				2
2025.12.19	00:43:37.570	0.93091				2
2025.12.19	00:43:47.356	0.93092				2
2025.12.19	00:44:00.666	0.93092				2
2025.12.19	00:44:17.361	0.93093				2
2025.12.19	00:44:19.566	0.93094				2
2025.12.19	00:44:20.662	0.93093				2
2025.12.19	00:44:21.923		0.93161			4
2025.12.19	00:44:33.393	0.93094				2
2025.12.19	00:44:36.300	0.93092				2
2025.12.19	00:44:37.273	0.93093				2
2025.12.19	00:44:38.181	0.93094				2
2025.12.19	00:44:43.537	0.93093	0.93164			6
2025.12.19	00:44:43.868	0.93092	0.93159			6
2025.12.19	00:44:44.216	0.93094	0.93165			6
2025.12.19	00:44:44.543	0.93095				2
2025.12.19	00:44:48.347	0.93096				2
2025.12.19	00:44:51.558	0.93098	0.93167			6
2025.12.19	00:44:56.555	0.93095	0.93166			6
2025.12.19	00:44:59.058	0.93097	0.93167			6
2025.12.19	00:44:59.640	0.93096				2
2025.12.19	00:45:00.785	0.93091	0.93171			6
2025.12.19	00:45:01.285	0.93093	0.93166			6
2025.12.19	00:45:01.954	0.93094				2
2025.12.19	00:45:03.194	0.93082	0.93194			6
2025.12.19	00:45:06.621	0.93094	0.93167			6
2025.12.19	00:45:07.652		0.93166			4
2025.12.19	00:45:07.961	0.93093	0.93167			6
2025.12.19	00:45:12.563	0.93111	0.93149			6
2025.12.19	00:45:15.722	0.93114				2
2025.12.19	00:45:16.774	0.93109	0.93148			6
2025.12.19	00:45:17.254		0.93146			4
2025.12.19	00:45:31.982		0.93144			4
2025.12.19	00:45:38.339	0.93113	0.93148			6
2025.12.19	00:45:38.652	0.93114				2
2025.12.19	00:45:39.030	0.93108				2
2025.12.19	00:45:39.344		0.93144			4
2025.12.19	00:45:42.971	0.93109				2
2025.12.19	00:45:48.654	0.93108	0.93140			6
2025.12.19	00:45:49.154		0.93139			4
2025.12.19	00:45:49.640		0.93145			4
2025.12.19	00:46:02.011	0.93108	0.93146			6
2025.12.19	00:46:07.572	0.93111				2
2025.12.19	00:46:15.665	0.93112				2
2025.12.19	00:46:27.298	0.93111	0.93145			6
2025.12.19	00:46:30.682	0.93110				2
2025.12.19	00:46:32.252	0.93112	0.93147			6
2025.12.19	00:46:38.655	0.93111				2
2025.12.19	00:46:47.768	0.93110				2
2025.12.19	00:46:48.657	0.93111				2
2025.12.19	00:46:55.165	0.93112				2
2025.12.19	00:46:55.814	0.93111				2
2025.12.19	00:47:00.994	0.93111				2
2025.12.19	00:47:02.253		0.93146			4
2025.12.19	00:47:03.201	0.93099	0.93175			6
2025.12.19	00:47:06.676	0.93111	0.93146			6
2025.12.19	00:47:28.860	0.93112				2
2025.12.19	00:47:39.917	0.93110	0.93148			6
2025.12.19	00:47:40.697	0.93109				2
2025.12.19	00:47:41.416	0.93110				2
2025.12.19	00:47:56.662	0.93115	0.93157			6
2025.12.19	00:47:57.098	0.93112				2
2025.12.19	00:47:57.880	0.93115				2
2025.12.19	00:47:58.660	0.93119	0.93150			6
2025.12.19	00:47:59.410		0.93148			4
2025.12.19	00:47:59.911		0.93150			4
2025.12.19	00:48:00.315	0.93118	0.93148			6
2025.12.19	00:48:00.912		0.93150			4
2025.12.19	00:48:01.409		0.93148			4
2025.12.19	00:48:01.912		0.93150			4
2025.12.19	00:48:02.412		0.93148			4
2025.12.19	00:48:02.912		0.93150			4
2025.12.19	00:48:04.343		0.93148			4
2025.12.19	00:48:04.909		0.93151			4
2025.12.19	00:48:05.411		0.93148			4
2025.12.19	00:48:05.911		0.93151			4
2025.12.19	00:48:06.410	0.93117	0.93148			6
2025.12.19	00:48:06.728		0.93151			4
2025.12.19	00:48:07.410		0.93148			4
2025.12.19	00:48:07.910	0.93114	0.93151			6
2025.12.19	00:48:08.409		0.93149			4
2025.12.19	00:48:08.912		0.93151			4
2025.12.19	00:48:09.412		0.93149			4
2025.12.19	00:48:09.912		0.93151			4
2025.12.19	00:48:10.412		0.93149			4
2025.12.19	00:48:10.912		0.93151			4
2025.12.19	00:48:11.411		0.93149			4
2025.12.19	00:48:11.962		0.93151			4
2025.12.19	00:48:12.410		0.93149			4
2025.12.19	00:48:12.959		0.93151			4
2025.12.19	00:48:13.410		0.93145			4
2025.12.19	00:48:13.964	0.93115				2
2025.12.19	00:48:23.915	0.93114				2
2025.12.19	00:48:28.698		0.93144			4
2025.12.19	00:48:41.477		0.93143			4
2025.12.19	00:48:49.015		0.93158			4
2025.12.19	00:48:53.127		0.93154			4
2025.12.19	00:48:56.674	0.93116	0.93144			6
2025.12.19	00:48:57.005	0.93118				2
2025.12.19	00:49:00.965	0.93117				2
2025.12.19	00:49:02.995	0.93118				2
2025.12.19	00:49:11.732		0.93149			4
2025.12.19	00:49:15.366	0.93119				2
2025.12.19	00:49:22.644	0.93118				2
2025.12.19	00:49:26.731		0.93150			4
2025.12.19	00:49:37.289	0.93115	0.93156			6
2025.12.19	00:49:37.708	0.93118	0.93152			6
2025.12.19	00:49:38.851		0.93149			4
2025.12.19	00:49:39.360		0.93152			4
2025.12.19	00:49:41.160		0.93149			4
2025.12.19	00:49:41.611		0.93152			4
2025.12.19	00:49:49.202	0.93115				2
2025.12.19	00:49:49.701		0.93147			4
2025.12.19	00:49:50.204		0.93152			4
2025.12.19	00:49:50.704		0.93147			4
2025.12.19	00:49:51.204		0.93152			4
2025.12.19	00:49:51.702		0.93147			4
2025.12.19	00:49:52.203		0.93152			4
2025.12.19	00:49:52.702		0.93147			4
2025.12.19	00:49:56.687		0.93149			4
2025.12.19	00:49:57.116	0.93118	0.93154			6
2025.12.19	00:49:57.513	0.93117	0.93151			6
2025.12.19	00:50:00.666	0.93116				2
2025.12.19	00:50:05.292	0.93117	0.93149			6
2025.12.19	00:50:05.659		0.93151			4
2025.12.19	00:50:06.365	0.93118				2
2025.12.19	00:50:10.821		0.93149			4
2025.12.19	00:50:21.831	0.93116				2
2025.12.19	00:50:22.732	0.93117				2
2025.12.19	00:50:46.583		0.93151			4
2025.12.19	00:50:47.085	0.93116	0.93150			6
2025.12.19	00:50:51.188	0.93117				2
2025.12.19	00:50:55.569	0.93116				2
2025.12.19	00:50:57.962		0.93157			4
2025.12.19	00:50:58.351	0.93118				2
2025.12.19	00:51:00.535	0.93118				2
2025.12.19	00:51:05.251	0.93116				2
2025.12.19	00:51:05.561	0.93113	0.93156			6
2025.12.19	00:51:07.918		0.93146			4
2025.12.19	00:51:22.922		0.93143			4
2025.12.19	00:51:27.617		0.93141			4
2025.12.19	00:51:33.185	0.93111	0.93144			6
2025.12.19	00:51:34.190		0.93142			4
2025.12.19	00:51:34.867	0.93110				2
2025.12.19	00:51:37.733		0.93145			4
2025.12.19	00:51:38.731	0.93113	0.93150			6
2025.12.19	00:51:41.168	0.93114				2
2025.12.19	00:51:42.259	0.93111	0.93148			6
2025.12.19	00:51:42.724	0.93109				2
2025.12.19	00:51:53.725		0.93144			4
2025.12.19	00:52:00.535	0.93109				2
2025.12.19	00:52:08.323	0.93110	0.93142			6
2025.12.19	00:52:08.641	0.93112				2
2025.12.19	00:52:10.268	0.93115	0.93152			6
2025.12.19	00:52:10.622		0.93150			4
2025.12.19	00:53:01.567	0.93115				2
2025.12.19	00:53:14.117		0.93150			4
2025.12.19	00:53:36.284	0.93116				2
2025.12.19	00:53:36.680		0.93147			4
2025.12.19	00:53:40.873		0.93149			4
2025.12.19	00:53:44.456		0.93148			4
2025.12.19	00:53:44.972		0.93157			4
2025.12.19	00:53:45.467	0.93114	0.93146			6
2025.12.19	00:53:45.980	0.93116	0.93156			6
2025.12.19	00:53:46.467		0.93143			4
2025.12.19	00:53:46.862		0.93152			4
2025.12.19	00:53:47.340	0.93114	0.93147			6
2025.12.19	00:53:47.845	0.93115	0.93156			6
2025.12.19	00:53:48.340		0.93150			4
2025.12.19	00:53:48.843		0.93147			4
2025.12.19	00:53:50.173	0.93116				2
2025.12.19	00:53:52.543	0.93115				2
2025.12.19	00:53:52.864		0.93149			4
2025.12.19	00:53:53.684		0.93145			4
2025.12.19	00:53:54.044		0.93152			4
2025.12.19	00:53:54.544		0.93150			4
2025.12.19	00:53:55.546		0.93147			4
2025.12.19	00:53:56.053		0.93150			4
2025.12.19	00:53:57.272	0.93116				2
2025.12.19	00:54:00.579	0.93114				2
2025.12.19	00:54:01.080		0.93147			4
2025.12.19	00:54:01.590		0.93149			4
2025.12.19	00:54:11.708	0.93112				2
2025.12.19	00:54:15.066	0.93113				2
2025.12.19	00:54:17.263	0.93115	0.93146			6
2025.12.19	00:54:17.762		0.93153			4
2025.12.19	00:54:18.262		0.93150			4
2025.12.19	00:54:19.459		0.93148			4
2025.12.19	00:54:19.960		0.93147			4
2025.12.19	00:54:20.459		0.93153			4
2025.12.19	00:54:20.959		0.93149			4
2025.12.19	00:54:21.619	0.93116				2
2025.12.19	00:54:23.379	0.93115				2
2025.12.19	00:54:38.765	0.93116				2
2025.12.19	00:55:00.407	0.93116				2
2025.12.19	00:55:07.029	0.93113	0.93152			6
2025.12.19	00:55:07.531	0.93116				2
2025.12.19	00:55:07.940		0.93151			4
2025.12.19	00:55:08.846	0.93110	0.93150			6
2025.12.19	00:55:11.761		0.93146			4
2025.12.19	00:55:14.708	0.93111	0.93145			6
2025.12.19	00:55:28.351		0.93146			4
2025.12.19	00:55:33.365	0.93110				2
2025.12.19	00:55:39.565	0.93109	0.93147			6
2025.12.19	00:55:40.567	0.93108	0.93148			6
2025.12.19	00:55:45.032	0.93109	0.93147			6
2025.12.19	00:55:47.078	0.93110	0.93148			6
2025.12.19	00:56:00.788	0.93110				2
2025.12.19	00:56:06.377		0.93147			4
2025.12.19	00:56:42.380	0.93109	0.93145			6
2025.12.19	00:56:42.883	0.93110	0.93144			6
2025.12.19	00:56:44.380		0.93143			4
2025.12.19	00:56:47.648	0.93113	0.93146			6
2025.12.19	00:56:48.164	0.93115	0.93143			6
2025.12.19	00:56:50.217	0.93116	0.93142			6
2025.12.19	00:56:52.404	0.93114	0.93143			6
2025.12.19	00:56:54.483	0.93115	0.93142			6
2025.12.19	00:57:00.233	0.93115	0.93151			6
2025.12.19	00:57:10.042	0.93113	0.93154			6
2025.12.19	00:57:11.049		0.93152			4
2025.12.19	00:57:12.695	0.93115				2
2025.12.19	00:57:13.127		0.93154			4
2025.12.19	00:57:15.751		0.93153			4
2025.12.19	00:57:16.186		0.93152			4
2025.12.19	00:57:18.758	0.93113				2
2025.12.19	00:57:19.180	0.93114	0.93140			6
2025.12.19	00:57:21.630		0.93139			4
2025.12.19	00:57:22.783	0.93112	0.93141			6
2025.12.19	00:57:25.426	0.93113	0.93140			6
2025.12.19	00:57:27.622	0.93111	0.93142			6
2025.12.19	00:57:27.993	0.93112	0.93141			6
2025.12.19	00:57:28.497	0.93111	0.93142			6
2025.12.19	00:57:28.877	0.93113	0.93140			6
2025.12.19	00:57:29.382	0.93116	0.93141			6
2025.12.19	00:57:37.239		0.93152			4
2025.12.19	00:57:37.731	0.93115	0.93151			6
2025.12.19	00:57:38.185	0.93113	0.93149			6
2025.12.19	00:57:40.269	0.93112				2
2025.12.19	00:57:42.409		0.93148			4
2025.12.19	00:57:45.666	0.93111				2
2025.12.19	00:57:56.379	0.93112	0.93142			6
2025.12.19	00:57:56.942	0.93111				2
2025.12.19	00:58:00.334	0.93111				2
2025.12.19	00:58:04.192		0.93143			4
2025.12.19	00:58:04.763	0.93114	0.93140			6
2025.12.19	00:58:06.263		0.93144			4
2025.12.19	00:58:06.633		0.93150			4
2025.12.19	00:58:07.826		0.93139			4
2025.12.19	00:58:08.614	0.93116	0.93141			6
2025.12.19	00:58:09.085	0.93115	0.93142			6
2025.12.19	00:58:10.420	0.93114				2
2025.12.19	00:58:10.923	0.93113	0.93144			6
2025.12.19	00:58:11.368		0.93139			4
2025.12.19	00:58:13.865		0.93140			4
2025.12.19	00:58:14.448	0.93114	0.93153			6
2025.12.19	00:58:14.750	0.93113	0.93150			6
2025.12.19	00:58:15.585	0.93115	0.93152			6
2025.12.19	00:58:15.955	0.93116				2
2025.12.19	00:58:16.355		0.93145			4
2025.12.19	00:58:17.084		0.93144			4
2025.12.19	00:58:19.335		0.93145			4
2025.12.19	00:58:21.366		0.93144			4
2025.12.19	00:58:25.670		0.93148			4
2025.12.19	00:58:26.712	0.93114	0.93150			6
2025.12.19	00:58:27.271		0.93146			4
2025.12.19	00:58:30.481	0.93115	0.93145			6
2025.12.19	00:58:33.377		0.93140			4
2025.12.19	00:58:33.997	0.93114				2
2025.12.19	00:58:34.305	0.93113	0.93141			6
2025.12.19	00:58:40.422		0.93140			4
2025.12.19	00:58:47.121	0.93112	0.93142			6
2025.12.19	00:58:47.454	0.93114	0.93140			6
2025.12.19	00:58:48.961	0.93105				2
2025.12.19	00:58:49.271	0.93109	0.93137			6
2025.12.19	00:58:49.607	0.93108	0.93138			6
2025.12.19	00:58:50.245	0.93109	0.93136			6
2025.12.19	00:58:51.164	0.93111	0.93138			6
2025.12.19	00:58:51.467	0.93096	0.93142			6
2025.12.19	00:58:51.780	0.93098				2
2025.12.19	00:58:52.091		0.93141			4
2025.12.19	00:58:53.342	0.93099	0.93140			6
2025.12.19	00:58:54.560		0.93141			4
2025.12.19	00:58:56.194		0.93140			4
2025.12.19	00:58:57.347	0.93097	0.93142			6
2025.12.19	00:58:57.808	0.93117	0.93145			6
2025.12.19	00:58:58.152	0.93116	0.93146			6
2025.12.19	00:59:00.393	0.93116				2
2025.12.19	00:59:01.929		0.93145			4
2025.12.19	00:59:07.691	0.93117	0.93144			6
2025.12.19	00:59:10.379	0.93110	0.93143			6
2025.12.19	00:59:15.070	0.93111				2
2025.12.19	00:59:17.678		0.93142			4
2025.12.19	00:59:18.178		0.93143			4
2025.12.19	00:59:19.384		0.93142			4
2025.12.19	00:59:21.365		0.93143			4
2025.12.19	00:59:23.455	0.93113	0.93141			6
2025.12.19	00:59:23.763	0.93095	0.93142			6
2025.12.19	00:59:24.078	0.93097				2
2025.12.19	00:59:24.982	0.93098				2
2025.12.19	00:59:25.392	0.93096				2
2025.12.19	00:59:27.423		0.93141			4
2025.12.19	00:59:27.903	0.93098	0.93142			6
2025.12.19	00:59:34.506	0.93113				2
2025.12.19	00:59:36.526	0.93114	0.93141			6
2025.12.19	00:59:36.949	0.93113	0.93142			6
2025.12.19	00:59:37.314	0.93094	0.93141			6
2025.12.19	00:59:39.319	0.93096				2
2025.12.19	00:59:54.616	0.93093	0.93140			6
2025.12.19	00:59:55.741	0.93092	0.93142			6
2025.12.19	00:59:56.126	0.93098	0.93144			6
2025.12.19	00:59:58.287	0.93085	0.93142			6
2025.12.19	00:59:59.035		0.93140			4
2025.12.19	01:00:00.306	0.93113	0.93173			6
2025.12.19	01:00:00.609	0.93111	0.93166			6
2025.12.19	01:00:01.018	0.93112	0.93163			6
2025.12.19	01:00:01.639	0.93117				2
2025.12.19	01:00:01.965	0.93116				2
2025.12.19	01:00:02.389	0.93108	0.93142			6
2025.12.19	01:00:02.736	0.93109	0.93141			6
2025.12.19	01:00:03.377	0.93120	0.93131			6
2025.12.19	01:00:03.687	0.93119	0.93130			6
2025.12.19	01:00:04.310	0.93120				2
2025.12.19	01:00:04.614	0.93121	0.93131			6
2025.12.19	01:00:04.924	0.93119	0.93129			6
2025.12.19	01:00:05.234	0.93120	0.93130			6
2025.12.19	01:00:07.084	0.93110	0.93140			6
2025.12.19	01:00:07.386	0.93104	0.93136			6
2025.12.19	01:00:07.694	0.93121	0.93151			6
2025.12.19	01:00:08.005		0.93150			4
2025.12.19	01:00:08.319	0.93120	0.93159			6
2025.12.19	01:00:08.627	0.93121	0.93156			6
2025.12.19	01:00:08.993	0.93122	0.93158			6
2025.12.19	01:00:09.332	0.93105	0.93146			6
2025.12.19	01:00:09.692		0.93137			4
2025.12.19	01:00:09.998	0.93125	0.93158			6
2025.12.19	01:00:10.310	0.93109	0.93149			6
2025.12.19	01:00:10.612	0.93110				2
2025.12.19	01:00:10.939	0.93108	0.93147			6
2025.12.19	01:00:11.246	0.93124	0.93159			6
2025.12.19	01:00:11.560	0.93125	0.93155			6
2025.12.19	01:00:12.434	0.93112	0.93146			6
2025.12.19	01:00:12.740	0.93119	0.93151			6
2025.12.19	01:00:13.041	0.93128	0.93158			6
2025.12.19	01:00:13.356	0.93112	0.93151			6
2025.12.19	01:00:13.699	0.93119	0.93153			6
2025.12.19	01:00:14.068		0.93151			4
2025.12.19	01:00:14.379	0.93124				2
2025.12.19	01:00:14.685	0.93125	0.93150			6
2025.12.19	01:00:15.237	0.93127	0.93158			6
2025.12.19	01:00:15.575	0.93119	0.93150			6
2025.12.19	01:00:15.880	0.93124	0.93151			6
2025.12.19	01:00:16.591	0.93119	0.93150			6
2025.12.19	01:00:16.920	0.93121	0.93153			6
2025.12.19	01:00:17.250	0.93129	0.93154			6
2025.12.19	01:00:17.560	0.93121				2
2025.12.19	01:00:17.966	0.93120	0.93153			6
2025.12.19	01:00:18.551	0.93121				2
2025.12.19	01:00:18.860	0.93128	0.93152			6
2025.12.19	01:00:19.310	0.93120	0.93155			6
2025.12.19	01:00:19.763		0.93153			4
2025.12.19	01:00:20.136		0.93152			4
2025.12.19	01:00:20.657	0.93116				2
2025.12.19	01:00:21.383	0.93128				2
2025.12.19	01:00:21.708	0.93129	0.93157			6
2025.12.19	01:00:22.058		0.93160			4
2025.12.19	01:00:22.360	0.93130	0.93153			6
2025.12.19	01:00:23.322	0.93134	0.93159			6
2025.12.19	01:00:24.073		0.93158			4
2025.12.19	01:00:30.406	0.93132	0.93157			6
2025.12.19	01:00:32.480	0.93127	0.93151			6
2025.12.19	01:00:32.786	0.93123	0.93149			6
2025.12.19	01:00:33.502	0.93125	0.93152			6
2025.12.19	01:00:37.245	0.93124	0.93146			6
2025.12.19	01:00:37.855	0.93125	0.93148			6
2025.12.19	01:00:38.573	0.93124	0.93146			6
2025.12.19	01:00:39.495	0.93123				2
2025.12.19	01:00:50.234	0.93124				2
2025.12.19	01:00:51.965	0.93123				2
2025.12.19	01:00:53.513	0.93124				2
2025.12.19	01:00:54.967	0.93123				2
2025.12.19	01:01:00.310	0.93126				2
2025.12.19	01:01:02.062	0.93121	0.93142			6
2025.12.19	01:01:06.566	0.93122				2
2025.12.19	01:01:06.970	0.93123	0.93143			6
2025.12.19	01:01:07.690		0.93144			4
2025.12.19	01:01:11.562	0.93124	0.93145			6
2025.12.19	01:01:13.998	0.93126	0.93148			6
2025.12.19	01:01:14.308		0.93149			4
2025.12.19	01:01:19.920	0.93125				2
2025.12.19	01:01:21.878	0.93126	0.93148			6
2025.12.19	01:01:22.865		0.93147			4
2025.12.19	01:01:27.366	0.93125				2
2025.12.19	01:01:30.370	0.93126				2
2025.12.19	01:01:33.502	0.93127				2
2025.12.19	01:01:33.837		0.93149			4
2025.12.19	01:01:34.514		0.93146			4
2025.12.19	01:01:35.467		0.93147			4
2025.12.19	01:01:37.236		0.93148			4
2025.12.19	01:01:40.886	0.93122	0.93142			6
2025.12.19	01:01:45.978	0.93126	0.93145			6
2025.12.19	01:01:46.971		0.93144			4
2025.12.19	01:01:49.325		0.93143			4
2025.12.19	01:01:49.670		0.93144			4
2025.12.19	01:01:51.367		0.93143			4
2025.12.19	01:01:52.578		0.93149			4
2025.12.19	01:01:58.603	0.93124	0.93144			6
2025.12.19	01:02:00.056	0.93124				2
2025.12.19	01:02:01.617	0.93123	0.93142			6
2025.12.19	01:02:01.971		0.93141			4
2025.12.19	01:02:10.514	0.93125	0.93142			6
2025.12.19	01:02:11.481	0.93126	0.93147			6
2025.12.19	01:02:12.748		0.93146			4
2025.12.19	01:02:13.932	0.93127	0.93147			6
2025.12.19	01:02:14.882		0.93148			4
2025.12.19	01:02:15.221	0.93128				2
2025.12.19	01:02:15.628		0.93147			4
2025.12.19	01:02:21.002	0.93127				2
2025.12.19	01:02:22.866	0.93128				2
2025.12.19	01:02:24.366		0.93146			4
2025.12.19	01:02:24.956	0.93130	0.93147			6
2025.12.19	01:02:25.292		0.93146			4
2025.12.19	01:02:27.930		0.93149			4
2025.12.19	01:02:29.514	0.93132				2
2025.12.19	01:02:30.857	0.93133				2
2025.12.19	01:02:35.622	0.93132				2
2025.12.19	01:02:36.627		0.93148			4
2025.12.19	01:02:49.264	0.93131	0.93146			6
2025.12.19	01:02:53.983		0.93147			4
2025.12.19	01:03:00.535	0.93131				2
2025.12.19	01:03:08.585	0.93134	0.93149			6
2025.12.19	01:03:10.583	0.93135	0.93151			6
2025.12.19	01:03:10.896	0.93134	0.93150			6
2025.12.19	01:03:15.066		0.93151			4
2025.12.19	01:03:16.530		0.93150			4
2025.12.19	01:03:19.266		0.93151			4
2025.12.19	01:03:19.769	0.93133	0.93148			6
2025.12.19	01:03:21.065	0.93132				2
2025.12.19	01:03:25.261	0.93133				2
2025.12.19	01:03:34.697	0.93132				2
2025.12.19	01:03:36.216	0.93131				2
2025.12.19	01:03:40.843		0.93147			4
2025.12.19	01:03:47.178	0.93128	0.93145			6
2025.12.19	01:03:53.517	0.93130				2
2025.12.19	01:03:59.360	0.93132				2
2025.12.19	01:04:00.416	0.93132				2
2025.12.19	01:04:14.192	0.93135	0.93141			6
2025.12.19	01:04:15.416	0.93134	0.93140			6
2025.12.19	01:04:16.647	0.93133	0.93139			6
2025.12.19	01:04:17.270	0.93135	0.93141			6
2025.12.19	01:04:17.883	0.93132	0.93145			6
2025.12.19	01:04:25.107		0.93146			4
2025.12.19	01:04:38.033	0.93135	0.93141			6
2025.12.19	01:04:41.818	0.93132	0.93146			6
2025.12.19	01:04:50.501	0.93133	0.93147			6
2025.12.19	01:04:55.178		0.93148			4
2025.12.19	01:05:00.267	0.93133				2
2025.12.19	01:05:00.746	0.93130	0.93146			6
2025.12.19	01:05:02.186	0.93129				2
2025.12.19	01:05:03.967		0.93145			4
2025.12.19	01:05:21.366		0.93144			4
2025.12.19	01:06:02.167	0.93129				2
2025.12.19	01:06:07.951	0.93124	0.93140			6
2025.12.19	01:06:18.966		0.93139			4
2025.12.19	01:06:24.965	0.93125				2
2025.12.19	01:06:27.065	0.93124				2
2025.12.19	01:06:28.966	0.93128	0.93144			6
2025.12.19	01:06:30.367	0.93129				2
2025.12.19	01:06:33.066	0.93128	0.93140			6
2025.12.19	01:06:35.891	0.93127	0.93139			6
2025.12.19	01:06:36.198		0.93140			4
2025.12.19	01:06:41.167	0.93128				2
2025.12.19	01:06:44.260	0.93129	0.93142			6
2025.12.19	01:06:53.778		0.93141			4
2025.12.19	01:06:57.665		0.93142			4
2025.12.19	01:07:00.827	0.93129	0.93141			6
2025.12.19	01:07:01.900		0.93140			4
2025.12.19	01:07:04.265		0.93141			4
2025.12.19	01:07:08.356		0.93142			4
2025.12.19	01:07:10.866		0.93141			4
2025.12.19	01:07:16.742	0.93128	0.93140			6
2025.12.19	01:07:21.601	0.93127				2
2025.12.19	01:07:22.265	0.93126	0.93139			6
2025.12.19	01:07:23.767	0.93127	0.93138			6
2025.12.19	01:07:24.100		0.93139			4
2025.12.19	01:07:26.465		0.93140			4
2025.12.19	01:08:00.166	0.93127				2
2025.12.19	01:08:11.181		0.93139			4
2025.12.19	01:08:15.554	0.93126				2
2025.12.19	01:08:17.766	0.93127				2
2025.12.19	01:08:33.950	0.93126	0.93140			6
2025.12.19	01:08:58.892		0.93141			4
2025.12.19	01:09:00.067	0.93127				2
2025.12.19	01:09:00.433	0.93128	0.93140			6
2025.12.19	01:09:02.766	0.93127				2
2025.12.19	01:09:07.767	0.93128				2
2025.12.19	01:09:13.060	0.93129	0.93141			6
2025.12.19	01:09:14.107		0.93142			4
2025.12.19	01:09:19.866		0.93143			4
2025.12.19	01:09:21.572	0.93131				2
2025.12.19	01:09:23.164	0.93130				2
2025.12.19	01:09:23.477		0.93144			4
2025.12.19	01:09:25.387		0.93145			4
2025.12.19	01:09:27.266		0.93146			4
2025.12.19	01:09:28.722	0.93129	0.93145			6
2025.12.19	01:09:29.879		0.93144			4
2025.12.19	01:09:34.433		0.93143			4
2025.12.19	01:09:53.235	0.93127	0.93142			6
2025.12.19	01:10:00.396	0.93127	0.93140			6
2025.12.19	01:10:00.787	0.93130				2
2025.12.19	01:10:04.537	0.93128				2
2025.12.19	01:10:13.976	0.93127	0.93142			6
2025.12.19	01:10:19.710		0.93140			4
2025.12.19	01:10:23.872	0.93128	0.93142			6
2025.12.19	01:10:25.292		0.93140			4
2025.12.19	01:10:56.168		0.93142			4
2025.12.19	01:10:57.597		0.93140			4
2025.12.19	01:11:02.363	0.93128				2
2025.12.19	01:11:03.147	0.93133	0.93144			6
2025.12.19	01:11:04.303	0.93130	0.93142			6
2025.12.19	01:11:05.372		0.93141			4
2025.12.19	01:11:06.366	0.93129				2
2025.12.19	01:11:07.132		0.93140			4
2025.12.19	01:11:08.273	0.93128	0.93139			6
2025.12.19	01:11:09.071		0.93140			4
2025.12.19	01:11:17.136	0.93127	0.93139			6
2025.12.19	01:11:23.766		0.93140			4
2025.12.19	01:11:27.365	0.93128				2
2025.12.19	01:11:28.707		0.93139			4
2025.12.19	01:11:36.499		0.93140			4
2025.12.19	01:11:47.979	0.93127	0.93139			6
2025.12.19	01:12:00.413	0.93127				2
2025.12.19	01:12:05.071	0.93126				2
2025.12.19	01:12:06.364	0.93127	0.93140			6
2025.12.19	01:12:07.600	0.93126	0.93138			6
2025.12.19	01:12:09.306	0.93125	0.93137			6
2025.12.19	01:12:16.626	0.93127	0.93141			6
2025.12.19	01:12:17.282		0.93139			4
2025.12.19	01:12:18.248	0.93128	0.93140			6
2025.12.19	01:12:18.637		0.93139			4
2025.12.19	01:12:22.069	0.93127	0.93137			6
2025.12.19	01:12:22.398	0.93126				2
2025.12.19	01:12:22.980	0.93127	0.93138			6
2025.12.19	01:12:23.507	0.93126	0.93137			6
2025.12.19	01:12:24.950	0.93127	0.93138			6
2025.12.19	01:12:30.776	0.93128	0.93140			6
2025.12.19	01:12:33.496		0.93138			4
2025.12.19	01:12:34.622	0.93127				2
2025.12.19	01:12:35.680		0.93137			4
2025.12.19	01:12:36.089	0.93124	0.93136			6
2025.12.19	01:12:42.285	0.93125				2
2025.12.19	01:12:46.077	0.93126				2
2025.12.19	01:12:50.167		0.93137			4
2025.12.19	01:13:00.406	0.93126				2
2025.12.19	01:13:03.054	0.93124	0.93135			6
2025.12.19	01:13:03.885	0.93126	0.93138			6
2025.12.19	01:13:04.519	0.93125	0.93137			6
2025.12.19	01:13:08.659		0.93138			4
2025.12.19	01:13:15.374	0.93124	0.93141			6
2025.12.19	01:13:20.388	0.93123	0.93140			6
2025.12.19	01:13:22.088		0.93139			4
2025.12.19	01:13:22.924	0.93125	0.93141			6
2025.12.19	01:13:24.241	0.93124				2
2025.12.19	01:13:24.892	0.93125				2
2025.12.19	01:13:30.965		0.93142			4
2025.12.19	01:13:32.912		0.93140			4
2025.12.19	01:13:56.967		0.93139			4
2025.12.19	01:14:00.038	0.93125				2
2025.12.19	01:14:03.539	0.93126	0.93140			6
2025.12.19	01:14:05.076		0.93139			4
2025.12.19	01:14:09.639		0.93141			4
2025.12.19	01:14:11.091		0.93140			4
2025.12.19	01:14:14.418	0.93123	0.93139			6
2025.12.19	01:14:14.754		0.93137			4
2025.12.19	01:14:16.110	0.93128	0.93140			6
2025.12.19	01:14:21.552		0.93142			4
2025.12.19	01:14:21.938		0.93141			4
2025.12.19	01:14:24.666		0.93142			4
2025.12.19	01:14:27.240		0.93141			4
2025.12.19	01:14:30.367		0.93142			4
2025.12.19	01:14:56.673		0.93141			4
2025.12.19	01:15:00.033	0.93128				2
2025.12.19	01:15:01.202		0.93142			4
2025.12.19	01:15:01.695		0.93141			4
2025.12.19	01:15:02.127	0.93129				2
2025.12.19	01:15:05.266	0.93130				2
2025.12.19	01:15:06.670	0.93129				2
2025.12.19	01:15:08.194		0.93140			4
2025.12.19	01:15:09.446		0.93141			4
2025.12.19	01:15:11.247	0.93130				2
2025.12.19	01:15:11.664	0.93129				2
2025.12.19	01:15:12.470	0.93130				2
2025.12.19	01:15:12.820	0.93129				2
2025.12.19	01:15:13.328	0.93130				2
2025.12.19	01:15:14.750	0.93129				2
2025.12.19	01:15:17.018		0.93140			4
2025.12.19	01:15:17.406		0.93141			4
2025.12.19	01:15:17.718	0.93130				2
2025.12.19	01:15:18.083	0.93129	0.93142			6
2025.12.19	01:15:19.006		0.93141			4
2025.12.19	01:15:21.077		0.93140			4
2025.12.19	01:15:21.425		0.93141			4
2025.12.19	01:15:22.112		0.93140			4
2025.12.19	01:15:22.515		0.93141			4
2025.12.19	01:15:23.149		0.93140			4
2025.12.19	01:15:23.455		0.93141			4
2025.12.19	01:15:25.161		0.93142			4
2025.12.19	01:15:25.865		0.93141			4
2025.12.19	01:15:26.178	0.93130				2
2025.12.19	01:15:26.862	0.93129	0.93140			6
2025.12.19	01:15:30.157		0.93141			4
2025.12.19	01:15:32.233	0.93128	0.93139			6
2025.12.19	01:15:32.537	0.93127	0.93138			6
2025.12.19	01:15:33.756	0.93131	0.93141			6
2025.12.19	01:15:34.059		0.93142			4
2025.12.19	01:15:34.812		0.93144			4
2025.12.19	01:15:37.997	0.93130	0.93143			6
2025.12.19	01:15:38.306	0.93131				2
2025.12.19	01:15:38.766	0.93130	0.93144			6
2025.12.19	01:15:39.092	0.93131				2
2025.12.19	01:15:39.454	0.93130	0.93143			6
2025.12.19	01:15:40.314	0.93131				2
2025.12.19	01:15:40.653	0.93130				2
2025.12.19	01:15:41.432	0.93133	0.93146			6
2025.12.19	01:15:41.739		0.93145			4
2025.12.19	01:15:42.589		0.93144			4
2025.12.19	01:15:43.547		0.93145			4
2025.12.19	01:15:46.730	0.93132				2
2025.12.19	01:15:50.880	0.93133	0.93144			6
2025.12.19	01:15:51.913		0.93145			4
2025.12.19	01:15:53.737	0.93132	0.93144			6
2025.12.19	01:15:54.310		0.93143			4
2025.12.19	01:15:54.736	0.93133				2
2025.12.19	01:15:55.039	0.93132	0.93144			6
2025.12.19	01:15:55.985		0.93145			4
2025.12.19	01:15:57.922	0.93131	0.93144			6
2025.12.19	01:15:58.290	0.93130	0.93143			6
2025.12.19	01:15:59.480	0.93129				2
2025.12.19	01:15:59.816	0.93130				2
2025.12.19	01:16:00.190	0.93130				2
2025.12.19	01:16:01.226	0.93131				2
2025.12.19	01:16:01.746	0.93130				2
2025.12.19	01:16:02.601	0.93131				2
2025.12.19	01:16:03.299	0.93130				2
2025.12.19	01:16:03.627	0.93131				2
2025.12.19	01:16:03.941		0.93142			4
2025.12.19	01:16:04.342	0.93130	0.93143			6
2025.12.19	01:16:08.480	0.93131	0.93142			6
2025.12.19	01:16:08.920		0.93143			4
2025.12.19	01:16:10.033	0.93130				2
2025.12.19	01:16:13.055	0.93131				2
2025.12.19	01:16:15.095	0.93130				2
2025.12.19	01:16:16.124	0.93131				2
2025.12.19	01:16:16.853	0.93132	0.93142			6
2025.12.19	01:16:17.295	0.93130	0.93143			6
2025.12.19	01:16:20.272	0.93131				2
2025.12.19	01:16:21.087	0.93132				2
2025.12.19	01:16:21.396	0.93131				2
2025.12.19	01:16:22.273	0.93130				2
2025.12.19	01:16:24.980	0.93131				2
2025.12.19	01:16:26.103	0.93130				2
2025.12.19	01:16:26.619	0.93131				2
2025.12.19	01:16:27.138	0.93130				2
2025.12.19	01:16:27.656	0.93131				2
2025.12.19	01:16:28.005	0.93135	0.93146			6
2025.12.19	01:16:28.323	0.93134				2
2025.12.19	01:16:29.338	0.93135				2
2025.12.19	01:16:29.727	0.93134				2
2025.12.19	01:16:34.524	0.93135				2
2025.12.19	01:16:35.862	0.93134				2
2025.12.19	01:16:36.597	0.93135				2
2025.12.19	01:16:36.917	0.93134				2
2025.12.19	01:16:38.670	0.93135				2
2025.12.19	01:16:39.056	0.93134				2
2025.12.19	01:16:39.700	0.93135				2
2025.12.19	01:16:40.091	0.93134				2
2025.12.19	01:16:41.553	0.93133				2
2025.12.19	01:16:41.897		0.93144			4
2025.12.19	01:16:43.980	0.93134	0.93145			6
2025.12.19	01:16:45.775		0.93147			4
2025.12.19	01:16:49.820	0.93135	0.93144			6
2025.12.19	01:16:50.834	0.93134	0.93145			6
2025.12.19	01:16:52.008	0.93135				2
2025.12.19	01:16:52.905	0.93134	0.93146			6
2025.12.19	01:16:54.081	0.93135	0.93145			6
2025.12.19	01:16:54.978	0.93134	0.93146			6
2025.12.19	01:16:56.120	0.93135	0.93145			6
2025.12.19	01:16:57.364	0.93132	0.93143			6
2025.12.19	01:17:00.700	0.93132				2
2025.12.19	01:17:03.794	0.93133	0.93144			6
2025.12.19	01:17:06.523		0.93143			4
2025.12.19	01:17:07.350	0.93131				2
2025.12.19	01:17:09.872		0.93142			4
2025.12.19	01:17:12.537		0.93143			4
2025.12.19	01:17:13.538	0.93132	0.93142			6
2025.12.19	01:17:36.658		0.93143			4
2025.12.19	01:17:38.504	0.93131				2
2025.12.19	01:17:41.465	0.93132				2
2025.12.19	01:17:43.817	0.93131				2
2025.12.19	01:17:45.377	0.93132				2
2025.12.19	01:17:46.449		0.93142			4
2025.12.19	01:17:50.901	0.93131	0.93143			6
2025.12.19	01:18:00.394	0.93131				2
2025.12.19	01:18:01.703		0.93142			4
2025.12.19	01:18:07.575		0.93143			4
2025.12.19	01:18:15.366		0.93142			4
2025.12.19	01:18:17.768		0.93143			4
2025.12.19	01:18:21.665	0.93132	0.93142			6
2025.12.19	01:18:24.228	0.93131	0.93143			6
2025.12.19	01:18:26.300		0.93142			4
2025.12.19	01:18:28.266	0.93132				2
2025.12.19	01:18:29.183	0.93130	0.93140			6
2025.12.19	01:18:31.480	0.93129				2
2025.12.19	01:18:35.167	0.93130	0.93141			6
2025.12.19	01:18:36.366	0.93129	0.93140			6
2025.12.19	01:18:36.677		0.93141			4
2025.12.19	01:18:37.793		0.93140			4
2025.12.19	01:18:39.774	0.93130	0.93141			6
2025.12.19	01:18:52.334		0.93140			4
2025.12.19	01:18:56.350		0.93141			4
2025.12.19	01:19:00.065	0.93130				2
2025.12.19	01:19:00.384		0.93140			4
2025.12.19	01:19:02.392		0.93141			4
2025.12.19	01:19:03.340		0.93140			4
2025.12.19	01:19:04.492	0.93129				2
2025.12.19	01:19:05.482	0.93130	0.93141			6
2025.12.19	01:19:06.665		0.93140			4
2025.12.19	01:19:09.567	0.93129	0.93141			6
2025.12.19	01:19:12.269	0.93130	0.93140			6
2025.12.19	01:19:15.737	0.93129				2
2025.12.19	01:19:16.303		0.93139			4
2025.12.19	01:19:19.532		0.93140			4
2025.12.19	01:19:20.313		0.93139			4
2025.12.19	01:19:29.526		0.93140			4
2025.12.19	01:19:32.467		0.93139			4
2025.12.19	01:19:35.861		0.93140			4
2025.12.19	01:19:39.285	0.93131	0.93142			6
2025.12.19	01:19:43.396		0.93141			4
2025.12.19	01:19:46.213		0.93143			4
2025.12.19	01:19:49.567	0.93132	0.93142			6
2025.12.19	01:19:52.566	0.93131				2
2025.12.19	01:19:55.568	0.93132				2
2025.12.19	01:19:58.789	0.93131	0.93143			6
2025.12.19	01:20:00.386	0.93131	0.93142			6
2025.12.19	01:20:08.969		0.93141			4
2025.12.19	01:20:11.804		0.93142			4
2025.12.19	01:20:14.768		0.93141			4
2025.12.19	01:20:18.018		0.93143			4
2025.12.19	01:20:20.573		0.93142			4
2025.12.19	01:20:23.361	0.93132				2
2025.12.19	01:21:00.828	0.93132				2
2025.12.19	01:21:02.773		0.93141			4
2025.12.19	01:21:06.368		0.93142			4
2025.12.19	01:21:07.954		0.93141			4
2025.12.19	01:21:09.121		0.93142			4
2025.12.19	01:21:11.063		0.93141			4
2025.12.19	01:21:12.667		0.93142			4
2025.12.19	01:21:14.171		0.93141			4
2025.12.19	01:21:15.308	0.93131				2
2025.12.19	01:21:16.249		0.93142			4
2025.12.19	01:21:18.315	0.93132				2
2025.12.19	01:21:19.479	0.93131				2
2025.12.19	01:21:21.424	0.93132				2
2025.12.19	01:21:22.587	0.93131				2
2025.12.19	01:21:24.533	0.93132	0.93143			6
2025.12.19	01:21:25.569		0.93142			4
2025.12.19	01:21:26.732		0.93143			4
2025.12.19	01:21:27.641		0.93142			4
2025.12.19	01:21:39.550		0.93143			4
2025.12.19	01:21:40.076		0.93142			4
2025.12.19	01:21:51.966		0.93143			4
2025.12.19	01:21:53.549		0.93142			4
2025.12.19	01:21:54.713		0.93143			4
2025.12.19	01:21:56.655		0.93142			4
2025.12.19	01:21:57.820		0.93143			4
2025.12.19	01:21:59.765		0.93141			4
2025.12.19	01:22:01.265	0.93132	0.93142			6
2025.12.19	01:22:02.793	0.93128	0.93139			6
2025.12.19	01:22:05.980	0.93129	0.93138			6
2025.12.19	01:22:07.145	0.93128	0.93139			6
2025.12.19	01:22:09.088	0.93129	0.93138			6
2025.12.19	01:22:10.254	0.93128	0.93139			6
2025.12.19	01:22:12.129	0.93129	0.93138			6
2025.12.19	01:22:13.173	0.93128	0.93139			6
2025.12.19	01:22:15.308	0.93129	0.93138			6
2025.12.19	01:22:16.472	0.93128	0.93139			6
2025.12.19	01:22:17.378	0.93129	0.93138			6
2025.12.19	01:22:18.549	0.93128	0.93139			6
2025.12.19	01:22:19.172	0.93129	0.93138			6
2025.12.19	01:22:20.615	0.93128	0.93139			6
2025.12.19	01:22:22.503	0.93129	0.93138			6
2025.12.19	01:22:23.723	0.93128	0.93139			6
2025.12.19	01:22:26.703	0.93129	0.93138			6
2025.12.19	01:22:27.869	0.93128	0.93139			6
2025.12.19	01:22:29.811	0.93129	0.93138			6
2025.12.19	01:22:30.948	0.93128	0.93139			6
2025.12.19	01:22:32.921	0.93129	0.93138			6
2025.12.19	01:22:34.088	0.93128	0.93139			6
2025.12.19	01:22:35.119		0.93138			4
2025.12.19	01:22:36.091	0.93129	0.93139			6
2025.12.19	01:22:37.197	0.93128				2
2025.12.19	01:22:39.139	0.93129	0.93138			6
2025.12.19	01:22:40.305	0.93128				2
2025.12.19	01:22:41.483		0.93139			4
2025.12.19	01:22:43.284	0.93129	0.93138			6
2025.12.19	01:22:44.390	0.93128	0.93139			6
2025.12.19	01:22:46.391	0.93129	0.93138			6
2025.12.19	01:22:47.559	0.93128	0.93139			6
2025.12.19	01:22:49.500	0.93129	0.93138			6
2025.12.19	01:22:50.665	0.93128	0.93139			6
2025.12.19	01:22:52.608	0.93129	0.93138			6
2025.12.19	01:22:53.773	0.93128	0.93139			6
2025.12.19	01:22:55.717	0.93129	0.93138			6
2025.12.19	01:22:56.756	0.93128	0.93139			6
2025.12.19	01:23:00.387	0.93129	0.93137			6
2025.12.19	01:23:00.740	0.93128	0.93138			6
2025.12.19	01:23:02.708		0.93137			4
2025.12.19	01:23:03.746		0.93138			4
2025.12.19	01:23:04.397		0.93140			4
2025.12.19	01:23:04.784		0.93139			4
2025.12.19	01:23:06.025		0.93138			4
2025.12.19	01:23:06.851		0.93137			4
2025.12.19	01:23:08.022		0.93138			4
2025.12.19	01:23:09.966	0.93129	0.93137			6
2025.12.19	01:23:12.038	0.93128	0.93138			6
2025.12.19	01:23:14.110		0.93137			4
2025.12.19	01:23:15.276		0.93138			4
2025.12.19	01:23:16.183	0.93129	0.93137			6
2025.12.19	01:23:17.257	0.93134	0.93142			6
2025.12.19	01:23:17.559		0.93146			4
2025.12.19	01:23:18.348	0.93135				2
2025.12.19	01:23:18.672	0.93134				2
2025.12.19	01:23:19.379	0.93133	0.93145			6
2025.12.19	01:23:21.685	0.93134	0.93146			6
2025.12.19	01:23:38.855	0.93136				2
2025.12.19	01:23:39.173	0.93135				2
2025.12.19	01:23:43.137	0.93136				2
2025.12.19	01:23:44.291	0.93135				2
2025.12.19	01:23:46.364	0.93136				2
2025.12.19	01:23:48.432	0.93135				2
2025.12.19	01:23:48.738	0.93136				2
2025.12.19	01:23:49.453	0.93135				2
2025.12.19	01:23:52.576	0.93136				2
2025.12.19	01:23:52.936	0.93135				2
2025.12.19	01:23:54.752	0.93134				2
2025.12.19	01:24:00.872	0.93134				2
2025.12.19	01:24:04.791	0.93135	0.93145			6
2025.12.19	01:24:12.447		0.93146			4
2025.12.19	01:24:16.405	0.93134				2
2025.12.19	01:24:27.634	0.93135				2
2025.12.19	01:24:27.941	0.93134				2
2025.12.19	01:25:00.315	0.93134				2
2025.12.19	01:25:13.377	0.93136	0.93146			6
2025.12.19	01:25:14.466	0.93135				2
2025.12.19	01:25:15.443		0.93147			4
2025.12.19	01:25:17.678	0.93136				2
2025.12.19	01:26:00.259	0.93136				2
2025.12.19	01:26:05.606	0.93130	0.93140			6
2025.12.19	01:26:05.917	0.93129	0.93141			6
2025.12.19	01:26:14.028	0.93130	0.93142			6
2025.12.19	01:26:15.191		0.93140			4
2025.12.19	01:26:15.963	0.93129	0.93139			6
2025.12.19	01:26:17.220	0.93130	0.93138			6
2025.12.19	01:26:17.525	0.93129	0.93139			6
2025.12.19	01:26:19.188		0.93141			4
2025.12.19	01:26:20.328	0.93128				2
2025.12.19	01:26:22.364		0.93140			4
2025.12.19	01:26:28.454		0.93139			4
2025.12.19	01:26:28.766		0.93140			4
2025.12.19	01:26:31.737	0.93127				2
2025.12.19	01:26:32.050		0.93139			4
2025.12.19	01:26:37.951	0.93126	0.93137			6
2025.12.19	01:27:00.948	0.93126				2
2025.12.19	01:27:37.566		0.93136			4
2025.12.19	01:27:38.616	0.93125	0.93137			6
2025.12.19	01:27:38.922	0.93124				2
2025.12.19	01:27:39.384		0.93136			4
2025.12.19	01:27:43.266		0.93137			4
2025.12.19	01:27:46.503	0.93125	0.93136			6
2025.12.19	01:27:46.932	0.93124	0.93137			6
2025.12.19	01:28:00.238	0.93124				2
2025.12.19	01:28:03.719		0.93136			4
2025.12.19	01:28:05.950	0.93123				2
2025.12.19	01:28:07.891	0.93124				2
2025.12.19	01:28:09.365	0.93123				2
2025.12.19	01:28:11.002	0.93124				2
2025.12.19	01:28:11.326	0.93123				2
2025.12.19	01:28:12.041	0.93124				2
2025.12.19	01:28:13.565	0.93123				2
2025.12.19	01:28:15.148	0.93124				2
2025.12.19	01:28:16.865	0.93123				2
2025.12.19	01:28:18.257	0.93124				2
2025.12.19	01:28:19.866	0.93123				2
2025.12.19	01:28:21.364	0.93124				2
2025.12.19	01:28:22.865	0.93123				2
2025.12.19	01:28:24.473	0.93124				2
2025.12.19	01:28:26.166	0.93123				2
2025.12.19	01:28:28.619	0.93124				2
2025.12.19	01:28:30.366	0.93123				2
2025.12.19	01:28:31.730	0.93124				2
2025.12.19	01:28:32.241	0.93127	0.93138			6
2025.12.19	01:28:37.372	0.93128	0.93139			6
2025.12.19	01:28:39.502	0.93127				2
2025.12.19	01:28:45.714	0.93128				2
2025.12.19	01:28:48.114	0.93127				2
2025.12.19	01:28:54.004	0.93128				2
2025.12.19	01:28:55.866	0.93127				2
2025.12.19	01:28:58.149	0.93126	0.93136			6
2025.12.19	01:29:00.349	0.93126				2
2025.12.19	01:29:08.642		0.93135			4
2025.12.19	01:29:10.846		0.93136			4
2025.12.19	01:29:11.750		0.93135			4
2025.12.19	01:29:13.954		0.93136			4
2025.12.19	01:29:15.896		0.93135			4
2025.12.19	01:29:18.100		0.93136			4
2025.12.19	01:29:20.950		0.93135			4
2025.12.19	01:29:23.280		0.93136			4
2025.12.19	01:29:26.253		0.93135			4
2025.12.19	01:29:28.866		0.93136			4
2025.12.19	01:29:30.417		0.93135			4
2025.12.19	01:29:30.759	0.93127	0.93136			6
2025.12.19	01:29:32.569	0.93126	0.93138			6
2025.12.19	01:29:33.086		0.93136			4
2025.12.19	01:29:33.398		0.93139			4
2025.12.19	01:29:34.014	0.93129				2
2025.12.19	01:29:34.320	0.93126				2
2025.12.19	01:29:34.622	0.93129	0.93137			6
2025.12.19	01:29:34.938	0.93126				2
2025.12.19	01:29:36.047		0.93138			4
2025.12.19	01:29:37.710		0.93137			4
2025.12.19	01:29:47.114	0.93127				2
2025.12.19	01:29:50.167	0.93126				2
2025.12.19	01:29:51.038	0.93127	0.93138			6
2025.12.19	01:29:51.388	0.93126	0.93139			6
2025.12.19	01:29:59.243	0.93125	0.93138			6
2025.12.19	01:29:59.558	0.93124	0.93137			6
2025.12.19	01:30:00.313	0.93125				2
2025.12.19	01:30:02.407	0.93126	0.93136			6
2025.12.19	01:30:03.112	0.93128	0.93134			6
2025.12.19	01:30:06.861	0.93126	0.93136			6
2025.12.19	01:30:09.695		0.93135			4
2025.12.19	01:30:10.024		0.93136			4
2025.12.19	01:30:15.092	0.93124	0.93138			6
2025.12.19	01:30:15.400		0.93136			4
2025.12.19	01:30:15.870	0.93125	0.93135			6
2025.12.19	01:30:16.258	0.93124	0.93136			6
2025.12.19	01:30:29.089		0.93138			4
2025.12.19	01:30:30.092		0.93137			4
2025.12.19	01:30:30.475	0.93125				2
2025.12.19	01:30:40.932		0.93138			4
2025.12.19	01:30:41.968	0.93126	0.93137			6
2025.12.19	01:30:43.069	0.93125				2
2025.12.19	01:30:48.183	0.93126				2
2025.12.19	01:30:51.326	0.93125	0.93135			6
2025.12.19	01:30:52.036	0.93126	0.93137			6
2025.12.19	01:31:01.074	0.93126				2
2025.12.19	01:31:21.671	0.93125				2
2025.12.19	01:31:26.343	0.93123	0.93135			6
2025.12.19	01:31:28.659		0.93134			4
2025.12.19	01:31:29.697	0.93124	0.93136			6
2025.12.19	01:31:30.480	0.93123	0.93135			6
2025.12.19	01:31:42.339	0.93124				2
2025.12.19	01:31:52.891		0.93134			4
2025.12.19	01:31:55.869		0.93135			4
2025.12.19	01:32:00.146	0.93124				2
2025.12.19	01:32:01.659	0.93123	0.93136			6
2025.12.19	01:32:02.218	0.93124	0.93135			6
2025.12.19	01:32:03.966	0.93123	0.93136			6
2025.12.19	01:32:04.292	0.93124	0.93135			6
2025.12.19	01:32:21.354	0.93123	0.93136			6
2025.12.19	01:32:21.864	0.93124	0.93134			6
2025.12.19	01:32:25.728		0.93135			4
2025.12.19	01:32:26.165		0.93133			4
2025.12.19	01:32:27.783	0.93123	0.93134			6
2025.12.19	01:32:28.979	0.93124	0.93133			6
2025.12.19	01:32:44.513		0.93134			4
2025.12.19	01:32:45.968	0.93123				2
2025.12.19	01:32:47.841	0.93121	0.93131			6
2025.12.19	01:32:50.465		0.93130			4
2025.12.19	01:32:50.822	0.93120	0.93128			6
2025.12.19	01:32:55.844		0.93129			4
2025.12.19	01:32:56.843	0.93121	0.93128			6
2025.12.19	01:33:00.414	0.93121	0.93129			6
2025.12.19	01:33:01.642	0.93120	0.93130			6
2025.12.19	01:33:02.960	0.93119	0.93129			6
2025.12.19	01:33:03.263	0.93117	0.93128			6
2025.12.19	01:33:03.623	0.93118				2
2025.12.19	01:33:05.341	0.93119				2
2025.12.19	01:33:07.650	0.93118	0.93130			6
2025.12.19	01:33:08.586	0.93117	0.93129			6
2025.12.19	01:33:09.303		0.93128			4
2025.12.19	01:33:16.565	0.93116				2
2025.12.19	01:33:19.264	0.93117				2
2025.12.19	01:33:30.474	0.93118	0.93129			6
2025.12.19	01:33:33.740	0.93117				2
2025.12.19	01:33:34.171		0.93128			4
2025.12.19	01:33:34.508		0.93129			4
2025.12.19	01:33:38.021		0.93128			4
2025.12.19	01:33:40.532		0.93127			4
2025.12.19	01:33:42.733		0.93128			4
2025.12.19	01:33:44.677		0.93129			4
2025.12.19	01:33:45.064		0.93128			4
2025.12.19	01:33:47.139		0.93129			4
2025.12.19	01:33:48.177		0.93128			4
2025.12.19	01:33:48.777		0.93129			4
2025.12.19	01:33:50.892	0.93118	0.93128			6
2025.12.19	01:33:54.000		0.93129			4
2025.12.19	01:33:54.539		0.93128			4
2025.12.19	01:33:55.425		0.93129			4
2025.12.19	01:34:00.947	0.93118				2
2025.12.19	01:34:02.827		0.93128			4
2025.12.19	01:34:03.847		0.93129			4
2025.12.19	01:34:10.064		0.93128			4
2025.12.19	01:34:10.972		0.93127			4
2025.12.19	01:34:11.294		0.93129			4
2025.12.19	01:34:12.005	0.93117				2
2025.12.19	01:34:12.332	0.93118				2
2025.12.19	01:34:14.209	0.93117				2
2025.12.19	01:34:15.154	0.93118				2
2025.12.19	01:34:16.107		0.93128			4
2025.12.19	01:34:18.080		0.93127			4
2025.12.19	01:34:23.531	0.93119				2
2025.12.19	01:34:24.105	0.93117				2
2025.12.19	01:34:35.600	0.93118				2
2025.12.19	01:34:38.388	0.93117				2
2025.12.19	01:34:42.271	0.93116				2
2025.12.19	01:34:45.065	0.93117				2
2025.12.19	01:35:02.417	0.93117				2
2025.12.19	01:35:04.594	0.93118				2
2025.12.19	01:35:05.576		0.93128			4
2025.12.19	01:35:17.930	0.93119				2
2025.12.19	01:35:18.272	0.93118				2
2025.12.19	01:35:20.445	0.93119				2
2025.12.19	01:35:24.065	0.93118				2
2025.12.19	01:35:24.998	0.93119				2
2025.12.19	01:35:42.677	0.93118				2
2025.12.19	01:35:43.006	0.93119				2
2025.12.19	01:35:44.618	0.93118				2
2025.12.19	01:35:44.937	0.93119				2
2025.12.19	01:35:58.128	0.93120	0.93129			6
2025.12.19	01:36:02.368	0.93120				2
2025.12.19	01:36:12.379		0.93131			4
2025.12.19	01:36:19.963	0.93119	0.93129			6
2025.12.19	01:36:30.537		0.93130			4
2025.12.19	01:36:34.591	0.93118	0.93128			6
2025.12.19	01:36:48.636	0.93116	0.93126			6
2025.12.19	01:36:52.641	0.93115				2
2025.12.19	01:36:57.366		0.93125			4
2025.12.19	01:37:00.663	0.93115				2
2025.12.19	01:37:07.022	0.93116	0.93126			6
2025.12.19	01:37:10.566	0.93115	0.93125			6
2025.12.19	01:37:11.616	0.93116	0.93127			6
2025.12.19	01:37:12.853		0.93125			4
2025.12.19	01:37:16.836		0.93126			4
2025.12.19	01:37:19.403	0.93115				2
2025.12.19	01:37:22.570	0.93116				2
2025.12.19	01:37:30.424		0.93127			4
2025.12.19	01:37:39.366	0.93118				2
2025.12.19	01:37:40.732	0.93119	0.93126			6
2025.12.19	01:37:43.872		0.93128			4
2025.12.19	01:37:47.409		0.93127			4
2025.12.19	01:38:00.947	0.93119				2
2025.12.19	01:38:14.829	0.93120	0.93129			6
2025.12.19	01:38:15.977	0.93119	0.93127			6
2025.12.19	01:38:21.199		0.93126			4
2025.12.19	01:38:27.365		0.93127			4
2025.12.19	01:38:42.188	0.93116	0.93124			6
2025.12.19	01:38:46.564		0.93123			4
2025.12.19	01:38:48.065	0.93115	0.93124			6
2025.12.19	01:38:56.903	0.93110	0.93118			6
2025.12.19	01:38:59.260	0.93109	0.93119			6
2025.12.19	01:39:00.315	0.93109				2
2025.12.19	01:39:07.109	0.93110	0.93118			6
2025.12.19	01:39:13.865	0.93109				2
2025.12.19	01:39:40.922		0.93117			4
2025.12.19	01:39:52.867	0.93110				2
2025.12.19	01:40:00.122	0.93110				2
2025.12.19	01:40:26.777	0.93107	0.93115			6
2025.12.19	01:40:27.833		0.93119			4
2025.12.19	01:40:30.313	0.93105	0.93114			6
2025.12.19	01:40:30.616	0.93104	0.93115			6
2025.12.19	01:40:33.298		0.93116			4
2025.12.19	01:40:34.618		0.93115			4
2025.12.19	01:40:36.316	0.93105				2
2025.12.19	01:40:36.629		0.93116			4
2025.12.19	01:40:39.793	0.93106				2
2025.12.19	01:40:47.168		0.93118			4
2025.12.19	01:40:47.507	0.93107	0.93116			6
2025.12.19	01:40:51.730	0.93106	0.93117			6
2025.12.19	01:40:54.708		0.93116			4
2025.12.19	01:40:58.596		0.93117			4
2025.12.19	01:41:00.416	0.93106				2
2025.12.19	01:41:07.277		0.93118			4
2025.12.19	01:41:08.670	0.93107				2
2025.12.19	01:41:18.316		0.93117			4
2025.12.19	01:41:27.366	0.93113	0.93125			6
2025.12.19	01:41:27.713	0.93114	0.93124			6
2025.12.19	01:41:41.888	0.93116	0.93125			6
2025.12.19	01:41:42.376		0.93126			4
2025.12.19	01:41:43.795		0.93125			4
2025.12.19	01:41:45.973	0.93115				2
2025.12.19	01:41:47.808	0.93114				2
2025.12.19	01:41:48.150	0.93116	0.93126			6
2025.12.19	01:41:51.373		0.93127			4
2025.12.19	01:41:52.378	0.93115	0.93126			6
2025.12.19	01:42:00.296	0.93115				2
2025.12.19	01:42:09.505	0.93116				2
2025.12.19	01:42:15.790	0.93115				2
2025.12.19	01:42:21.367	0.93116				2
2025.12.19	01:42:26.465	0.93115				2
2025.12.19	01:42:32.006	0.93116				2
2025.12.19	01:42:41.166		0.93125			4
2025.12.19	01:43:00.365	0.93116	0.93126			6
2025.12.19	01:43:06.255		0.93125			4
2025.12.19	01:43:11.038	0.93115				2
2025.12.19	01:43:15.367	0.93116				2
2025.12.19	01:43:45.687	0.93106	0.93117			6
2025.12.19	01:43:46.017		0.93116			4
2025.12.19	01:43:47.696	0.93107				2
2025.12.19	01:43:48.930	0.93106				2
2025.12.19	01:43:49.466		0.93115			4
2025.12.19	01:43:51.917	0.93107	0.93118			6
2025.12.19	01:43:52.219	0.93109				2
2025.12.19	01:43:53.198		0.93117			4
2025.12.19	01:43:59.917	0.93108				2
2025.12.19	01:44:00.773	0.93109				2
2025.12.19	01:44:03.243		0.93116			4
2025.12.19	01:44:04.571	0.93108	0.93117			6
2025.12.19	01:44:11.415		0.93116			4
2025.12.19	01:44:12.806		0.93117			4
2025.12.19	01:44:13.107	0.93107				2
2025.12.19	01:44:20.184		0.93116			4
2025.12.19	01:44:21.210		0.93115			4
2025.12.19	01:44:40.607	0.93108	0.93117			6
2025.12.19	01:44:44.168	0.93107				2
2025.12.19	01:44:46.346	0.93104	0.93114			6
2025.12.19	01:44:47.275	0.93105				2
2025.12.19	01:44:49.532	0.93106				2
2025.12.19	01:44:53.943		0.93115			4
2025.12.19	01:45:00.747	0.93106	0.93116			6
2025.12.19	01:45:04.761	0.93105				2
2025.12.19	01:45:05.652	0.93107				2
2025.12.19	01:45:06.230		0.93117			4
2025.12.19	01:45:13.862	0.93108	0.93118			6
2025.12.19	01:45:16.949	0.93110	0.93120			6
2025.12.19	01:45:17.955	0.93108	0.93119			6
2025.12.19	01:45:20.042		0.93120			4
2025.12.19	01:45:20.572	0.93111	0.93121			6
2025.12.19	01:45:25.741	0.93109	0.93119			6
2025.12.19	01:45:29.026	0.93110	0.93117			6
2025.12.19	01:45:30.116		0.93118			4
2025.12.19	01:45:31.325		0.93119			4
2025.12.19	01:45:31.766		0.93120			4
2025.12.19	01:45:33.146		0.93119			4
2025.12.19	01:45:40.567		0.93120			4
2025.12.19	01:45:44.232		0.93119			4
2025.12.19	01:45:56.885		0.93121			4
2025.12.19	01:46:08.618	0.93110				2
2025.12.19	01:46:10.018		0.93120			4
2025.12.19	01:46:10.548	0.93111				2
2025.12.19	01:46:18.776	0.93113	0.93121			6
2025.12.19	01:46:19.078	0.93112				2
2025.12.19	01:46:21.022	0.93114	0.93123			6
2025.12.19	01:46:26.102		0.93124			4
2025.12.19	01:46:26.517		0.93123			4
2025.12.19	01:46:27.016	0.93113				2
2025.12.19	01:46:30.959	0.93112	0.93121			6
2025.12.19	01:46:40.867		0.93122			4
2025.12.19	01:46:46.699	0.93111	0.93121			6
2025.12.19	01:46:47.041	0.93112				2
2025.12.19	01:46:50.666		0.93122			4
2025.12.19	01:46:56.087	0.93111	0.93119			6
2025.12.19	01:46:57.584	0.93106	0.93116			6
2025.12.19	01:46:57.913	0.93108				2
2025.12.19	01:47:00.316	0.93108				2
2025.12.19	01:47:55.254		0.93115			4
2025.12.19	01:48:01.121	0.93108				2
2025.12.19	01:48:04.676	0.93110	0.93119			6
2025.12.19	01:48:06.468		0.93120			4
2025.12.19	01:48:10.563		0.93118			4
2025.12.19	01:48:14.408		0.93119			4
2025.12.19	01:48:15.585	0.93109	0.93116			6
2025.12.19	01:48:18.191		0.93117			4
2025.12.19	01:48:18.663		0.93116			4
2025.12.19	01:48:21.729		0.93117			4
2025.12.19	01:48:22.354	0.93108	0.93115			6
2025.12.19	01:48:34.524		0.93116			4
2025.12.19	01:48:39.237		0.93115			4
2025.12.19	01:48:45.508		0.93114			4
2025.12.19	01:48:48.641		0.93113			4
2025.12.19	01:48:50.116		0.93114			4
2025.12.19	01:48:53.483	0.93107				2
2025.12.19	01:49:01.634	0.93106				2
2025.12.19	01:49:02.204	0.93107				2
2025.12.19	01:49:05.299		0.93115			4
2025.12.19	01:49:06.777		0.93114			4
2025.12.19	01:49:08.851		0.93115			4
2025.12.19	01:49:09.171	0.93108				2
2025.12.19	01:49:10.155	0.93109	0.93116			6
2025.12.19	01:49:14.150		0.93118			4
2025.12.19	01:49:16.691	0.93110				2
2025.12.19	01:49:21.335	0.93109				2
2025.12.19	01:49:24.521	0.93110				2
2025.12.19	01:49:35.015	0.93109	0.93117			6
2025.12.19	01:49:47.158	0.93107	0.93113			6
2025.12.19	01:49:52.569		0.93112			4
2025.12.19	01:49:59.108		0.93113			4
2025.12.19	01:50:01.466	0.93107	0.93114			6
2025.12.19	01:50:01.999		0.93115			4
2025.12.19	01:50:02.421		0.93114			4
2025.12.19	01:50:05.353		0.93115			4
2025.12.19	01:50:06.342	0.93105	0.93111			6
2025.12.19	01:50:07.362		0.93112			4
2025.12.19	01:50:07.679	0.93106	0.93111			6
2025.12.19	01:50:09.846		0.93112			4
2025.12.19	01:50:18.005		0.93115			4
2025.12.19	01:50:20.219		0.93114			4
2025.12.19	01:50:23.465		0.93115			4
2025.12.19	01:50:38.799	0.93107				2
2025.12.19	01:50:47.157	0.93108				2
2025.12.19	01:50:49.229		0.93114			4
2025.12.19	01:50:51.300		0.93115			4
2025.12.19	01:50:51.741		0.93116			4
2025.12.19	01:50:54.654		0.93115			4
2025.12.19	01:50:55.432		0.93114			4
2025.12.19	01:50:57.673	0.93106				2
2025.12.19	01:51:00.549	0.93106				2
2025.12.19	01:51:06.334	0.93107				2
2025.12.19	01:51:06.662	0.93108				2
2025.12.19	01:51:27.475		0.93113			4
2025.12.19	01:51:29.547		0.93115			4
2025.12.19	01:51:31.972		0.93116			4
2025.12.19	01:51:36.068		0.93115			4
2025.12.19	01:51:36.379		0.93116			4
2025.12.19	01:51:37.817		0.93115			4
2025.12.19	01:51:43.469		0.93116			4
2025.12.19	01:51:43.976		0.93117			4
2025.12.19	01:51:44.452		0.93116			4
2025.12.19	01:51:44.759		0.93117			4
2025.12.19	01:51:46.845		0.93116			4
2025.12.19	01:51:49.138		0.93117			4
2025.12.19	01:51:49.461		0.93116			4
2025.12.19	01:51:53.088		0.93117			4
2025.12.19	01:51:53.995		0.93116			4
2025.12.19	01:51:55.344	0.93107	0.93115			6
2025.12.19	01:51:58.199	0.93106	0.93113			6
2025.12.19	01:51:58.505	0.93107	0.93114			6
2025.12.19	01:52:00.408	0.93107	0.93115			6
2025.12.19	01:52:03.322		0.93114			4
2025.12.19	01:52:05.528		0.93115			4
2025.12.19	01:52:10.574		0.93114			4
2025.12.19	01:52:15.758		0.93115			4
2025.12.19	01:52:16.713		0.93114			4
2025.12.19	01:52:20.315		0.93115			4
2025.12.19	01:52:52.566		0.93114			4
2025.12.19	01:53:00.404	0.93107				2
2025.12.19	01:53:05.628		0.93115			4
2025.12.19	01:53:07.571		0.93114			4
2025.12.19	01:53:10.685		0.93115			4
2025.12.19	01:53:16.107		0.93114			4
2025.12.19	01:53:18.320		0.93115			4
2025.12.19	01:53:23.802		0.93114			4
2025.12.19	01:53:43.265		0.93115			4
2025.12.19	01:53:45.354	0.93104	0.93112			6
2025.12.19	01:53:48.378		0.93114			4
2025.12.19	01:54:00.866	0.93104	0.93110			6
2025.12.19	01:54:03.975		0.93109			4
2025.12.19	01:54:04.349		0.93110			4
2025.12.19	01:54:10.289		0.93109			4
2025.12.19	01:54:11.300		0.93108			4
2025.12.19	01:54:11.680		0.93109			4
2025.12.19	01:54:29.582	0.93102				2
2025.12.19	01:54:30.072		0.93110			4
2025.12.19	01:54:34.340		0.93109			4
2025.12.19	01:54:38.501		0.93110			4
2025.12.19	01:54:39.538		0.93109			4
2025.12.19	01:54:40.573		0.93110			4
2025.12.19	01:54:55.103		0.93111			4
2025.12.19	01:54:55.870		0.93110			4
2025.12.19	01:54:58.481		0.93111			4
2025.12.19	01:54:58.858		0.93110			4
2025.12.19	01:55:00.258	0.93102				2
2025.12.19	01:55:01.296		0.93109			4
2025.12.19	01:55:02.800		0.93110			4
2025.12.19	01:55:13.565		0.93111			4
2025.12.19	01:55:16.180		0.93110			4
2025.12.19	01:55:31.149		0.93111			4
2025.12.19	01:55:47.167	0.93104	0.93112			6
2025.12.19	01:55:48.444		0.93111			4
2025.12.19	01:55:49.576		0.93110			4
2025.12.19	01:55:50.018	0.93103				2
2025.12.19	01:56:05.047	0.93103				2
2025.12.19	01:56:07.757		0.93111			4
2025.12.19	01:56:08.528	0.93102				2
2025.12.19	01:56:17.964		0.93110			4
2025.12.19	01:56:18.560	0.93103	0.93111			6
2025.12.19	01:56:22.717		0.93110			4
2025.12.19	01:56:42.065	0.93102				2
2025.12.19	01:57:03.460	0.93102				2
2025.12.19	01:57:05.284	0.93103				2
2025.12.19	01:57:10.469		0.93111			4
2025.12.19	01:57:13.008		0.93110			4
2025.12.19	01:57:16.566	0.93102	0.93111			6
2025.12.19	01:57:40.514		0.93109			4
2025.12.19	01:57:50.681		0.93107			4
2025.12.19	01:57:58.879		0.93108			4
2025.12.19	01:58:00.536	0.93102				2
2025.12.19	01:58:06.341		0.93107			4
2025.12.19	01:58:09.173		0.93108			4
2025.12.19	01:58:10.450		0.93109			4
2025.12.19	01:58:19.994		0.93108			4
2025.12.19	01:58:20.386		0.93109			4
2025.12.19	01:58:21.564		0.93110			4
2025.12.19	01:58:23.387		0.93109			4
2025.12.19	01:58:23.755		0.93110			4
2025.12.19	01:58:28.081		0.93109			4
2025.12.19	01:58:30.722		0.93110			4
2025.12.19	01:58:31.265		0.93109			4
2025.12.19	01:58:35.408		0.93110			4
2025.12.19	01:58:37.499	0.93103				2
2025.12.19	01:59:00.425	0.93103				2
2025.12.19	01:59:08.284		0.93113			4
2025.12.19	01:59:09.292	0.93104				2
2025.12.19	01:59:13.265		0.93112			4
2025.12.19	01:59:13.570		0.93113			4
2025.12.19	01:59:14.240		0.93112			4
2025.12.19	01:59:14.608		0.93113			4
2025.12.19	01:59:17.583		0.93112			4
2025.12.19	01:59:34.750	0.93106	0.93113			6
2025.12.19	01:59:35.185	0.93105				2
2025.12.19	01:59:48.073		0.93114			4
2025.12.19	01:59:50.844	0.93107				2
2025.12.19	01:59:57.660		0.93115			4
2025.12.19	01:59:58.867	0.93108				2
2025.12.19	01:59:59.529	0.93105	0.93111			6
2025.12.19	01:59:59.838		0.93112			4
2025.12.19	02:00:00.325	0.93105	0.93111			6
2025.12.19	02:00:00.751		0.93113			4
2025.12.19	02:00:01.175		0.93112			4
2025.12.19	02:00:04.987	0.93108	0.93115			6
2025.12.19	02:00:06.427	0.93104	0.93112			6
2025.12.19	02:00:06.892	0.93105	0.93113			6
2025.12.19	02:00:07.199	0.93104	0.93111			6
2025.12.19	02:00:08.244	0.93107	0.93114			6
2025.12.19	02:00:09.745	0.93106				2
2025.12.19	02:00:10.466		0.93113			4
2025.12.19	02:00:13.832	0.93105				2
2025.12.19	02:00:14.167	0.93104	0.93112			6
2025.12.19	02:00:18.821	0.93110	0.93118			6
2025.12.19	02:00:20.376	0.93109	0.93116			6
2025.12.19	02:00:20.875	0.93108				2
2025.12.19	02:00:21.285	0.93109				2
2025.12.19	02:00:21.720	0.93108				2
2025.12.19	02:00:22.116	0.93110	0.93117			6
2025.12.19	02:00:23.246	0.93109				2
2025.12.19	02:00:23.750	0.93108	0.93116			6
2025.12.19	02:00:26.991	0.93109				2
2025.12.19	02:00:27.654		0.93117			4
2025.12.19	02:00:27.964	0.93108	0.93116			6
2025.12.19	02:00:28.298	0.93109	0.93117			6
2025.12.19	02:00:29.259		0.93116			4
2025.12.19	02:00:31.296	0.93107				2
2025.12.19	02:00:31.624	0.93108				2
2025.12.19	02:00:32.397	0.93110	0.93117			6
2025.12.19	02:00:34.041	0.93109				2
2025.12.19	02:00:34.460	0.93108				2
2025.12.19	02:00:35.629	0.93109				2
2025.12.19	02:00:38.773	0.93108	0.93118			6
2025.12.19	02:00:41.327	0.93109	0.93117			6
2025.12.19	02:00:43.498	0.93108	0.93116			6
2025.12.19	02:00:44.443	0.93105	0.93113			6
2025.12.19	02:00:44.811	0.93104				2
2025.12.19	02:00:45.255	0.93108	0.93116			6
2025.12.19	02:00:47.852	0.93112	0.93121			6
2025.12.19	02:00:48.168	0.93110	0.93122			6
2025.12.19	02:00:48.480	0.93111				2
2025.12.19	02:00:49.330		0.93120			4
2025.12.19	02:00:51.922		0.93118			4
2025.12.19	02:00:56.022		0.93119			4
2025.12.19	02:01:00.382	0.93111				2
2025.12.19	02:01:01.261		0.93118			4
2025.12.19	02:01:01.988		0.93121			4
2025.12.19	02:01:06.824	0.93112	0.93120			6
2025.12.19	02:01:08.636	0.93111	0.93121			6
2025.12.19	02:01:13.425	0.93112	0.93119			6
2025.12.19	02:01:14.890		0.93120			4
2025.12.19	02:01:17.910	0.93113	0.93121			6
2025.12.19	02:01:19.490	0.93112				2
2025.12.19	02:01:22.194		0.93120			4
2025.12.19	02:01:23.324	0.93113	0.93121			6
2025.12.19	02:01:24.371	0.93109	0.93117			6
2025.12.19	02:01:31.921	0.93110				2
2025.12.19	02:01:39.231	0.93109				2
2025.12.19	02:01:40.226	0.93110				2
2025.12.19	02:01:49.739	0.93113	0.93119			6
2025.12.19	02:01:52.687	0.93114	0.93123			6
2025.12.19	02:01:53.543	0.93113	0.93121			6
2025.12.19	02:01:55.436		0.93123			4
2025.12.19	02:01:55.770		0.93121			4
2025.12.19	02:01:58.568	0.93114	0.93122			6
2025.12.19	02:01:58.960	0.93112	0.93120			6
2025.12.19	02:01:59.293	0.93114	0.93121			6
2025.12.19	02:02:01.334	0.93114	0.93122			6
2025.12.19	02:02:03.575	0.93112				2
2025.12.19	02:02:04.172	0.93113	0.93121			6
2025.12.19	02:02:04.485		0.93122			4
2025.12.19	02:02:07.664		0.93121			4
2025.12.19	02:02:13.722	0.93112				2
2025.12.19	02:02:14.961	0.93113	0.93122			6
2025.12.19	02:02:15.375		0.93121			4
2025.12.19	02:02:18.413		0.93120			4
2025.12.19	02:02:22.987	0.93114	0.93121			6
2025.12.19	02:02:23.665	0.93113				2
2025.12.19	02:02:25.420	0.93112				2
2025.12.19	02:02:30.243	0.93113				2
2025.12.19	02:02:32.157	0.93114	0.93122			6
2025.12.19	02:02:32.621		0.93121			4
2025.12.19	02:02:33.643	0.93113	0.93122			6
2025.12.19	02:02:35.071	0.93114				2
2025.12.19	02:02:37.441	0.93113	0.93121			6
2025.12.19	02:02:50.536	0.93112				2
2025.12.19	02:02:52.654		0.93120			4
2025.12.19	02:02:54.133	0.93113	0.93121			6
2025.12.19	02:02:57.488	0.93117	0.93125			6
2025.12.19	02:02:59.849	0.93116				2
2025.12.19	02:03:00.444	0.93116				2
2025.12.19	02:03:01.278	0.93115	0.93124			6
2025.12.19	02:03:02.481	0.93116	0.93123			6
2025.12.19	02:03:02.800	0.93121	0.93129			6
2025.12.19	02:03:04.516	0.93120	0.93128			6
2025.12.19	02:03:07.649	0.93118	0.93127			6
2025.12.19	02:03:08.007	0.93119	0.93126			6
2025.12.19	02:03:10.915	0.93117	0.93124			6
2025.12.19	02:03:15.263	0.93116				2
2025.12.19	02:03:22.161	0.93117				2
2025.12.19	02:03:23.673	0.93118	0.93125			6
2025.12.19	02:03:24.982	0.93121	0.93129			6
2025.12.19	02:03:26.242		0.93128			4
2025.12.19	02:03:28.230	0.93120	0.93127			6
2025.12.19	02:03:34.225	0.93121	0.93128			6
2025.12.19	02:03:34.949	0.93118	0.93127			6
2025.12.19	02:03:35.262	0.93121	0.93128			6
2025.12.19	02:03:35.607		0.93130			4
2025.12.19	02:03:36.305		0.93129			4
2025.12.19	02:03:38.300		0.93128			4
2025.12.19	02:03:40.268	0.93120				2
2025.12.19	02:03:41.877	0.93121	0.93130			6
2025.12.19	02:03:42.806		0.93128			4
2025.12.19	02:03:44.184	0.93122	0.93129			6
2025.12.19	02:03:44.511	0.93125	0.93132			6
2025.12.19	02:03:44.921	0.93124	0.93131			6
2025.12.19	02:04:00.106	0.93124				2
2025.12.19	02:04:02.785	0.93122	0.93129			6
2025.12.19	02:04:07.566	0.93121				2
2025.12.19	02:04:12.744	0.93120	0.93128			6
2025.12.19	02:04:20.089		0.93129			4
2025.12.19	02:04:22.300	0.93121	0.93130			6
2025.12.19	02:04:22.733	0.93122	0.93128			6
2025.12.19	02:04:24.322	0.93121	0.93129			6
2025.12.19	02:04:26.566	0.93122				2
2025.12.19	02:04:29.420	0.93123	0.93131			6
2025.12.19	02:04:29.754		0.93129			4
2025.12.19	02:04:32.305		0.93131			4
2025.12.19	02:04:32.790	0.93122	0.93130			6
2025.12.19	02:04:37.265	0.93124	0.93131			6
2025.12.19	02:04:49.843	0.93125	0.93134			6
2025.12.19	02:04:50.854	0.93124	0.93131			6
2025.12.19	02:04:51.740		0.93132			4
2025.12.19	02:04:55.566		0.93133			4
2025.12.19	02:04:57.446	0.93125	0.93132			6
2025.12.19	02:05:00.276	0.93125				2
2025.12.19	02:05:03.417	0.93124	0.93131			6
2025.12.19	02:05:09.394	0.93125	0.93132			6
2025.12.19	02:05:10.710	0.93124	0.93133			6
2025.12.19	02:05:11.068		0.93132			4
2025.12.19	02:05:14.441		0.93131			4
2025.12.19	02:05:15.722	0.93122	0.93130			6
2025.12.19	02:05:16.231	0.93121	0.93129			6
2025.12.19	02:05:17.245	0.93122	0.93130			6
2025.12.19	02:05:17.749	0.93124	0.93131			6
2025.12.19	02:05:25.032		0.93132			4
2025.12.19	02:05:26.057	0.93123	0.93131			6
2025.12.19	02:05:28.080		0.93130			4
2025.12.19	02:05:32.403	0.93122				2
2025.12.19	02:05:32.985		0.93131			4
2025.12.19	02:05:33.346		0.93130			4
2025.12.19	02:05:38.252	0.93123				2
2025.12.19	02:05:38.671	0.93122				2
2025.12.19	02:05:44.941	0.93121	0.93129			6
2025.12.19	02:05:53.058		0.93130			4
2025.12.19	02:05:55.165		0.93129			4
2025.12.19	02:05:56.270		0.93130			4
2025.12.19	02:06:00.395	0.93121	0.93127			6
2025.12.19	02:06:01.387		0.93128			4
2025.12.19	02:06:12.950	0.93119				2
2025.12.19	02:06:13.264	0.93118	0.93127			6
2025.12.19	02:06:13.579	0.93121	0.93128			6
2025.12.19	02:06:15.383	0.93120	0.93129			6
2025.12.19	02:06:16.026	0.93119	0.93127			6
2025.12.19	02:06:18.240		0.93126			4
2025.12.19	02:06:18.886		0.93127			4
2025.12.19	02:06:21.478		0.93126			4
2025.12.19	02:06:23.085	0.93118				2
2025.12.19	02:06:26.744	0.93123	0.93131			6
2025.12.19	02:06:34.619		0.93130			4
2025.12.19	02:06:36.700	0.93122				2
2025.12.19	02:06:39.833		0.93131			4
2025.12.19	02:06:40.159	0.93123	0.93130			6
2025.12.19	02:06:53.007	0.93122				2
2025.12.19	02:06:55.379	0.93123				2
2025.12.19	02:06:58.253		0.93131			4
2025.12.19	02:06:58.900		0.93130			4
2025.12.19	02:07:00.409	0.93124	0.93131			6
2025.12.19	02:07:04.993	0.93122				2
2025.12.19	02:07:05.308	0.93123	0.93130			6
2025.12.19	02:07:08.709		0.93131			4
2025.12.19	02:07:13.513	0.93124				2
2025.12.19	02:07:18.482	0.93123				2
2025.12.19	02:07:24.164		0.93130			4
2025.12.19	02:07:24.616		0.93131			4
2025.12.19	02:07:25.582		0.93130			4
2025.12.19	02:07:29.135		0.93131			4
2025.12.19	02:07:37.422		0.93130			4
2025.12.19	02:07:38.805		0.93131			4
2025.12.19	02:07:39.770		0.93130			4
2025.12.19	02:07:47.768		0.93129			4
2025.12.19	02:07:48.327		0.93130			4
2025.12.19	02:07:56.853		0.93131			4
2025.12.19	02:07:57.562		0.93130			4
2025.12.19	02:07:59.172		0.93131			4
2025.12.19	02:08:00.379	0.93121	0.93128			6
2025.12.19	02:08:09.485	0.93122	0.93130			6
2025.12.19	02:08:09.934		0.93129			4
2025.12.19	02:08:10.488	0.93121	0.93131			6
2025.12.19	02:08:13.699	0.93124	0.93133			6
2025.12.19	02:08:14.036		0.93132			4
2025.12.19	02:08:14.442		0.93133			4
2025.12.19	02:08:17.700	0.93126				2
2025.12.19	02:08:24.544		0.93134			4
2025.12.19	02:08:24.850		0.93135			4
2025.12.19	02:08:26.792		0.93133			4
2025.12.19	02:08:29.200		0.93135			4
2025.12.19	02:08:30.422		0.93134			4
2025.12.19	02:08:32.532	0.93125	0.93133			6
2025.12.19	02:08:33.792	0.93126				2
2025.12.19	02:08:36.174	0.93127	0.93134			6
2025.12.19	02:08:39.363	0.93126				2
2025.12.19	02:08:39.733	0.93127	0.93136			6
2025.12.19	02:08:42.551	0.93128	0.93135			6
2025.12.19	02:08:43.032		0.93137			4
2025.12.19	02:08:44.989	0.93129	0.93136			6
2025.12.19	02:08:45.341	0.93128				2
2025.12.19	02:08:51.958	0.93125	0.93134			6
2025.12.19	02:09:00.867	0.93125				2
2025.12.19	02:09:12.303	0.93127	0.93135			6
2025.12.19	02:09:25.280		0.93136			4
2025.12.19	02:09:33.058	0.93126	0.93134			6
2025.12.19	02:09:34.330		0.93135			4
2025.12.19	02:09:36.299	0.93127				2
2025.12.19	02:09:39.605		0.93136			4
2025.12.19	02:09:48.195		0.93135			4
2025.12.19	02:09:51.272		0.93136			4
2025.12.19	02:09:53.292		0.93135			4
2025.12.19	02:10:00.363	0.93127				2
2025.12.19	02:10:02.865		0.93138			4
2025.12.19	02:10:07.886		0.93137			4
2025.12.19	02:10:21.485	0.93128	0.93138			6
2025.12.19	02:10:27.422	0.93127	0.93135			6
2025.12.19	02:10:29.696		0.93134			4
2025.12.19	02:10:57.396	0.93128	0.93135			6
2025.12.19	02:11:00.403	0.93128				2
2025.12.19	02:11:05.044		0.93134			4
2025.12.19	02:11:05.535		0.93136			4
2025.12.19	02:11:09.879	0.93127	0.93135			6
2025.12.19	02:11:14.183		0.93134			4
2025.12.19	02:11:24.525	0.93128	0.93136			6
2025.12.19	02:11:24.942	0.93126	0.93135			6
2025.12.19	02:11:26.700	0.93127	0.93136			6
2025.12.19	02:11:28.568		0.93135			4
2025.12.19	02:11:31.177	0.93126				2
2025.12.19	02:11:41.254		0.93134			4
2025.12.19	02:11:52.109		0.93133			4
2025.12.19	02:11:55.266	0.93125	0.93132			6
2025.12.19	02:11:57.903	0.93128	0.93135			6
2025.12.19	02:12:03.645	0.93128				2
2025.12.19	02:12:06.535	0.93127				2
2025.12.19	02:12:07.854	0.93128				2
2025.12.19	02:12:08.515		0.93134			4
2025.12.19	02:12:09.481		0.93135			4
2025.12.19	02:12:15.125	0.93127				2
2025.12.19	02:12:16.115	0.93128				2
2025.12.19	02:12:20.719	0.93130	0.93138			6
2025.12.19	02:12:22.307	0.93129	0.93136			6
2025.12.19	02:12:37.052		0.93138			4
2025.12.19	02:12:38.575		0.93137			4
2025.12.19	02:12:55.064		0.93136			4
2025.12.19	02:12:58.159		0.93138			4
2025.12.19	02:13:01.704	0.93129				2
2025.12.19	02:13:03.460	0.93128	0.93137			6
2025.12.19	02:13:06.843	0.93127	0.93136			6
2025.12.19	02:13:16.197	0.93126	0.93135			6
2025.12.19	02:13:18.157		0.93134			4
2025.12.19	02:13:24.418	0.93127	0.93135			6
2025.12.19	02:13:30.427	0.93126				2
2025.12.19	02:13:36.149	0.93127	0.93136			6
2025.12.19	02:13:36.568	0.93126	0.93135			6
2025.12.19	02:13:45.276	0.93127				2
2025.12.19	02:14:00.020	0.93127				2
2025.12.19	02:14:01.459	0.93126				2
2025.12.19	02:14:11.316	0.93127	0.93134			6
2025.12.19	02:14:14.956	0.93126	0.93133			6
2025.12.19	02:14:19.084		0.93134			4
2025.12.19	02:14:19.420		0.93133			4
2025.12.19	02:14:20.733		0.93134			4
2025.12.19	02:14:21.070		0.93133			4
2025.12.19	02:14:21.395		0.93134			4
2025.12.19	02:14:22.060		0.93133			4
2025.12.19	02:14:25.354		0.93134			4
2025.12.19	02:14:26.019		0.93133			4
2025.12.19	02:14:28.985		0.93134			4
2025.12.19	02:14:29.659	0.93125	0.93131			6
2025.12.19	02:14:34.423	0.93124	0.93134			6
2025.12.19	02:14:36.713		0.93132			4
2025.12.19	02:14:40.905	0.93123	0.93133			6
2025.12.19	02:14:41.705		0.93131			4
2025.12.19	02:14:47.207	0.93122	0.93130			6
2025.12.19	02:14:47.797	0.93121	0.93129			6
2025.12.19	02:14:49.200	0.93124	0.93130			6
2025.12.19	02:14:52.569	0.93123	0.93131			6
2025.12.19	02:14:57.631		0.93130			4
2025.12.19	02:14:59.899	0.93124				2
2025.12.19	02:15:00.305	0.93124				2
2025.12.19	02:15:01.481	0.93123				2
2025.12.19	02:15:03.802	0.93124				2
2025.12.19	02:15:07.682		0.93133			4
2025.12.19	02:15:08.846	0.93125	0.93134			6
2025.12.19	02:15:10.690	0.93126	0.93133			6
2025.12.19	02:15:11.003	0.93127	0.93134			6
2025.12.19	02:15:11.752	0.93126				2
2025.12.19	02:15:15.383	0.93127	0.93136			6
2025.12.19	02:15:20.199	0.93126	0.93134			6
2025.12.19	02:15:25.503	0.93124	0.93131			6
2025.12.19	02:15:28.572		0.93132			4
2025.12.19	02:15:31.927		0.93131			4
2025.12.19	02:15:33.666		0.93132			4
2025.12.19	02:15:38.919	0.93125				2
2025.12.19	02:15:39.483	0.93124				2
2025.12.19	02:15:53.466		0.93133			4
2025.12.19	02:15:55.062		0.93132			4
2025.12.19	02:15:55.382		0.93131			4
2025.12.19	02:15:56.063	0.93123	0.93132			6
2025.12.19	02:15:57.641		0.93131			4
2025.12.19	02:16:00.536	0.93123				2
2025.12.19	02:16:01.099		0.93132			4
2025.12.19	02:16:03.989		0.93130			4
2025.12.19	02:16:05.489	0.93122	0.93129			6
2025.12.19	02:16:08.195	0.93123	0.93130			6
2025.12.19	02:16:14.265		0.93132			4
2025.12.19	02:16:17.411		0.93131			4
2025.12.19	02:16:20.064		0.93132			4
2025.12.19	02:16:24.080		0.93131			4
2025.12.19	02:16:24.493		0.93130			4
2025.12.19	02:16:32.991		0.93129			4
2025.12.19	02:16:41.603	0.93122				2
2025.12.19	02:16:42.202	0.93118	0.93125			6
2025.12.19	02:16:46.187	0.93119				2
2025.12.19	02:16:47.968		0.93127			4
2025.12.19	02:16:53.136	0.93117	0.93125			6
2025.12.19	02:16:57.768		0.93124			4
2025.12.19	02:17:00.481	0.93118	0.93125			6
2025.12.19	02:17:00.798	0.93119				2
2025.12.19	02:17:11.462	0.93120	0.93127			6
2025.12.19	02:17:15.453		0.93128			4
2025.12.19	02:17:16.571	0.93121				2
2025.12.19	02:17:18.770	0.93122				2
2025.12.19	02:17:19.375	0.93120	0.93127			6
2025.12.19	02:17:20.590	0.93121				2
2025.12.19	02:17:22.091		0.93128			4
2025.12.19	02:17:25.846	0.93122	0.93129			6
2025.12.19	02:17:26.160		0.93130			4
2025.12.19	02:17:28.754	0.93121	0.93129			6
2025.12.19	02:17:29.429	0.93120	0.93127			6
2025.12.19	02:17:31.028	0.93121	0.93128			6
2025.12.19	02:17:31.875		0.93127			4
2025.12.19	02:17:45.176	0.93120				2
2025.12.19	02:17:49.401		0.93128			4
2025.12.19	02:17:52.818	0.93119				2
2025.12.19	02:17:53.770		0.93127			4
2025.12.19	02:17:55.172	0.93120				2
2025.12.19	02:17:59.950	0.93119				2
2025.12.19	02:18:00.947	0.93119				2
2025.12.19	02:18:11.657	0.93120				2
2025.12.19	02:18:20.144	0.93121				2
2025.12.19	02:18:24.288	0.93123				2
2025.12.19	02:18:25.287	0.93122				2
2025.12.19	02:18:41.197		0.93129			4
2025.12.19	02:18:43.038	0.93121	0.93128			6
2025.12.19	02:18:43.506	0.93122				2
2025.12.19	02:18:50.315	0.93120				2
2025.12.19	02:18:52.448	0.93119				2
2025.12.19	02:18:52.760		0.93129			4
2025.12.19	02:18:56.324	0.93120				2
2025.12.19	02:18:56.659	0.93119				2
2025.12.19	02:19:00.216	0.93119				2
2025.12.19	02:19:01.043	0.93120	0.93128			6
2025.12.19	02:19:02.759		0.93127			4
2025.12.19	02:19:04.075	0.93119				2
2025.12.19	02:19:13.820	0.93120				2
2025.12.19	02:19:41.808		0.93128			4
2025.12.19	02:19:48.248	0.93121	0.93130			6
2025.12.19	02:19:49.768	0.93122				2
2025.12.19	02:19:54.326	0.93121				2
2025.12.19	02:19:59.218	0.93122				2
2025.12.19	02:20:02.413	0.93121				2
2025.12.19	02:20:04.567		0.93129			4
2025.12.19	02:20:05.649		0.93130			4
2025.12.19	02:20:06.562	0.93122				2
2025.12.19	02:20:12.476		0.93131			4
2025.12.19	02:20:13.113	0.93123				2
2025.12.19	02:20:20.502	0.93122				2
2025.12.19	02:20:22.144	0.93129	0.93137			6
2025.12.19	02:20:25.060	0.93131	0.93138			6
2025.12.19	02:20:26.781	0.93132				2
2025.12.19	02:20:30.851	0.93131				2
2025.12.19	02:20:33.740	0.93133	0.93140			6
2025.12.19	02:20:34.336	0.93131				2
2025.12.19	02:20:39.335	0.93132				2
2025.12.19	02:20:42.566	0.93128	0.93136			6
2025.12.19	02:20:43.646	0.93127				2
2025.12.19	02:20:44.288		0.93135			4
2025.12.19	02:20:45.093	0.93126				2
2025.12.19	02:20:47.747	0.93123	0.93132			6
2025.12.19	02:20:48.060	0.93125	0.93131			6
2025.12.19	02:20:50.230	0.93124				2
2025.12.19	02:21:02.922	0.93124				2
2025.12.19	02:21:03.615		0.93130			4
2025.12.19	02:21:04.337	0.93123				2
2025.12.19	02:21:07.568	0.93124				2
2025.12.19	02:21:17.011	0.93123				2
2025.12.19	02:21:20.732	0.93122				2
2025.12.19	02:21:30.133	0.93121				2
2025.12.19	02:21:31.785	0.93122	0.93131			6
2025.12.19	02:21:32.973	0.93123	0.93130			6
2025.12.19	02:21:41.786		0.93132			4
2025.12.19	02:21:42.218		0.93130			4
2025.12.19	02:21:54.015	0.93121				2
2025.12.19	02:21:55.159	0.93122				2
2025.12.19	02:22:00.860	0.93122				2
2025.12.19	02:22:02.137	0.93123				2
2025.12.19	02:22:04.554	0.93122				2
2025.12.19	02:22:06.259	0.93123				2
2025.12.19	02:22:09.257	0.93122	0.93129			6
2025.12.19	02:22:09.612		0.93130			4
2025.12.19	02:22:16.835	0.93121				2
2025.12.19	02:22:23.364	0.93119	0.93128			6
2025.12.19	02:22:28.645	0.93118				2
2025.12.19	02:22:29.600		0.93129			4
2025.12.19	02:22:35.467	0.93121				2
2025.12.19	02:22:46.110	0.93122	0.93130			6
2025.12.19	02:22:49.882	0.93121	0.93129			6
2025.12.19	02:22:50.838	0.93122				2
2025.12.19	02:22:51.246		0.93131			4
2025.12.19	02:22:51.974	0.93123				2
2025.12.19	02:23:00.030	0.93123				2
2025.12.19	02:23:02.977	0.93122				2
2025.12.19	02:23:05.900	0.93120				2
2025.12.19	02:23:12.683	0.93121				2
2025.12.19	02:23:24.199	0.93120				2
2025.12.19	02:23:24.948	0.93121				2
2025.12.19	02:23:25.742	0.93120				2
2025.12.19	02:23:32.469	0.93121				2
2025.12.19	02:23:32.826	0.93118				2
2025.12.19	02:23:33.858	0.93119				2
2025.12.19	02:23:34.861	0.93120				2
2025.12.19	02:23:35.672		0.93130			4
2025.12.19	02:23:36.896	0.93119				2
2025.12.19	02:23:44.318		0.93129			4
2025.12.19	02:23:51.516	0.93118				2
2025.12.19	02:24:00.493	0.93117				2
2025.12.19	02:24:00.820	0.93118	0.93128			6
2025.12.19	02:24:10.565	0.93119	0.93129			6
2025.12.19	02:24:38.915	0.93118				2
2025.12.19	02:24:39.266	0.93117				2
2025.12.19	02:24:39.978	0.93116	0.93128			6
2025.12.19	02:24:40.288		0.93127			4
2025.12.19	02:24:40.599	0.93117	0.93129			6
2025.12.19	02:24:41.929	0.93116	0.93128			6
2025.12.19	02:24:50.737	0.93117				2
2025.12.19	02:24:58.294	0.93118	0.93129			6
2025.12.19	02:24:59.040		0.93128			4
2025.12.19	02:25:01.746	0.93118				2
2025.12.19	02:25:07.574	0.93117	0.93127			6
2025.12.19	02:25:12.767	0.93116				2
2025.12.19	02:25:13.750	0.93117	0.93129			6
2025.12.19	02:25:17.553	0.93118				2
2025.12.19	02:25:18.016	0.93117				2
2025.12.19	02:25:39.917		0.93128			4
2025.12.19	02:25:41.426		0.93127			4
2025.12.19	02:25:51.094		0.93128			4
2025.12.19	02:25:55.681		0.93127			4
2025.12.19	02:25:59.182	0.93115				2
2025.12.19	02:25:59.810	0.93116	0.93128			6
2025.12.19	02:26:03.141	0.93116				2
2025.12.19	02:26:05.341	0.93118	0.93129			6
2025.12.19	02:26:08.659	0.93119				2
2025.12.19	02:26:19.754	0.93118				2
2025.12.19	02:26:27.319	0.93119				2
2025.12.19	02:26:37.007	0.93118	0.93128			6
2025.12.19	02:26:38.964	0.93119				2
2025.12.19	02:26:40.068		0.93129			4
2025.12.19	02:26:40.786	0.93120				2
2025.12.19	02:26:46.123	0.93121				2
2025.12.19	02:26:56.054	0.93120	0.93130			6
2025.12.19	02:26:56.842	0.93119	0.93129			6
