<DATE>	<TIME>	<BID>	<ASK>	<LAST>	<VOLUME>	<FLAGS>
2025.07.03	00:03:31.316	0.93353	0.93504			6
2025.07.03	00:04:00.917	0.93353				2
2025.07.03	00:04:22.890		0.93480			4
2025.07.03	00:05:00.919	0.93353				2
2025.07.03	00:05:03.838	0.93349				2
2025.07.03	00:05:24.914		0.93480			4
2025.07.03	00:06:00.341	0.93349				2
2025.07.03	00:06:34.351		0.93480			4
2025.07.03	00:06:50.822	0.93353				2
2025.07.03	00:06:54.892	0.93352				2
2025.07.03	00:07:00.461	0.93352				2
2025.07.03	00:07:03.763	0.93349				2
2025.07.03	00:07:06.824	0.93352				2
2025.07.03	00:07:10.823	0.93349				2
2025.07.03	00:07:24.652	0.93352				2
2025.07.03	00:07:42.371		0.93480			4
2025.07.03	00:08:00.371	0.93352				2
2025.07.03	00:08:02.351	0.93360				2
2025.07.03	00:08:02.894		0.93484			4
2025.07.03	00:09:00.380	0.93360				2
2025.07.03	00:09:04.893		0.93484			4
2025.07.03	00:09:52.908		0.93480			4
2025.07.03	00:10:00.326	0.93360				2
2025.07.03	00:10:11.740	0.93374	0.93485			6
2025.07.03	00:10:40.143		0.93488			4
2025.07.03	00:10:52.887	0.93360	0.93552			6
2025.07.03	00:10:54.275		0.93480			4
2025.07.03	00:10:58.961	0.93378	0.93503			6
2025.07.03	00:10:59.860	0.93360	0.93480			6
2025.07.03	00:11:02.682	0.93360				2
2025.07.03	00:11:06.159	0.93378	0.93503			6
2025.07.03	00:11:07.066	0.93360	0.93480			6
2025.07.03	00:11:13.151	0.93378	0.93503			6
2025.07.03	00:11:14.052	0.93360	0.93480			6
2025.07.03	00:11:20.250	0.93378	0.93503			6
2025.07.03	00:11:21.152	0.93360	0.93480			6
2025.07.03	00:11:27.236	0.93378	0.93503			6
2025.07.03	00:11:28.143	0.93360	0.93480			6
2025.07.03	00:12:00.590	0.93360				2
2025.07.03	00:12:28.481		0.93480			4
2025.07.03	00:13:03.591	0.93360				2
2025.07.03	00:13:23.327	0.93288	0.93476			6
2025.07.03	00:13:23.777	0.93286				2
2025.07.03	00:13:28.786	0.93287				2
2025.07.03	00:13:37.181	0.93286				2
2025.07.03	00:13:43.652	0.93280				2
2025.07.03	00:14:02.951	0.93280				2
2025.07.03	00:14:18.327		0.93479			4
2025.07.03	00:14:43.663	0.93279				2
2025.07.03	00:15:00.573	0.93279				2
2025.07.03	00:17:04.613	0.93262	0.93481			6
2025.07.03	00:17:08.129	0.93266				2
2025.07.03	00:17:08.768	0.93267				2
2025.07.03	00:17:49.506	0.93265				2
2025.07.03	00:17:58.328		0.93483			4
2025.07.03	00:17:59.142	0.93272				2
2025.07.03	00:18:00.358	0.93272				2
2025.07.03	00:18:03.226	0.93269				2
2025.07.03	00:18:14.715	0.93267				2
2025.07.03	00:18:18.093	0.93274				2
2025.07.03	00:18:20.694	0.93266				2
2025.07.03	00:18:45.484	0.93267				2
2025.07.03	00:18:50.785	0.93276				2
2025.07.03	00:18:53.227		0.93481			4
2025.07.03	00:18:57.896	0.93302	0.93500			6
2025.07.03	00:18:59.738	0.93323	0.93515			6
2025.07.03	00:19:00.245	0.93323	0.93505			6
2025.07.03	00:19:31.445		0.93488			4
2025.07.03	00:20:00.570	0.93323				2
2025.07.03	00:20:20.924	0.93325				2
2025.07.03	00:20:26.355		0.93480			4
2025.07.03	00:20:59.687	0.93326				2
2025.07.03	00:21:03.518	0.93332				2
2025.07.03	00:21:26.540		0.93480			4
2025.07.03	00:22:00.446	0.93332				2
2025.07.03	00:22:28.605		0.93480			4
2025.07.03	00:22:31.482	0.93333				2
2025.07.03	00:23:00.388	0.93333				2
2025.07.03	00:23:02.106	0.93355	0.93503			6
2025.07.03	00:23:20.366	0.93349	0.93500			6
2025.07.03	00:23:27.618		0.93481			4
2025.07.03	00:23:40.879	0.93343				2
2025.07.03	00:23:56.824	0.93344				2
2025.07.03	00:24:00.400	0.93344				2
2025.07.03	00:24:22.618		0.93480			4
2025.07.03	00:24:35.214	0.93356	0.93495			6
2025.07.03	00:24:45.475	0.93357				2
2025.07.03	00:24:52.476	0.93362				2
2025.07.03	00:24:56.276	0.93367				2
2025.07.03	00:25:00.307	0.93367				2
2025.07.03	00:25:03.294		0.93480			4
2025.07.03	00:25:27.140	0.93363				2
2025.07.03	00:25:38.936	0.93367				2
2025.07.03	00:26:00.863	0.93367				2
2025.07.03	00:26:03.357		0.93480			4
2025.07.03	00:26:14.579	0.93373				2
2025.07.03	00:26:27.905	0.93378	0.93481			6
2025.07.03	00:26:30.396	0.93379				2
2025.07.03	00:27:02.650	0.93379				2
2025.07.03	00:27:30.392		0.93481			4
2025.07.03	00:27:57.402	0.93369				2
2025.07.03	00:27:59.017	0.93374				2
2025.07.03	00:28:00.306	0.93379				2
2025.07.03	00:28:03.370	0.93360				2
2025.07.03	00:28:30.281	0.93361				2
2025.07.03	00:28:33.505		0.93481			4
2025.07.03	00:28:53.683	0.93363	0.93480			6
2025.07.03	00:29:00.394	0.93363				2
2025.07.03	00:29:21.518	0.93370				2
2025.07.03	00:29:26.905	0.93376	0.93484			6
2025.07.03	00:29:51.068	0.93372	0.93487			6
2025.07.03	00:29:53.971	0.93379				2
2025.07.03	00:30:00.380	0.93379				2
2025.07.03	00:30:51.282		0.93487			4
2025.07.03	00:31:00.401	0.93379				2
2025.07.03	00:31:46.050	0.93374				2
2025.07.03	00:31:52.360		0.93487			4
2025.07.03	00:31:54.014	0.93372	0.93484			6
2025.07.03	00:32:00.467	0.93372				2
2025.07.03	00:32:37.363	0.93373	0.93483			6
2025.07.03	00:32:43.045	0.93372				2
2025.07.03	00:32:46.047	0.93373				2
2025.07.03	00:32:52.755	0.93372				2
2025.07.03	00:33:00.886	0.93372				2
2025.07.03	00:33:05.083	0.93373				2
2025.07.03	00:33:10.528	0.93371				2
2025.07.03	00:33:14.578	0.93372				2
2025.07.03	00:33:14.926	0.93371				2
2025.07.03	00:33:33.227		0.93482			4
2025.07.03	00:33:40.088		0.93479			4
2025.07.03	00:33:40.450		0.93470			4
2025.07.03	00:33:49.788	0.93372				2
2025.07.03	00:34:00.404	0.93372				2
2025.07.03	00:34:13.631		0.93477			4
2025.07.03	00:34:15.587		0.93475			4
2025.07.03	00:34:23.983	0.93339	0.93480			6
2025.07.03	00:34:24.355	0.93338				2
2025.07.03	00:34:25.482	0.93340				2
2025.07.03	00:34:25.783	0.93341				2
2025.07.03	00:34:26.682	0.93342				2
2025.07.03	00:34:27.283	0.93343				2
2025.07.03	00:34:27.884	0.93344				2
2025.07.03	00:34:28.206	0.93345				2
2025.07.03	00:34:29.081	0.93346				2
2025.07.03	00:34:29.383	0.93347				2
2025.07.03	00:34:30.582	0.93348				2
2025.07.03	00:34:31.185	0.93349				2
2025.07.03	00:34:31.784	0.93350				2
2025.07.03	00:34:33.882	0.93351				2
2025.07.03	00:34:35.981	0.93352				2
2025.07.03	00:34:37.773	0.93353				2
2025.07.03	00:34:38.681	0.93354				2
2025.07.03	00:34:40.772	0.93357				2
2025.07.03	00:34:43.773	0.93358				2
2025.07.03	00:34:46.181	0.93359				2
2025.07.03	00:34:48.286	0.93360				2
2025.07.03	00:34:53.681	0.93361				2
2025.07.03	00:34:58.352	0.93362				2
2025.07.03	00:35:00.272	0.93362				2
2025.07.03	00:35:06.270	0.93363				2
2025.07.03	00:35:13.334	0.93362	0.93488			6
2025.07.03	00:35:14.224		0.93502			4
2025.07.03	00:35:17.358		0.93480			4
2025.07.03	00:35:17.686	0.93365				2
2025.07.03	00:35:19.188	0.93366				2
2025.07.03	00:35:20.567	0.93367				2
2025.07.03	00:35:21.881	0.93366				2
2025.07.03	00:35:24.584	0.93367				2
2025.07.03	00:35:27.446		0.93496			4
2025.07.03	00:35:36.498	0.93365				2
2025.07.03	00:35:36.855	0.93367				2
2025.07.03	00:35:38.081	0.93366				2
2025.07.03	00:35:40.200		0.93493			4
2025.07.03	00:35:47.981	0.93365				2
2025.07.03	00:35:53.047		0.93489			4
2025.07.03	00:36:00.571	0.93365				2
2025.07.03	00:36:01.736	0.93357				2
2025.07.03	00:36:07.910		0.93480			4
2025.07.03	00:36:16.602	0.93358				2
2025.07.03	00:36:20.605	0.93357				2
2025.07.03	00:37:00.416	0.93357				2
2025.07.03	00:37:01.739	0.93358				2
2025.07.03	00:37:02.119	0.93357				2
2025.07.03	00:37:02.911		0.93482			4
2025.07.03	00:37:05.316	0.93355				2
2025.07.03	00:37:07.388	0.93358				2
2025.07.03	00:37:13.148	0.93357				2
2025.07.03	00:37:14.986	0.93358				2
2025.07.03	00:37:21.271	0.93360	0.93489			6
2025.07.03	00:37:22.115	0.93359				2
2025.07.03	00:37:37.184	0.93398	0.93472			6
2025.07.03	00:37:43.783		0.93476			4
2025.07.03	00:37:44.891		0.93474			4
2025.07.03	00:37:47.731		0.93480			4
2025.07.03	00:37:58.983	0.93397	0.93478			6
2025.07.03	00:38:00.551	0.93397				2
2025.07.03	00:38:11.566		0.93477			4
2025.07.03	00:39:00.865	0.93397				2
2025.07.03	00:39:01.379	0.93398				2
2025.07.03	00:39:11.620		0.93481			4
2025.07.03	00:39:12.365		0.93477			4
2025.07.03	00:40:00.577	0.93398				2
2025.07.03	00:40:14.893		0.93477			4
2025.07.03	00:40:26.864	0.93409	0.93479			6
2025.07.03	00:40:32.464		0.93474			4
2025.07.03	00:40:40.138	0.93373	0.93475			6
2025.07.03	00:41:00.315	0.93373				2
2025.07.03	00:41:39.893	0.93375				2
2025.07.03	00:41:41.350		0.93475			4
2025.07.03	00:41:59.034		0.93478			4
2025.07.03	00:42:00.918	0.93375				2
2025.07.03	00:42:11.192	0.93380				2
2025.07.03	00:43:01.668	0.93380	0.93478			6
2025.07.03	00:43:10.920	0.93381				2
2025.07.03	00:44:00.425	0.93381				2
2025.07.03	00:44:01.811		0.93478			4
2025.07.03	00:44:11.191	0.93376				2
2025.07.03	00:44:20.209		0.93482			4
2025.07.03	00:45:00.358	0.93376				2
2025.07.03	00:45:00.691	0.93369				2
2025.07.03	00:45:01.782	0.93372				2
2025.07.03	00:45:02.223	0.93369	0.93514			6
2025.07.03	00:45:04.042	0.93367	0.93513			6
2025.07.03	00:45:04.651	0.93369	0.93482			6
2025.07.03	00:45:10.470	0.93387	0.93464			6
2025.07.03	00:45:14.963		0.93460			4
2025.07.03	00:45:20.811		0.93467			4
2025.07.03	00:45:34.845	0.93389				2
2025.07.03	00:45:35.145	0.93387				2
2025.07.03	00:45:48.834	0.93389	0.93462			6
2025.07.03	00:45:51.354	0.93390				2
2025.07.03	00:45:54.194	0.93389				2
2025.07.03	00:45:56.682	0.93390				2
2025.07.03	00:46:00.365	0.93389				2
2025.07.03	00:46:02.571	0.93390				2
2025.07.03	00:46:43.831		0.93466			4
2025.07.03	00:46:52.247	0.93391				2
2025.07.03	00:46:52.675	0.93390				2
2025.07.03	00:47:00.733	0.93390				2
2025.07.03	00:47:02.269	0.93382	0.93488			6
2025.07.03	00:47:04.697	0.93390	0.93466			6
2025.07.03	00:47:37.743	0.93389				2
2025.07.03	00:47:47.251		0.93462			4
2025.07.03	00:48:00.733	0.93389				2
2025.07.03	00:48:13.775	0.93386				2
2025.07.03	00:48:17.001	0.93366	0.93467			6
2025.07.03	00:48:18.361	0.93367				2
2025.07.03	00:48:19.222	0.93368				2
2025.07.03	00:48:44.575	0.93365				2
2025.07.03	00:48:48.319	0.93368				2
2025.07.03	00:48:53.572	0.93365				2
2025.07.03	00:49:00.427	0.93365				2
2025.07.03	00:49:05.818	0.93367				2
2025.07.03	00:49:08.319	0.93374				2
2025.07.03	00:49:12.009		0.93464			4
2025.07.03	00:50:00.882	0.93374				2
2025.07.03	00:50:04.373	0.93367				2
2025.07.03	00:50:07.013		0.93468			4
2025.07.03	00:50:08.123	0.93368				2
2025.07.03	00:50:08.859	0.93369				2
2025.07.03	00:50:11.284	0.93368				2
2025.07.03	00:50:27.338	0.93367				2
2025.07.03	00:51:02.013	0.93367				2
2025.07.03	00:51:04.384	0.93371				2
2025.07.03	00:51:07.742		0.93468			4
2025.07.03	00:51:57.017		0.93465			4
2025.07.03	00:52:00.320	0.93371				2
2025.07.03	00:52:15.117	0.93352	0.93456			6
2025.07.03	00:52:15.421		0.93455			4
2025.07.03	00:52:30.892	0.93351				2
2025.07.03	00:52:33.808		0.93456			4
2025.07.03	00:52:35.130	0.93352	0.93455			6
2025.07.03	00:52:36.909		0.93454			4
2025.07.03	00:52:41.504		0.93455			4
2025.07.03	00:52:42.003	0.93353	0.93454			6
2025.07.03	00:52:48.837	0.93352	0.93455			6
2025.07.03	00:52:57.384	0.93351				2
2025.07.03	00:52:58.359	0.93353	0.93454			6
2025.07.03	00:53:00.587	0.93353				2
2025.07.03	00:53:11.103	0.93351	0.93456			6
2025.07.03	00:53:21.283	0.93350	0.93455			6
2025.07.03	00:53:26.818	0.93348	0.93453			6
2025.07.03	00:53:33.499	0.93314	0.93469			6
2025.07.03	00:53:33.986		0.93462			4
2025.07.03	00:53:34.307	0.93311	0.93460			6
2025.07.03	00:53:43.567	0.93314	0.93455			6
2025.07.03	00:53:44.067	0.93305	0.93451			6
2025.07.03	00:53:44.530	0.93314	0.93457			6
2025.07.03	00:53:44.842		0.93459			4
2025.07.03	00:53:48.852	0.93301	0.93451			6
2025.07.03	00:53:49.185	0.93312	0.93450			6
2025.07.03	00:53:49.683	0.93311	0.93458			6
2025.07.03	00:53:53.574	0.93314	0.93456			6
2025.07.03	00:53:53.984	0.93305	0.93454			6
2025.07.03	00:53:54.355	0.93312	0.93453			6
2025.07.03	00:54:00.288	0.93312				2
2025.07.03	00:54:03.577	0.93314	0.93454			6
2025.07.03	00:54:03.994		0.93455			4
2025.07.03	00:54:13.583		0.93464			4
2025.07.03	00:54:14.082	0.93306	0.93454			6
2025.07.03	00:54:14.584	0.93314	0.93459			6
2025.07.03	00:54:18.353	0.93317				2
2025.07.03	00:54:18.679	0.93318	0.93454			6
2025.07.03	00:54:19.015	0.93323	0.93453			6
2025.07.03	00:54:19.319	0.93321	0.93450			6
2025.07.03	00:54:19.626	0.93310	0.93458			6
2025.07.03	00:54:20.082	0.93323	0.93451			6
2025.07.03	00:54:20.612	0.93320	0.93457			6
2025.07.03	00:54:21.107	0.93312	0.93459			6
2025.07.03	00:54:33.577	0.93309				2
2025.07.03	00:54:33.878	0.93325	0.93457			6
2025.07.03	00:54:34.577	0.93311	0.93459			6
2025.07.03	00:54:35.074	0.93319	0.93449			6
2025.07.03	00:54:35.576	0.93309	0.93458			6
2025.07.03	00:54:35.879		0.93460			4
2025.07.03	00:54:48.616	0.93314				2
2025.07.03	00:54:49.195	0.93313	0.93463			6
2025.07.03	00:54:50.288		0.93461			4
2025.07.03	00:55:00.909	0.93313				2
2025.07.03	00:55:06.987	0.93324				2
2025.07.03	00:55:21.190	0.93322	0.93459			6
2025.07.03	00:55:21.684	0.93317				2
2025.07.03	00:55:31.023	0.93311	0.93457			6
2025.07.03	00:56:00.869	0.93311				2
2025.07.03	00:56:16.193		0.93454			4
2025.07.03	00:56:22.181	0.93314				2
2025.07.03	00:56:23.523		0.93449			4
2025.07.03	00:56:23.848		0.93454			4
2025.07.03	00:56:26.958	0.93315	0.93453			6
2025.07.03	00:56:28.091		0.93451			4
2025.07.03	00:56:32.676	0.93310	0.93447			6
2025.07.03	00:56:32.982	0.93307	0.93444			6
2025.07.03	00:56:33.997		0.93442			4
2025.07.03	00:56:35.498		0.93443			4
2025.07.03	00:56:35.999	0.93308	0.93440			6
2025.07.03	00:56:37.629	0.93307	0.93446			6
2025.07.03	00:56:37.939	0.93311				2
2025.07.03	00:56:38.246	0.93304	0.93443			6
2025.07.03	00:56:38.658	0.93308	0.93450			6
2025.07.03	00:56:39.163	0.93330	0.93458			6
2025.07.03	00:56:39.659	0.93322	0.93463			6
2025.07.03	00:56:40.006	0.93328				2
2025.07.03	00:56:40.383	0.93329				2
2025.07.03	00:56:40.693	0.93323				2
2025.07.03	00:56:41.159	0.93336				2
2025.07.03	00:56:41.657	0.93322				2
2025.07.03	00:56:41.963	0.93326				2
2025.07.03	00:56:42.659	0.93323				2
2025.07.03	00:56:42.974	0.93326				2
2025.07.03	00:56:43.658		0.93461			4
2025.07.03	00:56:43.979	0.93331	0.93463			6
2025.07.03	00:56:44.660	0.93323				2
2025.07.03	00:56:44.990	0.93335				2
2025.07.03	00:56:45.658	0.93321	0.93459			6
2025.07.03	00:56:45.967	0.93322				2
2025.07.03	00:56:46.274	0.93321	0.93463			6
2025.07.03	00:56:46.627	0.93323				2
2025.07.03	00:56:46.979	0.93326				2
2025.07.03	00:56:47.658	0.93321				2
2025.07.03	00:56:47.960	0.93322				2
2025.07.03	00:56:48.267	0.93335				2
2025.07.03	00:56:48.634	0.93320	0.93461			6
2025.07.03	00:56:48.939		0.93455			4
2025.07.03	00:57:01.763	0.93318				2
2025.07.03	00:57:03.918	0.93319	0.93449			6
2025.07.03	00:57:04.302	0.93311	0.93452			6
2025.07.03	00:57:07.271		0.93443			4
2025.07.03	00:57:12.577		0.93452			4
2025.07.03	00:57:13.106	0.93320				2
2025.07.03	00:57:13.426	0.93331	0.93462			6
2025.07.03	00:57:13.781	0.93336	0.93461			6
2025.07.03	00:57:14.350	0.93334				2
2025.07.03	00:57:20.110		0.93459			4
2025.07.03	00:57:20.419	0.93335	0.93461			6
2025.07.03	00:57:28.839	0.93343	0.93463			6
2025.07.03	00:57:43.848	0.93344	0.93466			6
2025.07.03	00:57:58.843		0.93459			4
2025.07.03	00:58:00.037	0.93344				2
2025.07.03	00:58:08.311	0.93336	0.93464			6
2025.07.03	00:58:21.053	0.93333				2
2025.07.03	00:58:23.509	0.93341	0.93462			6
2025.07.03	00:58:28.171	0.93340	0.93465			6
2025.07.03	00:58:28.475	0.93338	0.93468			6
2025.07.03	00:58:29.258	0.93341	0.93470			6
2025.07.03	00:58:44.357	0.93337	0.93473			6
2025.07.03	00:59:00.038	0.93337				2
2025.07.03	00:59:00.359	0.93338	0.93469			6
2025.07.03	00:59:13.447	0.93330	0.93466			6
2025.07.03	00:59:32.819	0.93339				2
2025.07.03	00:59:33.344	0.93333				2
2025.07.03	00:59:45.592		0.93471			4
2025.07.03	00:59:46.353		0.93460			4
2025.07.03	01:00:00.295	0.93328	0.93475			6
2025.07.03	01:00:00.635	0.93322				2
2025.07.03	01:00:00.959	0.93330	0.93470			6
2025.07.03	01:00:01.290	0.93338				2
2025.07.03	01:00:01.618	0.93346	0.93469			6
2025.07.03	01:00:01.919	0.93354				2
2025.07.03	01:00:02.538	0.93373	0.93452			6
2025.07.03	01:00:02.846	0.93371	0.93458			6
2025.07.03	01:00:03.159	0.93369	0.93454			6
2025.07.03	01:00:03.528	0.93354	0.93451			6
2025.07.03	01:00:03.838	0.93373	0.93447			6
2025.07.03	01:00:04.227	0.93374				2
2025.07.03	01:00:05.104	0.93361	0.93432			6
2025.07.03	01:00:05.508	0.93355				2
2025.07.03	01:00:06.392		0.93433			4
2025.07.03	01:00:06.966	0.93360				2
2025.07.03	01:00:07.580	0.93364	0.93435			6
2025.07.03	01:00:07.888	0.93366	0.93443			6
2025.07.03	01:00:08.990	0.93372	0.93434			6
2025.07.03	01:00:09.300	0.93368				2
2025.07.03	01:00:09.683	0.93369				2
2025.07.03	01:00:09.987	0.93365				2
2025.07.03	01:00:10.297	0.93367				2
2025.07.03	01:00:10.600	0.93368				2
2025.07.03	01:00:10.972	0.93365				2
2025.07.03	01:00:11.981	0.93368				2
2025.07.03	01:00:12.285	0.93370				2
2025.07.03	01:00:12.585	0.93372				2
2025.07.03	01:00:13.031	0.93365	0.93435			6
2025.07.03	01:00:13.687	0.93364				2
2025.07.03	01:00:15.383	0.93366				2
2025.07.03	01:00:16.063	0.93364				2
2025.07.03	01:00:17.078	0.93366				2
2025.07.03	01:00:18.040	0.93373				2
2025.07.03	01:00:18.360	0.93365				2
2025.07.03	01:00:19.181	0.93366				2
2025.07.03	01:00:19.486	0.93369				2
2025.07.03	01:00:19.801	0.93368				2
2025.07.03	01:00:24.742	0.93371	0.93429			6
2025.07.03	01:00:25.046	0.93370	0.93435			6
2025.07.03	01:00:31.392	0.93371	0.93429			6
2025.07.03	01:00:33.502	0.93373	0.93435			6
2025.07.03	01:00:34.272	0.93372				2
2025.07.03	01:00:35.962	0.93373				2
2025.07.03	01:00:36.267	0.93372				2
2025.07.03	01:00:38.086	0.93373				2
2025.07.03	01:00:42.910	0.93372				2
2025.07.03	01:00:44.624	0.93373				2
2025.07.03	01:00:49.612	0.93374				2
2025.07.03	01:00:50.083	0.93373				2
2025.07.03	01:00:50.597		0.93431			4
2025.07.03	01:01:00.313	0.93375	0.93432			6
2025.07.03	01:01:00.652	0.93374	0.93435			6
2025.07.03	01:01:01.433	0.93375	0.93430			6
2025.07.03	01:01:02.069		0.93431			4
2025.07.03	01:01:02.552		0.93430			4
2025.07.03	01:01:03.462	0.93376				2
2025.07.03	01:01:04.842	0.93379	0.93435			6
2025.07.03	01:01:05.201	0.93380				2
2025.07.03	01:01:05.582	0.93385				2
2025.07.03	01:01:06.084	0.93384				2
2025.07.03	01:01:07.504	0.93383	0.93443			6
2025.07.03	01:01:07.846	0.93380				2
2025.07.03	01:01:12.582	0.93382				2
2025.07.03	01:01:14.036	0.93380				2
2025.07.03	01:01:16.351	0.93382				2
2025.07.03	01:01:20.597	0.93380				2
2025.07.03	01:01:32.653	0.93428	0.93451			6
2025.07.03	01:01:33.305		0.93452			4
2025.07.03	01:01:34.056	0.93397	0.93450			6
2025.07.03	01:01:34.883	0.93400				2
2025.07.03	01:01:35.849	0.93401				2
2025.07.03	01:01:36.378		0.93449			4
2025.07.03	01:01:36.883	0.93405				2
2025.07.03	01:01:41.128		0.93450			4
2025.07.03	01:01:43.984		0.93449			4
2025.07.03	01:01:52.353		0.93448			4
2025.07.03	01:01:53.382	0.93386	0.93450			6
2025.07.03	01:01:55.044	0.93419	0.93447			6
2025.07.03	01:01:55.350	0.93417				2
2025.07.03	01:01:56.032	0.93412	0.93445			6
2025.07.03	01:01:56.526		0.93443			4
2025.07.03	01:01:59.170		0.93445			4
2025.07.03	01:02:00.582	0.93412				2
2025.07.03	01:02:01.532	0.93415				2
2025.07.03	01:02:07.513		0.93442			4
2025.07.03	01:02:10.222		0.93445			4
2025.07.03	01:02:12.201		0.93446			4
2025.07.03	01:02:14.675	0.93421	0.93447			6
2025.07.03	01:02:14.979		0.93449			4
2025.07.03	01:02:16.613		0.93450			4
2025.07.03	01:02:16.928		0.93451			4
2025.07.03	01:02:17.470		0.93449			4
2025.07.03	01:02:23.490	0.93391	0.93448			6
2025.07.03	01:02:23.959	0.93392	0.93450			6
2025.07.03	01:02:24.351	0.93412				2
2025.07.03	01:02:28.981		0.93449			4
2025.07.03	01:02:29.900		0.93451			4
2025.07.03	01:02:30.490	0.93386	0.93450			6
2025.07.03	01:02:32.909		0.93448			4
2025.07.03	01:02:33.870	0.93394				2
2025.07.03	01:02:34.374	0.93392	0.93442			6
2025.07.03	01:02:35.081	0.93393	0.93441			6
2025.07.03	01:02:35.472	0.93415	0.93440			6
2025.07.03	01:02:35.802		0.93438			4
2025.07.03	01:02:36.113	0.93418				2
2025.07.03	01:02:36.484	0.93387	0.93440			6
2025.07.03	01:02:37.077	0.93392	0.93447			6
2025.07.03	01:02:37.486	0.93411	0.93448			6
2025.07.03	01:02:37.835		0.93443			4
2025.07.03	01:02:38.212		0.93444			4
2025.07.03	01:02:38.836		0.93442			4
2025.07.03	01:02:49.503		0.93445			4
2025.07.03	01:02:50.018		0.93446			4
2025.07.03	01:03:00.362	0.93411				2
2025.07.03	01:03:00.819		0.93441			4
2025.07.03	01:03:08.358		0.93445			4
2025.07.03	01:03:16.101	0.93403	0.93442			6
2025.07.03	01:03:18.699		0.93449			4
2025.07.03	01:03:21.976	0.93411	0.93447			6
2025.07.03	01:03:22.328		0.93446			4
2025.07.03	01:03:22.639		0.93447			4
2025.07.03	01:03:24.584	0.93414				2
2025.07.03	01:03:24.890		0.93446			4
2025.07.03	01:03:25.391		0.93445			4
2025.07.03	01:03:25.892		0.93446			4
2025.07.03	01:03:27.141		0.93447			4
2025.07.03	01:03:27.490	0.93419	0.93444			6
2025.07.03	01:03:27.887		0.93447			4
2025.07.03	01:03:28.192	0.93416	0.93446			6
2025.07.03	01:03:28.913	0.93415				2
2025.07.03	01:03:29.235	0.93414				2
2025.07.03	01:03:29.606		0.93447			4
2025.07.03	01:03:29.955	0.93412				2
2025.07.03	01:03:30.999	0.93403	0.93438			6
2025.07.03	01:03:32.682	0.93405	0.93447			6
2025.07.03	01:03:33.115		0.93446			4
2025.07.03	01:03:43.163		0.93448			4
2025.07.03	01:03:57.882		0.93447			4
2025.07.03	01:04:00.316	0.93405				2
2025.07.03	01:04:17.377		0.93446			4
2025.07.03	01:04:20.639	0.93396	0.93434			6
2025.07.03	01:04:21.284	0.93397				2
2025.07.03	01:04:24.768	0.93408	0.93440			6
2025.07.03	01:04:25.079	0.93409	0.93443			6
2025.07.03	01:04:25.400	0.93410	0.93442			6
2025.07.03	01:04:25.707	0.93409	0.93433			6
2025.07.03	01:04:26.070	0.93405				2
2025.07.03	01:04:26.523	0.93403				2
2025.07.03	01:04:27.071	0.93404				2
2025.07.03	01:04:27.581	0.93403				2
2025.07.03	01:04:28.416	0.93405				2
2025.07.03	01:04:29.747	0.93407				2
2025.07.03	01:04:30.582	0.93409	0.93432			6
2025.07.03	01:04:32.686		0.93435			4
2025.07.03	01:04:35.684		0.93434			4
2025.07.03	01:04:36.877		0.93433			4
2025.07.03	01:04:38.086		0.93437			4
2025.07.03	01:04:42.287		0.93441			4
2025.07.03	01:04:42.885		0.93443			4
2025.07.03	01:04:45.587		0.93442			4
2025.07.03	01:04:47.988		0.93434			4
2025.07.03	01:04:48.881		0.93439			4
2025.07.03	01:04:53.210		0.93441			4
2025.07.03	01:04:55.141		0.93440			4
2025.07.03	01:04:57.881		0.93433			4
2025.07.03	01:04:58.193		0.93435			4
2025.07.03	01:05:00.372	0.93415	0.93443			6
2025.07.03	01:05:00.684	0.93420	0.93448			6
2025.07.03	01:05:01.029		0.93446			4
2025.07.03	01:05:01.427	0.93419	0.93445			6
2025.07.03	01:05:02.984		0.93446			4
2025.07.03	01:05:04.154	0.93420				2
2025.07.03	01:05:06.997	0.93416	0.93445			6
2025.07.03	01:05:07.483		0.93444			4
2025.07.03	01:05:13.472	0.93419				2
2025.07.03	01:05:16.483		0.93443			4
2025.07.03	01:05:18.433	0.93420	0.93444			6
2025.07.03	01:05:24.200		0.93448			4
2025.07.03	01:05:28.183		0.93444			4
2025.07.03	01:05:33.920		0.93445			4
2025.07.03	01:05:36.583		0.93444			4
2025.07.03	01:05:38.683		0.93445			4
2025.07.03	01:05:40.357	0.93421				2
2025.07.03	01:05:43.361		0.93444			4
2025.07.03	01:05:43.671		0.93445			4
2025.07.03	01:05:57.375		0.93444			4
2025.07.03	01:06:00.282	0.93421	0.93445			6
2025.07.03	01:06:02.426		0.93446			4
2025.07.03	01:06:05.383		0.93447			4
2025.07.03	01:06:07.182		0.93446			4
2025.07.03	01:06:08.811		0.93447			4
2025.07.03	01:06:14.082		0.93446			4
2025.07.03	01:06:20.478	0.93422				2
2025.07.03	01:06:22.666		0.93444			4
2025.07.03	01:06:23.086		0.93446			4
2025.07.03	01:06:41.984		0.93445			4
2025.07.03	01:06:47.714	0.93413				2
2025.07.03	01:06:50.393		0.93444			4
2025.07.03	01:07:00.570	0.93413				2
2025.07.03	01:07:02.384	0.93414				2
2025.07.03	01:07:11.683	0.93412	0.93447			6
2025.07.03	01:07:11.990		0.93445			4
2025.07.03	01:07:18.288		0.93446			4
2025.07.03	01:07:21.282		0.93445			4
2025.07.03	01:07:31.397	0.93415	0.93447			6
2025.07.03	01:07:31.749		0.93448			4
2025.07.03	01:07:32.984	0.93416	0.93449			6
2025.07.03	01:07:33.882	0.93413	0.93442			6
2025.07.03	01:07:35.396	0.93416	0.93445			6
2025.07.03	01:07:35.699	0.93417	0.93449			6
2025.07.03	01:07:37.481		0.93450			4
2025.07.03	01:07:38.124		0.93448			4
2025.07.03	01:07:40.568		0.93449			4
2025.07.03	01:07:41.242		0.93450			4
2025.07.03	01:07:41.637		0.93451			4
2025.07.03	01:07:41.945		0.93450			4
2025.07.03	01:07:42.884	0.93416	0.93449			6
2025.07.03	01:07:44.082		0.93451			4
2025.07.03	01:07:44.687		0.93450			4
2025.07.03	01:08:00.572	0.93416				2
2025.07.03	01:08:08.956	0.93413	0.93443			6
2025.07.03	01:08:14.015	0.93414				2
2025.07.03	01:08:17.084	0.93416	0.93444			6
2025.07.03	01:08:18.536	0.93414	0.93443			6
2025.07.03	01:08:28.803		0.93442			4
2025.07.03	01:08:29.613	0.93392	0.93430			6
2025.07.03	01:08:29.931		0.93431			4
2025.07.03	01:08:30.281	0.93372				2
2025.07.03	01:08:30.582	0.93381				2
2025.07.03	01:08:31.376		0.93432			4
2025.07.03	01:08:31.721	0.93374	0.93435			6
2025.07.03	01:08:32.353	0.93373	0.93428			6
2025.07.03	01:08:32.657	0.93382				2
2025.07.03	01:08:33.386	0.93384				2
2025.07.03	01:08:33.701	0.93383	0.93427			6
2025.07.03	01:08:34.192	0.93388	0.93428			6
2025.07.03	01:08:34.784	0.93386				2
2025.07.03	01:08:37.441		0.93429			4
2025.07.03	01:08:38.982		0.93430			4
2025.07.03	01:08:40.361	0.93390				2
2025.07.03	01:08:41.858	0.93395	0.93431			6
2025.07.03	01:08:42.581	0.93394	0.93430			6
2025.07.03	01:08:43.409	0.93396				2
2025.07.03	01:08:43.781	0.93394				2
2025.07.03	01:08:45.282	0.93395				2
2025.07.03	01:08:46.184	0.93391				2
2025.07.03	01:08:47.007	0.93397	0.93429			6
2025.07.03	01:08:48.809	0.93395	0.93427			6
2025.07.03	01:08:50.518		0.93432			4
2025.07.03	01:08:50.823		0.93431			4
2025.07.03	01:08:51.383		0.93432			4
2025.07.03	01:08:53.139		0.93433			4
2025.07.03	01:08:54.017		0.93432			4
2025.07.03	01:08:55.741		0.93431			4
2025.07.03	01:08:56.739	0.93394				2
2025.07.03	01:08:57.382	0.93390	0.93432			6
2025.07.03	01:08:57.935	0.93389				2
2025.07.03	01:08:59.474	0.93388				2
2025.07.03	01:09:00.140	0.93388				2
2025.07.03	01:09:00.882	0.93389				2
2025.07.03	01:09:01.894	0.93390	0.93431			6
2025.07.03	01:09:03.281		0.93430			4
2025.07.03	01:09:03.646	0.93394	0.93432			6
2025.07.03	01:09:05.146	0.93393	0.93431			6
2025.07.03	01:09:16.143	0.93394				2
2025.07.03	01:09:18.202		0.93432			4
2025.07.03	01:09:18.509	0.93399				2
2025.07.03	01:09:18.885	0.93393				2
2025.07.03	01:09:21.460		0.93431			4
2025.07.03	01:09:23.435	0.93395				2
2025.07.03	01:09:24.517		0.93430			4
2025.07.03	01:09:25.146	0.93394	0.93429			6
2025.07.03	01:09:25.483	0.93396				2
2025.07.03	01:09:30.673	0.93394	0.93431			6
2025.07.03	01:09:33.710	0.93392	0.93433			6
2025.07.03	01:09:34.295	0.93390				2
2025.07.03	01:09:35.298	0.93407				2
2025.07.03	01:09:35.674		0.93435			4
2025.07.03	01:09:36.804	0.93414				2
2025.07.03	01:09:38.675	0.93408	0.93434			6
2025.07.03	01:09:42.811	0.93417	0.93445			6
2025.07.03	01:09:44.946	0.93420	0.93447			6
2025.07.03	01:09:48.583	0.93422	0.93449			6
2025.07.03	01:10:00.320	0.93417	0.93444			6
2025.07.03	01:10:02.384	0.93420	0.93443			6
2025.07.03	01:10:05.450	0.93419				2
2025.07.03	01:10:22.270	0.93422	0.93445			6
2025.07.03	01:10:29.471	0.93420				2
2025.07.03	01:10:30.331		0.93444			4
2025.07.03	01:10:32.080	0.93419				2
2025.07.03	01:11:00.701	0.93419				2
2025.07.03	01:11:01.049		0.93442			4
2025.07.03	01:11:01.405		0.93443			4
2025.07.03	01:11:05.676	0.93418				2
2025.07.03	01:11:07.138		0.93442			4
2025.07.03	01:11:07.447	0.93415				2
2025.07.03	01:11:08.101		0.93443			4
2025.07.03	01:11:18.049	0.93419	0.93444			6
2025.07.03	01:11:23.540	0.93418	0.93442			6
2025.07.03	01:11:24.883		0.93443			4
2025.07.03	01:11:26.986		0.93442			4
2025.07.03	01:11:29.983	0.93419	0.93443			6
2025.07.03	01:11:35.983	0.93414	0.93436			6
2025.07.03	01:11:36.322	0.93412				2
2025.07.03	01:11:45.915	0.93414				2
2025.07.03	01:11:49.977		0.93437			4
2025.07.03	01:11:51.332	0.93415	0.93438			6
2025.07.03	01:11:51.881	0.93414				2
2025.07.03	01:11:57.349	0.93415				2
2025.07.03	01:12:00.281	0.93415				2
2025.07.03	01:12:00.786	0.93411	0.93434			6
2025.07.03	01:12:01.455		0.93433			4
2025.07.03	01:12:02.357	0.93410				2
2025.07.03	01:12:02.807	0.93407	0.93428			6
2025.07.03	01:12:03.118		0.93430			4
2025.07.03	01:12:04.483	0.93404				2
2025.07.03	01:12:04.795	0.93408	0.93431			6
2025.07.03	01:12:17.358	0.93409				2
2025.07.03	01:12:19.481	0.93408				2
2025.07.03	01:12:21.107	0.93409				2
2025.07.03	01:12:28.862		0.93430			4
2025.07.03	01:12:29.228		0.93431			4
2025.07.03	01:12:32.031	0.93410				2
2025.07.03	01:12:32.383		0.93430			4
2025.07.03	01:12:33.134	0.93412				2
2025.07.03	01:12:33.833		0.93431			4
2025.07.03	01:12:34.482	0.93414	0.93433			6
2025.07.03	01:12:35.201	0.93415				2
2025.07.03	01:12:36.312	0.93412				2
2025.07.03	01:12:37.510		0.93434			4
2025.07.03	01:12:38.147	0.93415	0.93435			6
2025.07.03	01:12:38.527	0.93414				2
2025.07.03	01:12:39.802	0.93413				2
2025.07.03	01:12:44.715	0.93416				2
2025.07.03	01:12:48.138	0.93414				2
2025.07.03	01:12:50.301	0.93416				2
2025.07.03	01:12:50.630		0.93434			4
2025.07.03	01:12:56.237		0.93435			4
2025.07.03	01:13:03.274	0.93416				2
2025.07.03	01:13:13.184	0.93422				2
2025.07.03	01:13:21.544	0.93420				2
2025.07.03	01:13:21.860		0.93436			4
2025.07.03	01:13:22.519	0.93423	0.93437			6
2025.07.03	01:13:22.913		0.93436			4
2025.07.03	01:13:23.790	0.93425				2
2025.07.03	01:13:31.103		0.93437			4
2025.07.03	01:13:38.085		0.93436			4
2025.07.03	01:13:43.679	0.93418				2
2025.07.03	01:13:44.566	0.93425				2
2025.07.03	01:13:44.982	0.93423	0.93437			6
2025.07.03	01:13:46.795	0.93424	0.93438			6
2025.07.03	01:13:47.982		0.93437			4
2025.07.03	01:13:51.594		0.93438			4
2025.07.03	01:13:52.474		0.93437			4
2025.07.03	01:13:53.983		0.93438			4
2025.07.03	01:13:55.141		0.93437			4
2025.07.03	01:13:58.976		0.93438			4
2025.07.03	01:13:59.683		0.93437			4
2025.07.03	01:14:00.558	0.93424				2
2025.07.03	01:14:04.580		0.93435			4
2025.07.03	01:14:06.282	0.93423	0.93434			6
2025.07.03	01:14:07.781	0.93422	0.93435			6
2025.07.03	01:14:16.357		0.93434			4
2025.07.03	01:14:16.950	0.93423				2
2025.07.03	01:14:17.469		0.93435			4
2025.07.03	01:14:21.558		0.93434			4
2025.07.03	01:14:27.283	0.93421				2
2025.07.03	01:14:27.609	0.93422				2
2025.07.03	01:14:27.952	0.93421				2
2025.07.03	01:14:28.764	0.93419				2
2025.07.03	01:14:29.103	0.93421				2
2025.07.03	01:14:29.975	0.93420				2
2025.07.03	01:14:30.409	0.93421				2
2025.07.03	01:14:31.916	0.93419	0.93433			6
2025.07.03	01:14:32.231		0.93432			4
2025.07.03	01:14:33.539	0.93420				2
2025.07.03	01:14:33.868	0.93416				2
2025.07.03	01:14:34.513	0.93420				2
2025.07.03	01:14:37.393	0.93421				2
2025.07.03	01:14:39.772	0.93422				2
2025.07.03	01:14:44.613	0.93420				2
2025.07.03	01:14:45.872	0.93421				2
2025.07.03	01:14:51.510		0.93431			4
2025.07.03	01:14:57.270	0.93420				2
2025.07.03	01:15:00.395	0.93420				2
2025.07.03	01:15:01.734	0.93421				2
2025.07.03	01:15:05.200	0.93422				2
2025.07.03	01:15:08.016	0.93424				2
2025.07.03	01:15:10.985	0.93421	0.93433			6
2025.07.03	01:15:11.318	0.93422	0.93434			6
2025.07.03	01:15:11.701	0.93424				2
2025.07.03	01:15:12.196	0.93421				2
2025.07.03	01:15:12.832	0.93424				2
2025.07.03	01:15:13.298		0.93433			4
2025.07.03	01:15:20.319	0.93418				2
2025.07.03	01:15:21.212	0.93424				2
2025.07.03	01:15:23.434	0.93421				2
2025.07.03	01:15:23.766	0.93422				2
2025.07.03	01:15:24.069		0.93432			4
2025.07.03	01:15:25.031	0.93424	0.93433			6
2025.07.03	01:15:27.079	0.93422	0.93432			6
2025.07.03	01:15:27.400	0.93421				2
2025.07.03	01:15:30.299	0.93422				2
2025.07.03	01:15:30.607	0.93421				2
2025.07.03	01:15:34.484		0.93431			4
2025.07.03	01:15:34.797		0.93432			4
2025.07.03	01:15:37.427	0.93423				2
2025.07.03	01:15:38.131		0.93431			4
2025.07.03	01:15:40.637	0.93420				2
2025.07.03	01:15:43.412		0.93432			4
2025.07.03	01:15:47.129		0.93431			4
2025.07.03	01:15:55.608	0.93422				2
2025.07.03	01:16:00.212	0.93422				2
2025.07.03	01:16:02.544	0.93421				2
2025.07.03	01:16:05.657		0.93432			4
2025.07.03	01:16:06.691		0.93431			4
2025.07.03	01:16:14.118	0.93417				2
2025.07.03	01:16:14.868	0.93421				2
2025.07.03	01:16:17.360	0.93420	0.93432			6
2025.07.03	01:16:17.981		0.93431			4
2025.07.03	01:16:18.535	0.93419	0.93432			6
2025.07.03	01:16:19.185		0.93431			4
2025.07.03	01:16:20.170	0.93418				2
2025.07.03	01:16:20.517	0.93416				2
2025.07.03	01:16:21.475	0.93417				2
2025.07.03	01:16:24.681	0.93418				2
2025.07.03	01:16:30.170	0.93417				2
2025.07.03	01:16:30.814	0.93415	0.93430			6
2025.07.03	01:16:31.137	0.93416	0.93429			6
2025.07.03	01:16:47.171	0.93413	0.93426			6
2025.07.03	01:16:51.500	0.93412				2
2025.07.03	01:16:56.858	0.93413	0.93427			6
2025.07.03	01:17:00.637	0.93412				2
2025.07.03	01:17:02.630	0.93413				2
2025.07.03	01:17:06.729	0.93412	0.93426			6
2025.07.03	01:17:07.185		0.93427			4
2025.07.03	01:17:07.783		0.93426			4
2025.07.03	01:17:08.270		0.93427			4
2025.07.03	01:17:10.214	0.93414				2
2025.07.03	01:17:10.519		0.93426			4
2025.07.03	01:17:20.482	0.93413	0.93427			6
2025.07.03	01:17:20.782	0.93416	0.93430			6
2025.07.03	01:17:25.557	0.93418				2
2025.07.03	01:17:30.772	0.93414	0.93428			6
2025.07.03	01:17:32.951		0.93427			4
2025.07.03	01:17:33.582	0.93413				2
2025.07.03	01:17:35.418	0.93411	0.93425			6
2025.07.03	01:17:37.842	0.93413	0.93427			6
2025.07.03	01:17:38.209	0.93412	0.93426			6
2025.07.03	01:17:41.305	0.93413				2
2025.07.03	01:17:42.881	0.93412				2
2025.07.03	01:17:51.689	0.93413	0.93427			6
2025.07.03	01:18:02.646	0.93413				2
2025.07.03	01:18:05.944	0.93414	0.93428			6
2025.07.03	01:18:24.758		0.93429			4
2025.07.03	01:18:25.585	0.93416	0.93430			6
2025.07.03	01:18:37.782	0.93415				2
2025.07.03	01:18:40.802	0.93416				2
2025.07.03	01:18:41.273	0.93415				2
2025.07.03	01:18:43.181		0.93429			4
2025.07.03	01:18:43.554		0.93430			4
2025.07.03	01:18:52.027		0.93429			4
2025.07.03	01:18:54.911		0.93430			4
2025.07.03	01:18:55.212		0.93429			4
2025.07.03	01:18:57.829		0.93430			4
2025.07.03	01:18:58.168		0.93429			4
2025.07.03	01:19:00.112	0.93415				2
2025.07.03	01:19:02.178	0.93418	0.93432			6
2025.07.03	01:19:03.147	0.93419	0.93433			6
2025.07.03	01:19:05.451	0.93421				2
2025.07.03	01:19:07.979	0.93420				2
2025.07.03	01:19:13.998	0.93418	0.93432			6
2025.07.03	01:19:14.616	0.93419				2
2025.07.03	01:19:14.998	0.93420				2
2025.07.03	01:19:16.488		0.93433			4
2025.07.03	01:19:21.504		0.93434			4
2025.07.03	01:19:22.536	0.93423				2
2025.07.03	01:19:24.449	0.93420	0.93433			6
2025.07.03	01:19:24.817	0.93421	0.93435			6
2025.07.03	01:19:25.373	0.93420	0.93433			6
2025.07.03	01:19:25.915	0.93422				2
2025.07.03	01:19:26.530		0.93434			4
2025.07.03	01:19:29.205		0.93435			4
2025.07.03	01:19:30.253	0.93418	0.93433			6
2025.07.03	01:19:30.561	0.93419				2
2025.07.03	01:19:30.967	0.93420				2
2025.07.03	01:19:31.332	0.93419				2
2025.07.03	01:19:32.049	0.93420				2
2025.07.03	01:19:32.688	0.93421	0.93435			6
2025.07.03	01:19:33.661	0.93422				2
2025.07.03	01:19:36.113	0.93421				2
2025.07.03	01:19:40.694		0.93434			4
2025.07.03	01:19:41.766		0.93435			4
2025.07.03	01:19:43.165		0.93436			4
2025.07.03	01:19:45.139		0.93433			4
2025.07.03	01:19:45.465		0.93436			4
2025.07.03	01:19:46.524	0.93422				2
2025.07.03	01:19:50.307	0.93423	0.93437			6
2025.07.03	01:19:51.385	0.93422	0.93436			6
2025.07.03	01:19:54.276	0.93423				2
2025.07.03	01:19:54.584	0.93422				2
2025.07.03	01:20:00.153	0.93422				2
2025.07.03	01:20:01.622	0.93421				2
2025.07.03	01:20:04.913	0.93422				2
2025.07.03	01:20:07.536	0.93421				2
2025.07.03	01:20:08.082	0.93422				2
2025.07.03	01:20:08.635	0.93421				2
2025.07.03	01:20:09.025	0.93422				2
2025.07.03	01:20:09.653	0.93421				2
2025.07.03	01:20:10.487	0.93422				2
2025.07.03	01:20:11.627	0.93421				2
2025.07.03	01:20:12.282	0.93422				2
2025.07.03	01:20:12.715	0.93421				2
2025.07.03	01:20:13.181	0.93422				2
2025.07.03	01:20:26.448	0.93421				2
2025.07.03	01:20:26.774	0.93422				2
2025.07.03	01:20:28.578	0.93421				2
2025.07.03	01:20:31.500		0.93435			4
2025.07.03	01:20:36.072	0.93420	0.93434			6
2025.07.03	01:20:37.018	0.93419	0.93433			6
2025.07.03	01:20:37.439	0.93418				2
2025.07.03	01:20:38.140	0.93419				2
2025.07.03	01:20:43.893	0.93425				2
2025.07.03	01:20:45.415	0.93423				2
2025.07.03	01:20:46.706	0.93424	0.93436			6
2025.07.03	01:20:47.729	0.93425				2
2025.07.03	01:20:49.181		0.93435			4
2025.07.03	01:20:50.926		0.93436			4
2025.07.03	01:20:51.503	0.93423	0.93434			6
2025.07.03	01:20:51.811		0.93433			4
2025.07.03	01:20:58.761	0.93422				2
2025.07.03	01:20:59.084	0.93424				2
2025.07.03	01:20:59.699	0.93422				2
2025.07.03	01:21:00.243	0.93424				2
2025.07.03	01:21:01.653		0.93434			4
2025.07.03	01:21:01.997		0.93433			4
2025.07.03	01:21:03.764		0.93434			4
2025.07.03	01:21:04.762	0.93425				2
2025.07.03	01:21:06.418	0.93426				2
2025.07.03	01:21:06.742	0.93424				2
2025.07.03	01:21:08.993	0.93423	0.93433			6
2025.07.03	01:21:09.883	0.93424				2
2025.07.03	01:21:11.647	0.93423				2
2025.07.03	01:21:12.208	0.93422				2
2025.07.03	01:21:13.265	0.93423	0.93435			6
2025.07.03	01:21:13.587		0.93436			4
2025.07.03	01:21:14.356	0.93422				2
2025.07.03	01:21:15.540		0.93435			4
2025.07.03	01:21:16.738		0.93436			4
2025.07.03	01:21:22.753	0.93421	0.93433			6
2025.07.03	01:21:24.887		0.93432			4
2025.07.03	01:21:27.541	0.93419				2
2025.07.03	01:21:27.880	0.93420	0.93433			6
2025.07.03	01:21:28.525		0.93432			4
2025.07.03	01:21:29.192	0.93419				2
2025.07.03	01:21:31.672	0.93420				2
2025.07.03	01:21:34.652	0.93419				2
2025.07.03	01:21:35.271	0.93420				2
2025.07.03	01:21:36.101	0.93421				2
2025.07.03	01:21:53.548	0.93420				2
2025.07.03	01:22:01.182	0.93420				2
2025.07.03	01:22:27.282	0.93419				2
2025.07.03	01:22:27.593	0.93421				2
2025.07.03	01:22:28.661		0.93432			4
2025.07.03	01:22:30.717		0.93433			4
2025.07.03	01:22:32.789	0.93420				2
2025.07.03	01:22:44.501	0.93421				2
2025.07.03	01:22:47.195	0.93420				2
2025.07.03	01:22:51.172		0.93434			4
2025.07.03	01:22:51.922		0.93433			4
2025.07.03	01:23:00.514	0.93420				2
2025.07.03	01:23:01.181	0.93419				2
2025.07.03	01:23:02.384	0.93420				2
2025.07.03	01:23:17.265	0.93419				2
2025.07.03	01:23:26.895	0.93420				2
2025.07.03	01:23:37.438	0.93421				2
2025.07.03	01:23:46.157	0.93420				2
2025.07.03	01:23:46.833	0.93421				2
2025.07.03	01:23:48.366	0.93420				2
2025.07.03	01:23:52.034		0.93433			4
2025.07.03	01:23:53.824	0.93421				2
2025.07.03	01:23:54.236	0.93420				2
2025.07.03	01:24:00.326	0.93420				2
2025.07.03	01:24:02.405	0.93414	0.93427			6
2025.07.03	01:24:03.067	0.93415	0.93428			6
2025.07.03	01:24:06.894	0.93410	0.93423			6
2025.07.03	01:24:07.210	0.93412	0.93426			6
2025.07.03	01:24:09.375		0.93425			4
2025.07.03	01:24:11.659		0.93426			4
2025.07.03	01:24:12.658	0.93414	0.93428			6
2025.07.03	01:24:13.302		0.93427			4
2025.07.03	01:24:14.921	0.93412	0.93425			6
2025.07.03	01:24:15.958	0.93413	0.93426			6
2025.07.03	01:24:19.902		0.93427			4
2025.07.03	01:24:20.254		0.93426			4
2025.07.03	01:24:22.181		0.93427			4
2025.07.03	01:24:22.493		0.93426			4
2025.07.03	01:24:24.304	0.93415				2
2025.07.03	01:24:24.611	0.93413				2
2025.07.03	01:24:25.576		0.93425			4
2025.07.03	01:24:30.782		0.93426			4
2025.07.03	01:24:31.823	0.93414	0.93425			6
2025.07.03	01:24:45.287		0.93426			4
2025.07.03	01:24:49.433	0.93415				2
2025.07.03	01:25:00.827	0.93415				2
2025.07.03	01:25:04.424	0.93414				2
2025.07.03	01:25:09.731	0.93413				2
2025.07.03	01:25:10.952	0.93414	0.93427			6
2025.07.03	01:25:11.350		0.93426			4
2025.07.03	01:25:26.452	0.93415				2
2025.07.03	01:25:50.175		0.93425			4
2025.07.03	01:25:56.357		0.93426			4
2025.07.03	01:25:56.980		0.93425			4
2025.07.03	01:25:58.464		0.93426			4
2025.07.03	01:25:59.082		0.93425			4
2025.07.03	01:25:59.499		0.93426			4
2025.07.03	01:26:00.535	0.93415	0.93425			6
2025.07.03	01:26:01.443		0.93426			4
2025.07.03	01:26:02.116		0.93429			4
2025.07.03	01:26:06.882	0.93416				2
2025.07.03	01:26:09.906		0.93430			4
2025.07.03	01:26:11.267		0.93429			4
2025.07.03	01:26:15.865		0.93430			4
2025.07.03	01:26:19.783		0.93429			4
2025.07.03	01:26:22.158		0.93430			4
2025.07.03	01:26:30.282		0.93429			4
2025.07.03	01:26:38.695	0.93419	0.93432			6
2025.07.03	01:26:39.816	0.93420				2
2025.07.03	01:27:00.884	0.93420				2
2025.07.03	01:27:12.049	0.93419	0.93433			6
2025.07.03	01:27:12.831	0.93420				2
2025.07.03	01:27:40.638	0.93418	0.93431			6
2025.07.03	01:27:44.983	0.93417	0.93430			6
2025.07.03	01:27:49.207	0.93418	0.93431			6
2025.07.03	01:27:50.681	0.93417	0.93430			6
2025.07.03	01:27:55.630	0.93418	0.93431			6
2025.07.03	01:28:00.880	0.93418				2
2025.07.03	01:28:05.082	0.93419	0.93432			6
2025.07.03	01:28:05.615	0.93420	0.93433			6
2025.07.03	01:28:06.839	0.93419	0.93432			6
2025.07.03	01:28:22.243	0.93420	0.93433			6
2025.07.03	01:28:26.382		0.93432			4
2025.07.03	01:28:28.184	0.93419				2
2025.07.03	01:28:32.837	0.93417	0.93430			6
2025.07.03	01:29:00.476	0.93417				2
2025.07.03	01:29:00.777	0.93418	0.93431			6
2025.07.03	01:29:01.383	0.93417	0.93430			6
2025.07.03	01:30:00.311	0.93417	0.93429			6
2025.07.03	01:30:02.318	0.93420	0.93427			6
2025.07.03	01:30:04.754	0.93417	0.93428			6
2025.07.03	01:30:20.238		0.93429			4
2025.07.03	01:30:32.718	0.93416				2
2025.07.03	01:30:33.882	0.93417				2
2025.07.03	01:30:49.577		0.93428			4
2025.07.03	01:30:53.681		0.93429			4
2025.07.03	01:30:54.243	0.93416	0.93426			6
2025.07.03	01:30:55.891		0.93427			4
2025.07.03	01:30:56.523		0.93426			4
2025.07.03	01:30:57.814		0.93427			4
2025.07.03	01:31:01.782	0.93416				2
2025.07.03	01:31:03.096	0.93417	0.93428			6
2025.07.03	01:31:03.883	0.93418				2
2025.07.03	01:31:04.303		0.93429			4
2025.07.03	01:31:25.829		0.93428			4
2025.07.03	01:31:26.817	0.93417				2
2025.07.03	01:31:38.382	0.93418				2
2025.07.03	01:31:42.418	0.93417				2
2025.07.03	01:31:44.027	0.93415	0.93426			6
2025.07.03	01:31:55.894	0.93414	0.93424			6
2025.07.03	01:31:56.557	0.93412	0.93423			6
2025.07.03	01:31:57.517	0.93413				2
2025.07.03	01:31:59.980	0.93412				2
2025.07.03	01:32:00.748	0.93412				2
2025.07.03	01:32:01.972	0.93413				2
2025.07.03	01:32:11.006		0.93424			4
2025.07.03	01:32:11.581	0.93412	0.93423			6
2025.07.03	01:32:12.583	0.93413				2
2025.07.03	01:32:13.877	0.93412				2
2025.07.03	01:32:26.635	0.93411				2
2025.07.03	01:32:27.281	0.93412				2
2025.07.03	01:32:28.184	0.93411				2
2025.07.03	01:32:29.356	0.93412				2
2025.07.03	01:32:29.684	0.93411				2
2025.07.03	01:32:30.398	0.93412				2
2025.07.03	01:32:30.882	0.93411				2
2025.07.03	01:32:31.483	0.93412				2
2025.07.03	01:32:32.538	0.93411				2
2025.07.03	01:32:35.455	0.93412				2
2025.07.03	01:32:37.494	0.93411				2
2025.07.03	01:32:38.629	0.93412				2
2025.07.03	01:32:39.581	0.93411				2
2025.07.03	01:32:40.631	0.93412				2
2025.07.03	01:32:41.870	0.93411				2
2025.07.03	01:32:42.714	0.93412				2
2025.07.03	01:32:43.833	0.93411				2
2025.07.03	01:32:46.927	0.93412				2
2025.07.03	01:32:51.584	0.93411				2
2025.07.03	01:32:54.116	0.93412				2
2025.07.03	01:32:55.312	0.93411				2
2025.07.03	01:32:58.329	0.93412				2
2025.07.03	01:33:00.532	0.93412				2
2025.07.03	01:33:01.181	0.93411				2
2025.07.03	01:33:01.886	0.93412				2
2025.07.03	01:33:03.201	0.93411				2
2025.07.03	01:33:04.636	0.93412				2
2025.07.03	01:33:07.712	0.93411				2
2025.07.03	01:33:09.883	0.93412				2
2025.07.03	01:33:10.245	0.93411	0.93424			6
2025.07.03	01:33:10.753	0.93412				2
2025.07.03	01:33:12.000	0.93414	0.93425			6
2025.07.03	01:33:12.979	0.93415				2
2025.07.03	01:33:20.931	0.93414				2
2025.07.03	01:33:21.577	0.93413	0.93424			6
2025.07.03	01:33:23.339		0.93423			4
2025.07.03	01:33:29.681	0.93414				2
2025.07.03	01:33:30.257	0.93413				2
2025.07.03	01:33:32.108		0.93424			4
2025.07.03	01:33:35.081	0.93414				2
2025.07.03	01:33:44.552	0.93413				2
2025.07.03	01:34:00.570	0.93413	0.93423			6
2025.07.03	01:34:21.528	0.93414				2
2025.07.03	01:34:26.236	0.93413	0.93422			6
2025.07.03	01:34:29.680		0.93423			4
2025.07.03	01:34:34.345	0.93412				2
2025.07.03	01:34:42.979	0.93413				2
2025.07.03	01:34:55.469	0.93414	0.93424			6
2025.07.03	01:34:55.785	0.93413				2
2025.07.03	01:35:00.883	0.93413				2
2025.07.03	01:35:20.081		0.93423			4
2025.07.03	01:35:22.843	0.93412				2
2025.07.03	01:35:28.483	0.93413				2
2025.07.03	01:35:29.951		0.93424			4
2025.07.03	01:35:44.769	0.93411	0.93425			6
2025.07.03	01:35:47.681	0.93412				2
2025.07.03	01:35:48.836	0.93413				2
2025.07.03	01:35:50.386	0.93414	0.93424			6
2025.07.03	01:35:51.541	0.93413	0.93425			6
2025.07.03	01:35:53.573		0.93424			4
2025.07.03	01:35:58.451		0.93425			4
2025.07.03	01:35:59.684		0.93424			4
2025.07.03	01:36:00.853	0.93413				2
2025.07.03	01:36:03.866		0.93425			4
2025.07.03	01:36:04.201	0.93412	0.93424			6
2025.07.03	01:36:05.154		0.93425			4
2025.07.03	01:36:05.645	0.93413	0.93424			6
2025.07.03	01:36:06.192	0.93412				2
2025.07.03	01:36:07.758	0.93413				2
2025.07.03	01:36:12.470	0.93412				2
2025.07.03	01:36:13.803	0.93411				2
2025.07.03	01:36:15.571	0.93412	0.93423			6
2025.07.03	01:36:16.160	0.93411	0.93424			6
2025.07.03	01:36:18.092	0.93413				2
2025.07.03	01:36:19.748	0.93412	0.93425			6
2025.07.03	01:36:21.790		0.93424			4
2025.07.03	01:36:24.198	0.93411	0.93423			6
2025.07.03	01:36:24.929		0.93424			4
2025.07.03	01:36:25.639	0.93412	0.93423			6
2025.07.03	01:36:26.356	0.93411	0.93424			6
2025.07.03	01:36:26.680	0.93412				2
2025.07.03	01:36:29.047	0.93413				2
2025.07.03	01:36:33.617	0.93412				2
2025.07.03	01:36:35.429	0.93413				2
2025.07.03	01:36:36.370	0.93412				2
2025.07.03	01:36:37.762	0.93413				2
2025.07.03	01:36:39.478	0.93412				2
2025.07.03	01:36:40.489		0.93425			4
2025.07.03	01:36:40.874	0.93413	0.93424			6
2025.07.03	01:36:41.381	0.93412				2
2025.07.03	01:36:45.019	0.93413				2
2025.07.03	01:36:45.638	0.93412				2
2025.07.03	01:36:47.708	0.93413	0.93425			6
2025.07.03	01:36:48.563		0.93426			4
2025.07.03	01:36:49.203		0.93425			4
2025.07.03	01:36:49.819		0.93426			4
2025.07.03	01:36:50.241		0.93425			4
2025.07.03	01:36:51.890		0.93426			4
2025.07.03	01:36:53.347	0.93414				2
2025.07.03	01:37:00.487	0.93414				2
2025.07.03	01:37:01.181	0.93413				2
2025.07.03	01:37:02.517	0.93414				2
2025.07.03	01:37:12.910		0.93425			4
2025.07.03	01:37:13.293		0.93426			4
2025.07.03	01:37:17.695	0.93415				2
2025.07.03	01:37:18.881	0.93414				2
2025.07.03	01:37:20.805	0.93415				2
2025.07.03	01:37:22.182	0.93414				2
2025.07.03	01:37:23.914	0.93415				2
2025.07.03	01:37:50.100	0.93414				2
2025.07.03	01:37:50.918		0.93427			4
2025.07.03	01:37:51.882	0.93415				2
2025.07.03	01:37:52.926		0.93426			4
2025.07.03	01:37:53.965	0.93414	0.93427			6
2025.07.03	01:37:54.351	0.93415	0.93426			6
2025.07.03	01:37:56.294	0.93414	0.93427			6
2025.07.03	01:37:58.497	0.93415	0.93426			6
2025.07.03	01:38:00.441	0.93415				2
2025.07.03	01:38:01.476	0.93414	0.93427			6
2025.07.03	01:38:03.675	0.93415	0.93426			6
2025.07.03	01:38:04.478	0.93414	0.93427			6
2025.07.03	01:38:05.381		0.93426			4
2025.07.03	01:38:06.786		0.93427			4
2025.07.03	01:38:10.024		0.93426			4
2025.07.03	01:38:10.936		0.93427			4
2025.07.03	01:38:12.099	0.93412	0.93424			6
2025.07.03	01:38:15.582	0.93411				2
2025.07.03	01:38:17.381	0.93412				2
2025.07.03	01:38:21.582	0.93411				2
2025.07.03	01:38:23.787	0.93412				2
2025.07.03	01:38:32.953	0.93411				2
2025.07.03	01:38:36.281	0.93412				2
2025.07.03	01:39:00.641	0.93412				2
2025.07.03	01:39:02.382		0.93426			4
2025.07.03	01:39:10.184	0.93413	0.93427			6
2025.07.03	01:39:14.307	0.93414	0.93428			6
2025.07.03	01:39:18.754	0.93416	0.93431			6
2025.07.03	01:39:27.286		0.93432			4
2025.07.03	01:39:30.071		0.93430			4
2025.07.03	01:39:30.590	0.93415				2
2025.07.03	01:39:33.585		0.93429			4
2025.07.03	01:39:36.505		0.93430			4
2025.07.03	01:39:37.129	0.93413	0.93428			6
2025.07.03	01:39:47.997		0.93427			4
2025.07.03	01:39:49.483		0.93426			4
2025.07.03	01:39:51.724		0.93427			4
2025.07.03	01:39:54.283		0.93426			4
2025.07.03	01:39:58.182		0.93427			4
2025.07.03	01:40:00.568	0.93413				2
2025.07.03	01:40:04.782	0.93414	0.93426			6
2025.07.03	01:40:06.585	0.93413				2
2025.07.03	01:40:07.349	0.93414				2
2025.07.03	01:40:08.410		0.93427			4
2025.07.03	01:40:09.282		0.93426			4
2025.07.03	01:40:10.482		0.93427			4
2025.07.03	01:40:11.082		0.93426			4
2025.07.03	01:40:13.589		0.93427			4
2025.07.03	01:40:14.598		0.93426			4
2025.07.03	01:40:22.230	0.93411	0.93423			6
2025.07.03	01:40:22.994	0.93410				2
2025.07.03	01:40:25.506	0.93411	0.93422			6
2025.07.03	01:40:30.365		0.93424			4
2025.07.03	01:40:30.687		0.93423			4
2025.07.03	01:40:32.333		0.93424			4
2025.07.03	01:40:32.758		0.93423			4
2025.07.03	01:40:35.725		0.93424			4
2025.07.03	01:40:38.800	0.93412	0.93423			6
2025.07.03	01:40:40.319		0.93425			4
2025.07.03	01:40:42.282		0.93424			4
2025.07.03	01:40:51.797	0.93413				2
2025.07.03	01:41:01.288	0.93413				2
2025.07.03	01:41:03.463		0.93425			4
2025.07.03	01:41:04.235	0.93412				2
2025.07.03	01:41:13.924	0.93414	0.93426			6
2025.07.03	01:41:14.526		0.93427			4
2025.07.03	01:41:15.581		0.93426			4
2025.07.03	01:41:29.234		0.93427			4
2025.07.03	01:41:31.014		0.93426			4
2025.07.03	01:41:32.361	0.93413				2
2025.07.03	01:41:33.883	0.93414				2
2025.07.03	01:41:37.511	0.93413				2
2025.07.03	01:41:38.617	0.93414				2
2025.07.03	01:41:53.229		0.93427			4
2025.07.03	01:41:58.251		0.93426			4
2025.07.03	01:42:01.008	0.93414				2
2025.07.03	01:42:03.215		0.93427			4
2025.07.03	01:42:03.593	0.93415	0.93426			6
2025.07.03	01:42:09.656	0.93414				2
2025.07.03	01:42:15.877	0.93415				2
2025.07.03	01:42:17.925	0.93414	0.93427			6
2025.07.03	01:42:19.145		0.93426			4
2025.07.03	01:42:21.064	0.93413	0.93427			6
2025.07.03	01:42:29.388		0.93425			4
2025.07.03	01:42:34.543	0.93414				2
2025.07.03	01:42:35.301	0.93413				2
2025.07.03	01:42:35.737	0.93414				2
2025.07.03	01:42:37.621	0.93413				2
2025.07.03	01:42:38.264	0.93414				2
2025.07.03	01:42:38.656	0.93413				2
2025.07.03	01:42:38.960	0.93415	0.93427			6
2025.07.03	01:42:47.382	0.93416				2
2025.07.03	01:42:51.883	0.93415				2
2025.07.03	01:42:59.649	0.93416				2
2025.07.03	01:43:00.646	0.93416				2
2025.07.03	01:43:05.227		0.93428			4
2025.07.03	01:43:13.468	0.93417				2
2025.07.03	01:43:14.529	0.93416	0.93429			6
2025.07.03	01:43:14.962	0.93417				2
2025.07.03	01:43:16.604	0.93416				2
2025.07.03	01:43:17.505	0.93417	0.93428			6
2025.07.03	01:43:19.711	0.93416	0.93429			6
2025.07.03	01:43:20.730	0.93417	0.93428			6
2025.07.03	01:43:22.378	0.93415	0.93426			6
2025.07.03	01:43:23.572	0.93414	0.93427			6
2025.07.03	01:43:25.087	0.93413				2
2025.07.03	01:43:26.681	0.93414				2
2025.07.03	01:43:27.818	0.93415	0.93426			6
2025.07.03	01:43:30.923	0.93414	0.93427			6
2025.07.03	01:43:32.276	0.93415				2
2025.07.03	01:43:33.159	0.93414				2
2025.07.03	01:43:40.056		0.93426			4
2025.07.03	01:43:40.436		0.93427			4
2025.07.03	01:43:42.680	0.93415	0.93426			6
2025.07.03	01:43:44.373	0.93414	0.93427			6
2025.07.03	01:43:44.707	0.93415	0.93426			6
2025.07.03	01:43:51.828	0.93414	0.93427			6
2025.07.03	01:43:53.682	0.93415	0.93426			6
2025.07.03	01:43:54.935	0.93414	0.93427			6
2025.07.03	01:44:00.250	0.93415	0.93426			6
2025.07.03	01:44:00.553		0.93427			4
2025.07.03	01:44:22.023	0.93414	0.93426			6
2025.07.03	01:44:29.206	0.93413	0.93425			6
2025.07.03	01:45:00.390	0.93413				2
2025.07.03	01:45:13.558		0.93426			4
2025.07.03	01:45:15.893		0.93425			4
2025.07.03	01:45:18.282	0.93414				2
2025.07.03	01:45:20.084	0.93413				2
2025.07.03	01:45:21.127		0.93426			4
2025.07.03	01:45:23.382	0.93414	0.93425			6
2025.07.03	01:45:25.275	0.93413	0.93426			6
2025.07.03	01:45:26.380	0.93414	0.93427			6
2025.07.03	01:45:28.586		0.93426			4
2025.07.03	01:45:43.774	0.93415				2
2025.07.03	01:45:51.882		0.93427			4
2025.07.03	01:45:54.881	0.93414				2
2025.07.03	01:46:00.473	0.93413	0.93426			6
2025.07.03	01:46:03.281	0.93414	0.93425			6
2025.07.03	01:46:05.404		0.93426			4
2025.07.03	01:46:10.782		0.93427			4
2025.07.03	01:46:17.752		0.93426			4
2025.07.03	01:46:19.646	0.93416	0.93432			6
2025.07.03	01:46:20.357		0.93430			4
2025.07.03	01:46:21.013		0.93429			4
2025.07.03	01:46:21.830	0.93417				2
2025.07.03	01:46:25.383	0.93416	0.93430			6
2025.07.03	01:46:29.671	0.93415	0.93429			6
2025.07.03	01:46:30.765		0.93428			4
2025.07.03	01:46:31.100		0.93427			4
2025.07.03	01:46:51.618	0.93416	0.93428			6
2025.07.03	01:46:58.182		0.93429			4
2025.07.03	01:47:05.383	0.93416				2
2025.07.03	01:47:10.577		0.93430			4
2025.07.03	01:47:12.155		0.93429			4
2025.07.03	01:47:12.989	0.93414	0.93426			6
2025.07.03	01:47:13.376		0.93427			4
2025.07.03	01:47:23.982		0.93426			4
2025.07.03	01:47:25.176		0.93427			4
2025.07.03	01:47:27.910	0.93416				2
2025.07.03	01:47:29.668		0.93429			4
2025.07.03	01:47:33.055	0.93415				2
2025.07.03	01:47:35.087	0.93414				2
2025.07.03	01:47:37.184	0.93415				2
2025.07.03	01:47:53.381		0.93428			4
2025.07.03	01:47:55.777		0.93427			4
2025.07.03	01:47:59.323	0.93418	0.93429			6
2025.07.03	01:47:59.644	0.93419	0.93431			6
2025.07.03	01:47:59.968		0.93432			4
2025.07.03	01:48:00.376	0.93419				2
2025.07.03	01:48:05.168		0.93433			4
2025.07.03	01:48:10.280		0.93432			4
2025.07.03	01:48:13.483		0.93433			4
2025.07.03	01:48:14.982		0.93432			4
2025.07.03	01:48:17.386		0.93433			4
2025.07.03	01:48:20.840		0.93432			4
2025.07.03	01:48:22.782		0.93433			4
2025.07.03	01:48:25.798		0.93432			4
2025.07.03	01:48:27.583		0.93433			4
2025.07.03	01:48:44.684		0.93432			4
2025.07.03	01:48:49.856		0.93433			4
2025.07.03	01:48:51.916		0.93432			4
2025.07.03	01:48:54.861	0.93420	0.93431			6
2025.07.03	01:48:55.202		0.93432			4
2025.07.03	01:49:00.282	0.93420				2
2025.07.03	01:49:04.891	0.93419				2
2025.07.03	01:49:12.279		0.93433			4
2025.07.03	01:49:12.946		0.93432			4
2025.07.03	01:49:14.682		0.93431			4
2025.07.03	01:49:15.104		0.93432			4
2025.07.03	01:49:15.746	0.93418	0.93431			6
2025.07.03	01:49:16.141	0.93419				2
2025.07.03	01:49:19.253	0.93418	0.93432			6
2025.07.03	01:49:20.682	0.93419	0.93431			6
2025.07.03	01:49:21.320	0.93418				2
2025.07.03	01:49:21.669	0.93420	0.93433			6
2025.07.03	01:49:22.358		0.93434			4
2025.07.03	01:49:24.882		0.93433			4
2025.07.03	01:49:26.471		0.93434			4
2025.07.03	01:49:28.182		0.93433			4
2025.07.03	01:49:29.681		0.93434			4
2025.07.03	01:49:31.181	0.93419	0.93433			6
2025.07.03	01:49:32.383	0.93420	0.93431			6
2025.07.03	01:49:38.683		0.93430			4
2025.07.03	01:49:41.682		0.93431			4
2025.07.03	01:49:45.204		0.93430			4
2025.07.03	01:49:46.275		0.93431			4
2025.07.03	01:49:48.244		0.93430			4
2025.07.03	01:49:50.455		0.93431			4
2025.07.03	01:49:51.632		0.93430			4
2025.07.03	01:49:53.566		0.93431			4
2025.07.03	01:49:54.883		0.93430			4
2025.07.03	01:49:56.682		0.93431			4
2025.07.03	01:49:59.381		0.93430			4
2025.07.03	01:50:00.567	0.93420				2
2025.07.03	01:50:02.982		0.93431			4
2025.07.03	01:50:08.581		0.93430			4
2025.07.03	01:50:17.250	0.93416	0.93428			6
2025.07.03	01:50:18.658		0.93427			4
2025.07.03	01:50:19.033	0.93417	0.93429			6
2025.07.03	01:50:19.410		0.93428			4
2025.07.03	01:50:19.741	0.93415	0.93426			6
2025.07.03	01:50:30.569	0.93416				2
2025.07.03	01:50:45.064	0.93414				2
2025.07.03	01:50:49.855	0.93415				2
2025.07.03	01:50:54.178	0.93414				2
2025.07.03	01:51:00.534	0.93414				2
2025.07.03	01:51:01.501	0.93415	0.93425			6
2025.07.03	01:51:02.533	0.93414				2
2025.07.03	01:51:11.400	0.93415	0.93426			6
2025.07.03	01:51:17.942	0.93416				2
2025.07.03	01:51:21.187		0.93427			4
2025.07.03	01:51:32.682	0.93417				2
2025.07.03	01:51:41.681	0.93416	0.93428			6
2025.07.03	01:51:51.583	0.93417	0.93429			6
2025.07.03	01:52:00.292	0.93417				2
2025.07.03	01:52:06.077		0.93428			4
2025.07.03	01:52:06.386	0.93415	0.93427			6
2025.07.03	01:52:10.180		0.93426			4
2025.07.03	01:52:12.882		0.93427			4
2025.07.03	01:52:23.984		0.93426			4
2025.07.03	01:53:00.037	0.93415				2
2025.07.03	01:53:01.283	0.93420	0.93430			6
2025.07.03	01:53:01.599		0.93433			4
2025.07.03	01:53:02.661	0.93421	0.93431			6
2025.07.03	01:53:03.318	0.93420	0.93432			6
2025.07.03	01:53:11.575	0.93421	0.93433			6
2025.07.03	01:53:13.698	0.93419	0.93432			6
2025.07.03	01:53:14.000		0.93431			4
2025.07.03	01:53:20.985		0.93430			4
2025.07.03	01:53:41.081	0.93420				2
2025.07.03	01:53:46.624	0.93424	0.93435			6
2025.07.03	01:53:48.198	0.93423				2
2025.07.03	01:53:50.482		0.93434			4
2025.07.03	01:53:52.312	0.93425	0.93436			6
2025.07.03	01:53:52.797	0.93424	0.93435			6
2025.07.03	01:53:56.675		0.93436			4
2025.07.03	01:54:00.403	0.93424				2
2025.07.03	01:54:01.998	0.93426	0.93438			6
2025.07.03	01:54:02.321	0.93423	0.93436			6
2025.07.03	01:54:04.689	0.93422	0.93433			6
2025.07.03	01:54:05.025		0.93434			4
2025.07.03	01:54:06.706	0.93423	0.93435			6
2025.07.03	01:54:12.432	0.93424				2
2025.07.03	01:54:15.591	0.93423				2
2025.07.03	01:54:18.977	0.93424				2
2025.07.03	01:54:23.080	0.93423				2
2025.07.03	01:54:47.860	0.93422				2
2025.07.03	01:54:49.303	0.93423				2
2025.07.03	01:54:51.479		0.93436			4
2025.07.03	01:54:52.005	0.93422	0.93437			6
2025.07.03	01:54:53.983	0.93423	0.93436			6
2025.07.03	01:54:57.187	0.93422	0.93437			6
2025.07.03	01:54:59.386	0.93423	0.93436			6
2025.07.03	01:55:00.808	0.93423				2
2025.07.03	01:55:12.778	0.93422	0.93437			6
2025.07.03	01:55:14.382	0.93423				2
2025.07.03	01:55:30.582		0.93436			4
2025.07.03	01:55:32.113	0.93424				2
2025.07.03	01:55:34.440		0.93435			4
2025.07.03	01:55:38.689	0.93423	0.93436			6
2025.07.03	01:55:48.928	0.93424				2
2025.07.03	01:55:54.281	0.93423				2
2025.07.03	01:56:00.569	0.93423				2
2025.07.03	01:56:07.624	0.93422	0.93435			6
2025.07.03	01:56:13.753		0.93434			4
2025.07.03	01:56:27.537	0.93421				2
2025.07.03	01:56:34.247	0.93422	0.93433			6
2025.07.03	01:56:43.241		0.93435			4
2025.07.03	01:56:44.788	0.93423	0.93434			6
2025.07.03	01:56:49.288	0.93422	0.93436			6
2025.07.03	01:56:54.281	0.93423	0.93435			6
2025.07.03	01:56:55.841		0.93437			4
2025.07.03	01:56:57.196	0.93422	0.93434			6
2025.07.03	01:57:02.294	0.93422				2
2025.07.03	01:57:03.011		0.93435			4
2025.07.03	01:57:07.637	0.93423	0.93436			6
2025.07.03	01:57:09.882		0.93435			4
2025.07.03	01:57:11.605	0.93422	0.93436			6
2025.07.03	01:57:13.225	0.93423				2
2025.07.03	01:57:13.847	0.93425	0.93438			6
2025.07.03	01:57:21.509	0.93422	0.93434			6
2025.07.03	01:57:22.763	0.93423				2
2025.07.03	01:57:30.415	0.93420	0.93433			6
2025.07.03	01:57:30.768	0.93421	0.93432			6
2025.07.03	01:57:31.097	0.93422	0.93433			6
2025.07.03	01:57:48.304	0.93421	0.93434			6
2025.07.03	01:57:50.920	0.93419				2
2025.07.03	01:57:52.866	0.93421	0.93432			6
2025.07.03	01:58:00.584	0.93421	0.93433			6
2025.07.03	01:58:11.244	0.93423	0.93435			6
2025.07.03	01:58:11.547		0.93434			4
2025.07.03	01:58:36.095	0.93422				2
2025.07.03	01:59:00.443	0.93422	0.93435			6
2025.07.03	01:59:03.376	0.93423				2
2025.07.03	01:59:07.612	0.93424				2
2025.07.03	01:59:11.206	0.93421	0.93433			6
2025.07.03	01:59:11.551		0.93432			4
2025.07.03	01:59:15.582	0.93420	0.93433			6
2025.07.03	01:59:16.664	0.93421				2
2025.07.03	01:59:17.527	0.93420				2
2025.07.03	01:59:18.585		0.93432			4
2025.07.03	01:59:26.353		0.93433			4
2025.07.03	01:59:26.683		0.93432			4
2025.07.03	01:59:29.635	0.93421				2
2025.07.03	01:59:30.413		0.93433			4
2025.07.03	01:59:31.632		0.93432			4
2025.07.03	01:59:36.843		0.93433			4
2025.07.03	01:59:40.180		0.93432			4
2025.07.03	01:59:47.076		0.93433			4
2025.07.03	01:59:51.348		0.93432			4
2025.07.03	01:59:54.122		0.93434			4
2025.07.03	01:59:55.220		0.93433			4
2025.07.03	01:59:56.403	0.93420	0.93434			6
2025.07.03	01:59:57.296	0.93421	0.93433			6
2025.07.03	01:59:58.607	0.93420	0.93432			6
2025.07.03	02:00:00.326	0.93422				2
2025.07.03	02:00:01.029	0.93421				2
2025.07.03	02:00:05.147		0.93433			4
2025.07.03	02:00:06.119	0.93420	0.93432			6
2025.07.03	02:00:06.421	0.93421	0.93433			6
2025.07.03	02:00:07.271	0.93420	0.93432			6
2025.07.03	02:00:08.263	0.93419	0.93431			6
2025.07.03	02:00:08.577	0.93418				2
2025.07.03	02:00:13.106		0.93430			4
2025.07.03	02:00:13.434	0.93419	0.93431			6
2025.07.03	02:00:15.082	0.93417				2
2025.07.03	02:00:20.332	0.93418	0.93429			6
2025.07.03	02:00:21.026	0.93417	0.93430			6
2025.07.03	02:00:32.807	0.93416				2
2025.07.03	02:00:33.660	0.93417				2
2025.07.03	02:00:33.977	0.93416				2
2025.07.03	02:00:36.955	0.93417				2
2025.07.03	02:00:38.980	0.93416				2
2025.07.03	02:00:40.521	0.93417				2
2025.07.03	02:00:50.222		0.93431			4
2025.07.03	02:00:50.578	0.93418	0.93430			6
2025.07.03	02:00:59.311	0.93415	0.93428			6
2025.07.03	02:01:00.024	0.93415				2
2025.07.03	02:01:00.695		0.93429			4
2025.07.03	02:01:08.314	0.93417				2
2025.07.03	02:01:15.665	0.93416				2
2025.07.03	02:01:18.198		0.93428			4
2025.07.03	02:01:19.689		0.93429			4
2025.07.03	02:01:21.326	0.93414	0.93426			6
2025.07.03	02:01:22.761		0.93425			4
2025.07.03	02:01:24.442		0.93426			4
2025.07.03	02:01:26.566	0.93413	0.93419			6
2025.07.03	02:01:26.884		0.93426			4
2025.07.03	02:01:27.198	0.93414				2
2025.07.03	02:01:30.582		0.93427			4
2025.07.03	02:01:31.385		0.93426			4
2025.07.03	02:01:36.136		0.93427			4
2025.07.03	02:01:39.248	0.93411				2
2025.07.03	02:01:41.980	0.93412	0.93426			6
2025.07.03	02:01:43.501	0.93411	0.93425			6
2025.07.03	02:01:46.464		0.93426			4
2025.07.03	02:01:47.871	0.93412				2
2025.07.03	02:01:49.597		0.93427			4
2025.07.03	02:01:52.939		0.93426			4
2025.07.03	02:02:00.705	0.93412				2
2025.07.03	02:02:04.852	0.93414	0.93427			6
2025.07.03	02:02:05.895	0.93413	0.93428			6
2025.07.03	02:02:06.899		0.93427			4
2025.07.03	02:02:11.981	0.93414				2
2025.07.03	02:02:12.290	0.93413				2
2025.07.03	02:02:14.588		0.93428			4
2025.07.03	02:02:16.290		0.93427			4
2025.07.03	02:02:28.868	0.93414	0.93423			6
2025.07.03	02:02:31.293	0.93413	0.93428			6
2025.07.03	02:02:32.220		0.93427			4
2025.07.03	02:02:35.302	0.93414	0.93426			6
2025.07.03	02:02:36.004		0.93427			4
2025.07.03	02:02:36.825	0.93416	0.93428			6
2025.07.03	02:02:38.428	0.93415	0.93429			6
2025.07.03	02:02:49.017	0.93414	0.93427			6
2025.07.03	02:02:49.635	0.93415				2
2025.07.03	02:02:50.228		0.93425			4
2025.07.03	02:02:52.133	0.93414	0.93426			6
2025.07.03	02:02:52.443		0.93425			4
2025.07.03	02:02:53.041		0.93424			4
2025.07.03	02:02:54.036	0.93415				2
2025.07.03	02:02:58.227		0.93425			4
2025.07.03	02:02:59.919		0.93426			4
2025.07.03	02:03:00.327	0.93414				2
2025.07.03	02:03:00.940	0.93415				2
2025.07.03	02:03:01.363	0.93414	0.93427			6
2025.07.03	02:03:01.737	0.93415	0.93426			6
2025.07.03	02:03:02.399	0.93414				2
2025.07.03	02:03:02.754	0.93415	0.93425			6
2025.07.03	02:03:03.434		0.93426			4
2025.07.03	02:03:04.143		0.93427			4
2025.07.03	02:03:04.474		0.93426			4
2025.07.03	02:03:07.136	0.93416	0.93425			6
2025.07.03	02:03:08.648	0.93415	0.93426			6
2025.07.03	02:03:29.206	0.93416	0.93427			6
2025.07.03	02:03:35.682		0.93426			4
2025.07.03	02:03:40.995		0.93427			4
2025.07.03	02:03:42.942		0.93426			4
2025.07.03	02:03:48.251		0.93427			4
2025.07.03	02:03:52.273		0.93426			4
2025.07.03	02:03:56.526	0.93417				2
2025.07.03	02:03:57.403	0.93418	0.93429			6
2025.07.03	02:04:00.563	0.93418	0.93430			6
2025.07.03	02:04:02.307	0.93419	0.93429			6
2025.07.03	02:04:03.337		0.93432			4
2025.07.03	02:04:06.283	0.93421	0.93431			6
2025.07.03	02:04:22.782	0.93422	0.93434			6
2025.07.03	02:04:25.284	0.93421	0.93433			6
2025.07.03	02:04:27.437	0.93422	0.93431			6
2025.07.03	02:04:29.912	0.93421	0.93433			6
2025.07.03	02:04:40.500		0.93432			4
2025.07.03	02:04:53.058	0.93423	0.93433			6
2025.07.03	02:04:56.381	0.93422	0.93434			6
2025.07.03	02:05:00.241	0.93422				2
2025.07.03	02:05:02.978		0.93433			4
2025.07.03	02:05:17.775	0.93423				2
2025.07.03	02:05:21.282	0.93422				2
2025.07.03	02:06:00.302	0.93422				2
2025.07.03	02:06:02.391	0.93423	0.93430			6
2025.07.03	02:06:02.716		0.93433			4
2025.07.03	02:06:07.221		0.93430			4
2025.07.03	02:06:11.081		0.93431			4
2025.07.03	02:06:26.983	0.93422				2
2025.07.03	02:06:32.082		0.93432			4
2025.07.03	02:06:34.960	0.93423	0.93431			6
2025.07.03	02:06:42.581		0.93432			4
2025.07.03	02:06:43.676		0.93431			4
2025.07.03	02:07:00.002	0.93423				2
2025.07.03	02:07:07.884	0.93422	0.93432			6
2025.07.03	02:07:11.081	0.93423	0.93431			6
2025.07.03	02:07:15.171		0.93432			4
2025.07.03	02:07:15.677		0.93431			4
2025.07.03	02:07:16.213		0.93432			4
2025.07.03	02:07:22.475	0.93422				2
2025.07.03	02:07:25.914	0.93424	0.93433			6
2025.07.03	02:07:26.935		0.93432			4
2025.07.03	02:07:32.142		0.93433			4
2025.07.03	02:07:42.571	0.93425	0.93432			6
2025.07.03	02:07:43.606	0.93424	0.93433			6
2025.07.03	02:07:45.578		0.93432			4
2025.07.03	02:07:47.518		0.93433			4
2025.07.03	02:07:51.853	0.93425	0.93437			6
2025.07.03	02:07:52.166		0.93436			4
2025.07.03	02:07:56.061		0.93435			4
2025.07.03	02:07:59.653		0.93436			4
2025.07.03	02:08:00.296	0.93425				2
2025.07.03	02:08:00.993	0.93427				2
2025.07.03	02:08:01.438		0.93437			4
2025.07.03	02:08:07.476		0.93436			4
2025.07.03	02:08:11.752	0.93423	0.93431			6
2025.07.03	02:08:14.935		0.93433			4
2025.07.03	02:08:36.480	0.93421	0.93431			6
2025.07.03	02:08:36.801		0.93430			4
2025.07.03	02:08:37.774	0.93422	0.93431			6
2025.07.03	02:09:00.568	0.93422				2
2025.07.03	02:09:04.368	0.93423	0.93433			6
2025.07.03	02:09:05.981		0.93432			4
2025.07.03	02:09:17.387	0.93422	0.93431			6
2025.07.03	02:09:18.345		0.93430			4
2025.07.03	02:09:22.862	0.93421				2
2025.07.03	02:09:42.503		0.93431			4
2025.07.03	02:09:45.334		0.93432			4
2025.07.03	02:09:49.382		0.93431			4
2025.07.03	02:09:53.407		0.93430			4
2025.07.03	02:09:57.315		0.93431			4
2025.07.03	02:10:00.221	0.93421	0.93430			6
2025.07.03	02:10:00.555		0.93429			4
2025.07.03	02:10:01.391		0.93430			4
2025.07.03	02:10:05.983		0.93429			4
2025.07.03	02:10:06.935	0.93420	0.93430			6
2025.07.03	02:10:12.161	0.93421				2
2025.07.03	02:10:31.439		0.93431			4
2025.07.03	02:10:34.653	0.93422	0.93430			6
2025.07.03	02:10:39.046		0.93431			4
2025.07.03	02:10:54.584	0.93423				2
2025.07.03	02:11:00.444	0.93422	0.93432			6
2025.07.03	02:11:00.810	0.93425	0.93434			6
2025.07.03	02:11:05.384		0.93433			4
2025.07.03	02:11:12.779	0.93423				2
2025.07.03	02:11:24.818	0.93424				2
2025.07.03	02:11:27.707	0.93425				2
2025.07.03	02:11:33.141	0.93424				2
2025.07.03	02:11:37.405		0.93434			4
2025.07.03	02:11:50.279		0.93433			4
2025.07.03	02:11:58.528	0.93425				2
2025.07.03	02:11:58.853	0.93424	0.93434			6
2025.07.03	02:12:01.392	0.93424	0.93433			6
2025.07.03	02:12:08.898	0.93425				2
2025.07.03	02:12:22.378	0.93424				2
2025.07.03	02:12:40.182	0.93425				2
2025.07.03	02:12:54.996	0.93424				2
2025.07.03	02:12:58.053	0.93423				2
2025.07.03	02:13:03.708	0.93423	0.93433			6
2025.07.03	02:13:04.076	0.93424	0.93434			6
2025.07.03	02:13:11.682		0.93433			4
2025.07.03	02:13:17.682	0.93425				2
2025.07.03	02:13:22.361	0.93424	0.93434			6
2025.07.03	02:13:50.981	0.93423				2
2025.07.03	02:13:52.487	0.93424				2
2025.07.03	02:14:00.567	0.93424				2
2025.07.03	02:14:08.983	0.93425				2
2025.07.03	02:14:16.532	0.93426				2
2025.07.03	02:14:23.092		0.93434			4
2025.07.03	02:14:27.584	0.93425				2
2025.07.03	02:14:30.882		0.93433			4
2025.07.03	02:14:34.181	0.93426				2
2025.07.03	02:14:39.587		0.93434			4
2025.07.03	02:14:41.755	0.93425				2
2025.07.03	02:14:43.726		0.93433			4
2025.07.03	02:14:46.241	0.93424	0.93434			6
2025.07.03	02:14:46.700	0.93425				2
2025.07.03	02:14:48.282	0.93426				2
2025.07.03	02:14:51.908	0.93424	0.93433			6
2025.07.03	02:14:53.064	0.93423				2
2025.07.03	02:14:53.863	0.93425				2
2025.07.03	02:15:00.364	0.93425				2
2025.07.03	02:15:32.081	0.93426				2
2025.07.03	02:15:40.958	0.93425	0.93434			6
2025.07.03	02:15:45.493		0.93433			4
2025.07.03	02:16:00.480	0.93425				2
2025.07.03	02:16:04.435	0.93426				2
2025.07.03	02:16:08.136	0.93425				2
2025.07.03	02:16:10.342	0.93426				2
2025.07.03	02:16:15.186	0.93425				2
2025.07.03	02:16:19.853		0.93432			4
2025.07.03	02:16:21.535	0.93424	0.93433			6
2025.07.03	02:16:22.823	0.93425	0.93434			6
2025.07.03	02:16:27.077	0.93427				2
2025.07.03	02:16:30.130	0.93425	0.93435			6
2025.07.03	02:16:30.434		0.93434			4
2025.07.03	02:16:35.083	0.93426				2
2025.07.03	02:16:37.162	0.93427				2
2025.07.03	02:16:37.474		0.93435			4
2025.07.03	02:16:38.470		0.93434			4
2025.07.03	02:16:41.288	0.93426				2
2025.07.03	02:16:50.717		0.93433			4
2025.07.03	02:16:51.118	0.93425				2
2025.07.03	02:16:52.386		0.93434			4
2025.07.03	02:16:57.287	0.93426				2
2025.07.03	02:16:58.775		0.93433			4
2025.07.03	02:17:01.473	0.93426				2
2025.07.03	02:17:18.847		0.93434			4
2025.07.03	02:17:21.356	0.93427				2
2025.07.03	02:17:27.379	0.93426				2
2025.07.03	02:17:28.704		0.93435			4
2025.07.03	02:17:29.045	0.93427	0.93434			6
2025.07.03	02:17:30.461	0.93426	0.93435			6
2025.07.03	02:17:31.816	0.93427	0.93434			6
2025.07.03	02:17:34.637	0.93426				2
2025.07.03	02:17:38.033	0.93425				2
2025.07.03	02:17:48.882	0.93426	0.93433			6
2025.07.03	02:17:52.770	0.93425	0.93434			6
2025.07.03	02:17:56.430		0.93431			4
2025.07.03	02:17:57.524	0.93424	0.93434			6
2025.07.03	02:17:58.483	0.93425				2
2025.07.03	02:18:00.792	0.93425				2
2025.07.03	02:18:02.449	0.93424				2
2025.07.03	02:18:03.373	0.93425	0.93433			6
2025.07.03	02:18:04.151		0.93434			4
2025.07.03	02:18:07.772		0.93433			4
2025.07.03	02:18:10.285	0.93426				2
2025.07.03	02:18:14.083		0.93434			4
2025.07.03	02:18:17.773	0.93425	0.93433			6
2025.07.03	02:18:19.940	0.93424				2
2025.07.03	02:18:21.381	0.93425				2
2025.07.03	02:18:26.584	0.93424	0.93432			6
2025.07.03	02:18:36.998	0.93423	0.93434			6
2025.07.03	02:18:39.361		0.93433			4
2025.07.03	02:18:46.744	0.93424				2
2025.07.03	02:18:47.773		0.93434			4
2025.07.03	02:18:54.089	0.93425				2
2025.07.03	02:18:54.406	0.93424	0.93433			6
2025.07.03	02:19:00.152	0.93425	0.93432			6
2025.07.03	02:19:07.657	0.93422	0.93433			6
2025.07.03	02:19:09.695	0.93423				2
2025.07.03	02:19:12.182	0.93422	0.93432			6
2025.07.03	02:19:17.376		0.93433			4
2025.07.03	02:19:17.775	0.93425	0.93432			6
2025.07.03	02:19:19.160	0.93426	0.93433			6
2025.07.03	02:19:21.649	0.93425	0.93434			6
2025.07.03	02:19:24.487	0.93426	0.93433			6
2025.07.03	02:19:27.776	0.93424	0.93432			6
2025.07.03	02:19:31.482		0.93433			4
2025.07.03	02:19:34.696		0.93432			4
2025.07.03	02:19:35.054	0.93423	0.93433			6
2025.07.03	02:19:44.088	0.93426				2
2025.07.03	02:19:51.147	0.93427				2
2025.07.03	02:19:55.690	0.93426	0.93434			6
2025.07.03	02:19:57.415		0.93433			4
2025.07.03	02:20:00.477	0.93426				2
2025.07.03	02:20:01.123	0.93427				2
2025.07.03	02:20:04.903	0.93426				2
2025.07.03	02:20:06.811	0.93427				2
2025.07.03	02:20:15.230	0.93426				2
2025.07.03	02:20:18.608		0.93432			4
2025.07.03	02:20:21.742		0.93433			4
2025.07.03	02:20:26.033		0.93432			4
2025.07.03	02:21:00.003	0.93425	0.93433			6
2025.07.03	02:21:01.186	0.93426	0.93432			6
2025.07.03	02:21:02.406	0.93425	0.93433			6
2025.07.03	02:21:08.600	0.93426	0.93432			6
2025.07.03	02:21:15.421	0.93425	0.93433			6
2025.07.03	02:21:19.728	0.93426	0.93432			6
2025.07.03	02:21:20.207	0.93425				2
2025.07.03	02:21:30.230	0.93426				2
2025.07.03	02:21:36.563	0.93425				2
2025.07.03	02:21:36.917		0.93431			4
2025.07.03	02:21:39.797	0.93426	0.93433			6
2025.07.03	02:21:49.154	0.93429	0.93436			6
2025.07.03	02:21:55.348		0.93435			4
2025.07.03	02:21:57.462	0.93427	0.93433			6
2025.07.03	02:21:58.876	0.93426				2
2025.07.03	02:22:00.351	0.93426				2
2025.07.03	02:22:02.880	0.93427				2
2025.07.03	02:22:04.360	0.93425				2
2025.07.03	02:22:06.366	0.93426				2
2025.07.03	02:22:07.771	0.93427				2
2025.07.03	02:22:13.033	0.93428				2
2025.07.03	02:22:17.787		0.93434			4
2025.07.03	02:22:22.885	0.93427	0.93433			6
2025.07.03	02:22:33.581	0.93428				2
2025.07.03	02:22:34.887	0.93427				2
2025.07.03	02:22:38.065	0.93428	0.93434			6
2025.07.03	02:22:47.066	0.93427				2
2025.07.03	02:22:53.382		0.93433			4
2025.07.03	02:23:00.569	0.93427				2
2025.07.03	02:23:19.154	0.93426	0.93432			6
2025.07.03	02:23:22.546	0.93425				2
2025.07.03	02:23:32.570		0.93431			4
2025.07.03	02:23:34.467	0.93424	0.93430			6
2025.07.03	02:23:41.025		0.93431			4
2025.07.03	02:23:48.378		0.93430			4
2025.07.03	02:23:53.541	0.93425	0.93431			6
2025.07.03	02:23:58.652	0.93427	0.93433			6
2025.07.03	02:24:01.309	0.93427				2
2025.07.03	02:24:03.465	0.93428				2
2025.07.03	02:24:10.530		0.93435			4
2025.07.03	02:24:11.381		0.93434			4
2025.07.03	02:24:12.608		0.93435			4
2025.07.03	02:24:15.274		0.93434			4
2025.07.03	02:24:22.767	0.93425	0.93433			6
2025.07.03	02:24:27.578	0.93426				2
2025.07.03	02:24:48.479	0.93427	0.93435			6
2025.07.03	02:24:48.786	0.93428				2
2025.07.03	02:24:53.665	0.93427	0.93434			6
2025.07.03	02:25:00.068	0.93427				2
2025.07.03	02:25:01.008		0.93435			4
2025.07.03	02:25:14.397		0.93436			4
2025.07.03	02:25:17.268	0.93428	0.93434			6
2025.07.03	02:25:17.628		0.93436			4
2025.07.03	02:25:24.683		0.93435			4
2025.07.03	02:25:29.202		0.93436			4
2025.07.03	02:25:39.467	0.93427	0.93437			6
2025.07.03	02:25:47.527	0.93428	0.93436			6
2025.07.03	02:25:51.813	0.93427				2
2025.07.03	02:25:52.128	0.93430	0.93438			6
2025.07.03	02:25:52.634	0.93429				2
2025.07.03	02:25:59.384	0.93430				2
2025.07.03	02:26:00.209	0.93431				2
2025.07.03	02:26:02.372	0.93430				2
2025.07.03	02:26:03.245	0.93431				2
2025.07.03	02:26:03.567	0.93429				2
2025.07.03	02:26:04.279	0.93430				2
2025.07.03	02:26:04.606	0.93429				2
2025.07.03	02:26:11.703	0.93431				2
2025.07.03	02:26:13.614	0.93430				2
2025.07.03	02:26:23.727	0.93431				2
2025.07.03	02:26:26.834	0.93429	0.93436			6
2025.07.03	02:26:30.316	0.93428				2
2025.07.03	02:26:32.957	0.93427				2
2025.07.03	02:26:33.931		0.93435			4
2025.07.03	02:26:37.360	0.93428				2
2025.07.03	02:27:00.029	0.93428				2
2025.07.03	02:27:04.080	0.93429	0.93437			6
2025.07.03	02:27:08.088	0.93430				2
2025.07.03	02:27:18.581	0.93429				2
2025.07.03	02:27:19.038	0.93428				2
2025.07.03	02:27:20.278	0.93427				2
2025.07.03	02:27:20.911	0.93430				2
2025.07.03	02:27:23.836	0.93429				2
2025.07.03	02:27:27.074		0.93438			4
2025.07.03	02:27:27.377	0.93431				2
2025.07.03	02:27:42.635	0.93432				2
2025.07.03	02:27:52.027	0.93433				2
2025.07.03	02:27:53.834	0.93432				2
2025.07.03	02:28:04.751	0.93432				2
2025.07.03	02:28:09.662	0.93433				2
2025.07.03	02:28:25.285	0.93432				2
2025.07.03	02:28:27.486	0.93434	0.93439			6
2025.07.03	02:28:30.318	0.93433	0.93438			6
2025.07.03	02:28:34.429		0.93439			4
2025.07.03	02:28:39.194		0.93438			4
2025.07.03	02:28:40.569		0.93439			4
2025.07.03	02:28:41.604		0.93438			4
2025.07.03	02:28:49.352		0.93439			4
2025.07.03	02:28:52.474		0.93438			4
2025.07.03	02:29:00.525	0.93433				2
2025.07.03	02:29:07.024	0.93432				2
2025.07.03	02:29:21.705		0.93439			4
2025.07.03	02:29:25.927		0.93441			4
2025.07.03	02:29:27.096		0.93439			4
2025.07.03	02:29:29.347		0.93438			4
2025.07.03	02:29:30.390		0.93439			4
2025.07.03	02:29:34.597	0.93430				2
2025.07.03	02:29:35.386		0.93438			4
2025.07.03	02:29:40.529		0.93439			4
2025.07.03	02:29:59.348		0.93438			4
2025.07.03	02:30:00.276	0.93430				2
2025.07.03	02:30:00.577	0.93429				2
2025.07.03	02:30:01.721	0.93428	0.93437			6
2025.07.03	02:30:03.442	0.93429				2
2025.07.03	02:30:13.200	0.93428	0.93436			6
2025.07.03	02:30:25.840		0.93437			4
2025.07.03	02:30:27.454	0.93429				2
2025.07.03	02:30:27.777		0.93438			4
2025.07.03	02:30:32.057	0.93430				2
2025.07.03	02:30:37.231	0.93428	0.93437			6
2025.07.03	02:30:44.262	0.93429				2
2025.07.03	02:30:44.574		0.93436			4
2025.07.03	02:30:47.330		0.93437			4
2025.07.03	02:30:48.348	0.93430	0.93438			6
2025.07.03	02:30:50.363	0.93429				2
2025.07.03	02:30:55.531	0.93430				2
2025.07.03	02:30:56.344	0.93429				2
2025.07.03	02:30:58.228		0.93437			4
2025.07.03	02:31:00.434	0.93429				2
2025.07.03	02:31:05.438		0.93438			4
2025.07.03	02:31:05.811	0.93430				2
2025.07.03	02:31:11.380	0.93429				2
2025.07.03	02:31:17.973		0.93439			4
2025.07.03	02:31:24.360	0.93428	0.93437			6
2025.07.03	02:31:24.670		0.93438			4
2025.07.03	02:31:36.362	0.93427				2
2025.07.03	02:31:39.581	0.93428	0.93437			6
2025.07.03	02:31:44.034		0.93438			4
2025.07.03	02:31:54.575		0.93437			4
2025.07.03	02:31:58.675		0.93438			4
2025.07.03	02:32:00.488	0.93428				2
2025.07.03	02:32:00.855		0.93437			4
2025.07.03	02:32:04.426		0.93438			4
2025.07.03	02:32:07.782	0.93429				2
2025.07.03	02:32:27.428		0.93436			4
2025.07.03	02:32:29.243	0.93428	0.93437			6
2025.07.03	02:32:30.743		0.93436			4
2025.07.03	02:32:31.096		0.93437			4
2025.07.03	02:32:35.758	0.93429				2
2025.07.03	02:32:37.934	0.93428				2
2025.07.03	02:32:39.821	0.93429	0.93438			6
2025.07.03	02:32:41.757		0.93437			4
2025.07.03	02:32:44.867	0.93428	0.93438			6
2025.07.03	02:32:47.372		0.93437			4
2025.07.03	02:32:51.638		0.93438			4
2025.07.03	02:32:56.613		0.93437			4
2025.07.03	02:33:00.166	0.93428				2
2025.07.03	02:33:06.324	0.93429				2
2025.07.03	02:33:11.742	0.93428				2
2025.07.03	02:33:21.501		0.93436			4
2025.07.03	02:33:38.772		0.93437			4
2025.07.03	02:33:39.305		0.93436			4
2025.07.03	02:33:39.814		0.93437			4
2025.07.03	02:33:40.135		0.93436			4
2025.07.03	02:33:56.348	0.93429				2
2025.07.03	02:33:57.605	0.93428				2
2025.07.03	02:34:00.776	0.93428				2
2025.07.03	02:34:04.459	0.93427				2
2025.07.03	02:34:04.808		0.93438			4
2025.07.03	02:34:07.409		0.93437			4
2025.07.03	02:34:12.396		0.93435			4
2025.07.03	02:34:21.583		0.93436			4
2025.07.03	02:34:25.497	0.93426	0.93434			6
2025.07.03	02:34:29.868	0.93425				2
2025.07.03	02:34:36.537		0.93433			4
2025.07.03	02:34:45.341	0.93426				2
2025.07.03	02:34:48.723	0.93427	0.93434			6
2025.07.03	02:34:50.313	0.93426	0.93435			6
2025.07.03	02:34:50.619	0.93425	0.93434			6
2025.07.03	02:34:50.926	0.93423	0.93433			6
2025.07.03	02:34:51.981	0.93424				2
2025.07.03	02:34:52.347	0.93425	0.93432			6
2025.07.03	02:34:55.556		0.93433			4
2025.07.03	02:35:00.317	0.93424				2
2025.07.03	02:35:01.685	0.93425	0.93432			6
2025.07.03	02:35:04.841	0.93424				2
2025.07.03	02:35:05.688	0.93425	0.93433			6
2025.07.03	02:35:07.411		0.93434			4
2025.07.03	02:35:09.872		0.93433			4
2025.07.03	02:35:21.003	0.93426	0.93434			6
2025.07.03	02:35:25.464		0.93433			4
2025.07.03	02:35:28.840	0.93424				2
2025.07.03	02:35:30.076	0.93425				2
2025.07.03	02:35:36.116	0.93424	0.93432			6
2025.07.03	02:35:36.758	0.93425	0.93433			6
2025.07.03	02:35:41.686	0.93426	0.93434			6
2025.07.03	02:35:42.426	0.93427				2
2025.07.03	02:35:44.326	0.93426				2
2025.07.03	02:35:45.168		0.93435			4
2025.07.03	02:35:45.553	0.93425				2
2025.07.03	02:35:47.639		0.93434			4
2025.07.03	02:36:00.289	0.93425				2
2025.07.03	02:36:01.214	0.93426	0.93436			6
2025.07.03	02:36:03.460		0.93435			4
2025.07.03	02:36:04.377		0.93436			4
2025.07.03	02:36:05.585	0.93425	0.93434			6
2025.07.03	02:36:08.095		0.93433			4
2025.07.03	02:36:08.830		0.93434			4
2025.07.03	02:36:10.606		0.93433			4
2025.07.03	02:36:11.900		0.93434			4
2025.07.03	02:36:15.717		0.93433			4
2025.07.03	02:36:21.586		0.93434			4
2025.07.03	02:36:23.301		0.93433			4
2025.07.03	02:36:24.421	0.93424	0.93434			6
2025.07.03	02:36:28.255	0.93425	0.93433			6
2025.07.03	02:36:32.265		0.93434			4
2025.07.03	02:36:33.436		0.93433			4
2025.07.03	02:36:35.374	0.93424	0.93432			6
2025.07.03	02:36:36.058	0.93423	0.93431			6
2025.07.03	02:36:39.582	0.93424				2
2025.07.03	02:36:41.378	0.93423	0.93430			6
2025.07.03	02:36:44.197	0.93420				2
2025.07.03	02:36:52.245		0.93429			4
2025.07.03	02:36:52.709	0.93421				2
2025.07.03	02:37:00.280	0.93420	0.93430			6
2025.07.03	02:37:02.557	0.93421	0.93429			6
2025.07.03	02:37:05.599	0.93420				2
2025.07.03	02:37:06.643	0.93421				2
2025.07.03	02:37:09.617		0.93430			4
2025.07.03	02:37:09.959	0.93422				2
2025.07.03	02:37:10.316	0.93423	0.93433			6
2025.07.03	02:37:11.824	0.93425				2
2025.07.03	02:37:13.919	0.93423	0.93432			6
2025.07.03	02:37:15.154	0.93424				2
2025.07.03	02:37:25.936	0.93422	0.93431			6
2025.07.03	02:37:33.831		0.93432			4
2025.07.03	02:37:38.762	0.93424				2
2025.07.03	02:37:41.414	0.93425	0.93433			6
2025.07.03	02:37:41.731	0.93426	0.93436			6
2025.07.03	02:37:42.039	0.93425				2
2025.07.03	02:37:42.361		0.93437			4
2025.07.03	02:37:56.903	0.93426				2
2025.07.03	02:38:00.037	0.93426				2
2025.07.03	02:38:12.011		0.93436			4
2025.07.03	02:38:15.998	0.93427	0.93435			6
2025.07.03	02:38:25.529		0.93437			4
2025.07.03	02:38:25.839		0.93436			4
2025.07.03	02:38:27.806	0.93426	0.93435			6
2025.07.03	02:38:34.068		0.93434			4
2025.07.03	02:38:37.339		0.93435			4
2025.07.03	02:38:42.066	0.93425				2
2025.07.03	02:38:50.949	0.93426				2
2025.07.03	02:38:53.329		0.93434			4
2025.07.03	02:38:54.643	0.93425	0.93436			6
2025.07.03	02:39:00.282	0.93425				2
2025.07.03	02:39:05.072	0.93426				2
2025.07.03	02:39:05.407	0.93427				2
2025.07.03	02:39:21.046		0.93437			4
2025.07.03	02:39:24.580		0.93436			4
2025.07.03	02:39:29.623	0.93426				2
2025.07.03	02:39:54.070	0.93427				2
2025.07.03	02:39:58.605	0.93426	0.93437			6
2025.07.03	02:39:58.961	0.93427	0.93436			6
2025.07.03	02:40:00.048	0.93428				2
2025.07.03	02:40:02.450	0.93427				2
2025.07.03	02:40:04.489	0.93428				2
2025.07.03	02:40:11.794	0.93427	0.93435			6
2025.07.03	02:40:14.815	0.93426	0.93436			6
2025.07.03	02:40:24.046		0.93435			4
2025.07.03	02:40:24.473	0.93425	0.93434			6
2025.07.03	02:40:24.779	0.93423	0.93432			6
2025.07.03	02:40:30.953	0.93424	0.93433			6
2025.07.03	02:40:32.946	0.93425	0.93434			6
2025.07.03	02:40:36.545	0.93423	0.93433			6
2025.07.03	02:40:36.858	0.93422	0.93431			6
2025.07.03	02:40:39.967		0.93430			4
2025.07.03	02:40:40.957		0.93431			4
2025.07.03	02:40:47.043		0.93430			4
2025.07.03	02:40:47.348	0.93425	0.93433			6
2025.07.03	02:41:00.219	0.93425				2
2025.07.03	02:41:01.418	0.93424				2
2025.07.03	02:41:02.573		0.93432			4
2025.07.03	02:41:04.308	0.93423				2
2025.07.03	02:41:08.723	0.93424				2
2025.07.03	02:41:11.372	0.93423				2
2025.07.03	02:41:22.171	0.93424	0.93433			6
2025.07.03	02:41:24.862	0.93423				2
2025.07.03	02:41:38.471	0.93424	0.93432			6
2025.07.03	02:41:41.271		0.93433			4
2025.07.03	02:41:42.038	0.93423				2
2025.07.03	02:41:45.509		0.93432			4
2025.07.03	02:41:52.084		0.93431			4
2025.07.03	02:41:58.966	0.93422	0.93432			6
2025.07.03	02:41:59.284	0.93423	0.93431			6
2025.07.03	02:42:00.245	0.93423				2
2025.07.03	02:42:00.959	0.93422	0.93432			6
2025.07.03	02:42:04.699	0.93423				2
2025.07.03	02:42:09.582	0.93424				2
2025.07.03	02:42:10.224		0.93433			4
2025.07.03	02:42:13.375	0.93423				2
2025.07.03	02:42:13.715	0.93422				2
2025.07.03	02:42:19.198	0.93423				2
2025.07.03	02:42:20.345	0.93420	0.93430			6
2025.07.03	02:42:20.922		0.93431			4
2025.07.03	02:42:22.967		0.93430			4
2025.07.03	02:42:24.405		0.93429			4
2025.07.03	02:42:29.626		0.93430			4
2025.07.03	02:42:31.389		0.93429			4
2025.07.03	02:42:35.852		0.93430			4
2025.07.03	02:42:37.076		0.93429			4
2025.07.03	02:42:50.637		0.93430			4
2025.07.03	02:42:52.911	0.93421				2
2025.07.03	02:42:53.220	0.93423	0.93432			6
2025.07.03	02:42:56.475	0.93419	0.93428			6
2025.07.03	02:42:56.791	0.93420				2
2025.07.03	02:42:58.662	0.93422	0.93430			6
2025.07.03	02:43:00.318	0.93422				2
2025.07.03	02:43:00.847	0.93421				2
2025.07.03	02:43:01.357		0.93429			4
2025.07.03	02:43:09.827	0.93422	0.93430			6
2025.07.03	02:43:20.918	0.93421				2
2025.07.03	02:43:25.804		0.93429			4
2025.07.03	02:43:26.119		0.93430			4
2025.07.03	02:43:26.460		0.93431			4
2025.07.03	02:43:28.210		0.93430			4
2025.07.03	02:43:41.257		0.93429			4
2025.07.03	02:43:48.241	0.93422				2
2025.07.03	02:43:49.999	0.93421	0.93430			6
2025.07.03	02:43:57.226	0.93422	0.93429			6
2025.07.03	02:44:00.258	0.93422				2
2025.07.03	02:44:07.568	0.93423	0.93433			6
2025.07.03	02:44:07.896		0.93432			4
2025.07.03	02:44:08.347	0.93424	0.93431			6
2025.07.03	02:44:08.715	0.93423	0.93432			6
2025.07.03	02:44:09.753		0.93431			4
2025.07.03	02:44:11.501	0.93422	0.93432			6
2025.07.03	02:44:11.825	0.93423	0.93431			6
2025.07.03	02:44:17.380	0.93421	0.93430			6
2025.07.03	02:44:17.718		0.93431			4
2025.07.03	02:44:18.738		0.93430			4
2025.07.03	02:44:39.516	0.93420	0.93428			6
2025.07.03	02:44:46.196	0.93422	0.93429			6
2025.07.03	02:44:47.236		0.93430			4
2025.07.03	02:44:48.271	0.93421				2
2025.07.03	02:44:50.643	0.93420	0.93431			6
2025.07.03	02:44:52.467	0.93421				2
2025.07.03	02:44:53.510	0.93420				2
2025.07.03	02:44:55.147	0.93421				2
2025.07.03	02:45:00.434	0.93421				2
2025.07.03	02:45:06.889	0.93422	0.93429			6
2025.07.03	02:45:09.397		0.93430			4
2025.07.03	02:45:20.862		0.93431			4
2025.07.03	02:45:26.810		0.93430			4
2025.07.03	02:45:27.968	0.93423				2
2025.07.03	02:45:28.605	0.93422	0.93431			6
2025.07.03	02:45:29.537		0.93432			4
2025.07.03	02:45:30.263	0.93423				2
2025.07.03	02:45:32.678		0.93433			4
2025.07.03	02:45:34.575	0.93422				2
2025.07.03	02:45:35.809	0.93423	0.93432			6
2025.07.03	02:45:36.117		0.93434			4
2025.07.03	02:45:41.982	0.93424	0.93432			6
2025.07.03	02:45:46.750		0.93433			4
2025.07.03	02:45:56.031	0.93423	0.93434			6
2025.07.03	02:45:57.572		0.93433			4
2025.07.03	02:46:01.413	0.93422				2
2025.07.03	02:46:09.615	0.93423	0.93432			6
2025.07.03	02:46:13.296		0.93433			4
2025.07.03	02:46:15.774	0.93431	0.93440			6
2025.07.03	02:46:16.098		0.93442			4
2025.07.03	02:46:18.613		0.93441			4
2025.07.03	02:46:20.795	0.93429	0.93439			6
2025.07.03	02:46:21.840		0.93440			4
2025.07.03	02:46:25.613	0.93428	0.93439			6
2025.07.03	02:46:25.943		0.93441			4
2025.07.03	02:46:27.701	0.93429				2
2025.07.03	02:46:39.617	0.93428				2
2025.07.03	02:46:41.468	0.93430				2
2025.07.03	02:46:41.781	0.93426	0.93437			6
2025.07.03	02:46:42.445		0.93434			4
2025.07.03	02:46:44.746	0.93425	0.93433			6
2025.07.03	02:46:45.846		0.93434			4
2025.07.03	02:46:46.791	0.93424	0.93433			6
2025.07.03	02:46:47.659		0.93432			4
2025.07.03	02:46:48.889		0.93433			4
2025.07.03	02:46:50.169		0.93432			4
2025.07.03	02:46:51.400		0.93433			4
2025.07.03	02:46:55.179	0.93423	0.93434			6
2025.07.03	02:46:55.481		0.93433			4
2025.07.03	02:46:58.611	0.93424	0.93432			6
2025.07.03	02:46:58.933		0.93434			4
2025.07.03	02:46:59.606	0.93427	0.93436			6
2025.07.03	02:46:59.933	0.93426	0.93437			6
2025.07.03	02:47:00.244	0.93426				2
2025.07.03	02:47:02.987		0.93438			4
2025.07.03	02:47:03.292	0.93429				2
2025.07.03	02:47:03.631	0.93428	0.93439			6
2025.07.03	02:47:04.011	0.93427				2
2025.07.03	02:47:04.462		0.93438			4
2025.07.03	02:47:14.096	0.93425	0.93435			6
2025.07.03	02:47:20.247	0.93426				2
2025.07.03	02:47:23.390	0.93424				2
2025.07.03	02:47:25.535		0.93434			4
2025.07.03	02:47:26.151		0.93435			4
2025.07.03	02:47:28.246		0.93434			4
2025.07.03	02:47:29.290		0.93435			4
2025.07.03	02:47:33.466		0.93434			4
2025.07.03	02:47:35.557	0.93426	0.93437			6
2025.07.03	02:47:42.863	0.93425				2
2025.07.03	02:47:43.167		0.93436			4
2025.07.03	02:47:48.049		0.93435			4
2025.07.03	02:47:58.128	0.93422	0.93432			6
2025.07.03	02:47:58.461		0.93430			4
2025.07.03	02:48:00.466	0.93422				2
2025.07.03	02:48:02.320		0.93431			4
2025.07.03	02:48:17.921		0.93432			4
2025.07.03	02:48:19.305		0.93431			4
2025.07.03	02:48:20.140	0.93421				2
2025.07.03	02:48:20.678	0.93422	0.93430			6
2025.07.03	02:48:21.706	0.93421	0.93431			6
2025.07.03	02:48:24.378	0.93422				2
2025.07.03	02:48:24.686		0.93430			4
2025.07.03	02:48:29.339		0.93431			4
2025.07.03	02:48:30.095		0.93430			4
2025.07.03	02:48:41.901		0.93431			4
2025.07.03	02:48:42.557	0.93420	0.93429			6
2025.07.03	02:48:50.722		0.93430			4
2025.07.03	02:48:51.649	0.93421	0.93429			6
2025.07.03	02:48:53.174	0.93420				2
2025.07.03	02:48:54.317	0.93419	0.93431			6
2025.07.03	02:48:56.814	0.93420	0.93429			6
2025.07.03	02:48:58.177	0.93419				2
2025.07.03	02:48:59.382	0.93420	0.93428			6
2025.07.03	02:49:00.403	0.93421	0.93430			6
2025.07.03	02:49:01.274	0.93422	0.93431			6
2025.07.03	02:49:01.595	0.93423				2
2025.07.03	02:49:03.438	0.93422	0.93434			6
2025.07.03	02:49:05.326		0.93433			4
2025.07.03	02:49:20.208	0.93423				2
2025.07.03	02:49:27.311	0.93421	0.93430			6
2025.07.03	02:49:28.806	0.93422	0.93431			6
2025.07.03	02:49:30.188	0.93421	0.93432			6
2025.07.03	02:49:32.389	0.93422	0.93431			6
2025.07.03	02:49:33.481	0.93421	0.93430			6
2025.07.03	02:49:34.953	0.93422	0.93431			6
2025.07.03	02:49:40.782	0.93421				2
2025.07.03	02:49:42.511		0.93432			4
2025.07.03	02:49:43.349	0.93420				2
2025.07.03	02:49:45.184	0.93417	0.93426			6
2025.07.03	02:49:45.524	0.93416	0.93425			6
2025.07.03	02:49:45.826		0.93426			4
2025.07.03	02:49:46.139		0.93427			4
2025.07.03	02:49:47.950	0.93417	0.93426			6
2025.07.03	02:49:49.690	0.93416	0.93427			6
2025.07.03	02:49:50.624	0.93418				2
2025.07.03	02:49:51.044		0.93429			4
2025.07.03	02:49:52.210		0.93427			4
2025.07.03	02:49:53.146	0.93417	0.93428			6
2025.07.03	02:49:55.228	0.93418	0.93427			6
2025.07.03	02:49:57.791	0.93417	0.93428			6
2025.07.03	02:50:00.587	0.93417				2
2025.07.03	02:50:01.126	0.93418				2
2025.07.03	02:50:02.629		0.93427			4
2025.07.03	02:50:07.171		0.93428			4
2025.07.03	02:50:09.928		0.93427			4
2025.07.03	02:50:16.395	0.93417				2
2025.07.03	02:50:19.289	0.93418				2
2025.07.03	02:50:19.710		0.93429			4
2025.07.03	02:50:21.534	0.93419	0.93427			6
2025.07.03	02:50:26.329		0.93428			4
2025.07.03	02:50:34.259	0.93418				2
2025.07.03	02:50:34.562		0.93429			4
2025.07.03	02:50:53.214	0.93419	0.93428			6
2025.07.03	02:50:56.913	0.93418	0.93429			6
2025.07.03	02:50:57.287	0.93419	0.93428			6
2025.07.03	02:50:59.357		0.93430			4
2025.07.03	02:51:00.368	0.93421	0.93432			6
2025.07.03	02:51:07.832	0.93422	0.93431			6
2025.07.03	02:51:08.886	0.93423	0.93434			6
2025.07.03	02:51:10.481		0.93435			4
2025.07.03	02:51:15.097	0.93424	0.93434			6
2025.07.03	02:51:16.654	0.93423	0.93435			6
2025.07.03	02:51:18.268	0.93424	0.93434			6
2025.07.03	02:51:19.511		0.93435			4
2025.07.03	02:51:21.109		0.93433			4
2025.07.03	02:51:24.446	0.93423	0.93432			6
2025.07.03	02:51:25.469		0.93433			4
2025.07.03	02:51:29.086	0.93424	0.93434			6
2025.07.03	02:51:34.129		0.93433			4
2025.07.03	02:51:37.062	0.93425	0.93436			6
2025.07.03	02:51:37.480	0.93424				2
2025.07.03	02:51:43.385	0.93423	0.93432			6
2025.07.03	02:51:45.114		0.93433			4
2025.07.03	02:51:46.098		0.93432			4
2025.07.03	02:52:00.347	0.93423				2
2025.07.03	02:52:08.081	0.93422				2
2025.07.03	02:52:12.398	0.93423				2
2025.07.03	02:52:13.379	0.93422	0.93431			6
2025.07.03	02:52:15.012		0.93432			4
2025.07.03	02:52:19.654		0.93431			4
2025.07.03	02:52:23.962	0.93421	0.93432			6
2025.07.03	02:52:24.323	0.93422	0.93431			6
2025.07.03	02:52:25.171	0.93421	0.93432			6
2025.07.03	02:52:30.909	0.93423				2
2025.07.03	02:52:33.037	0.93422				2
2025.07.03	02:52:43.689		0.93431			4
2025.07.03	02:52:44.927	0.93421	0.93432			6
2025.07.03	02:52:48.450	0.93422	0.93431			6
2025.07.03	02:52:50.643		0.93433			4
2025.07.03	02:52:52.761	0.93423				2
2025.07.03	02:52:54.060	0.93422				2
2025.07.03	02:52:59.921	0.93423	0.93432			6
2025.07.03	02:53:00.230	0.93423				2
2025.07.03	02:53:01.308	0.93422	0.93433			6
2025.07.03	02:53:03.509		0.93432			4
2025.07.03	02:53:11.466		0.93431			4
2025.07.03	02:53:24.214		0.93432			4
2025.07.03	02:53:31.885	0.93421				2
2025.07.03	02:53:32.269	0.93422	0.93431			6
2025.07.03	02:53:33.328		0.93432			4
2025.07.03	02:53:39.406	0.93421				2
2025.07.03	02:53:40.166		0.93431			4
2025.07.03	02:53:41.485	0.93422	0.93432			6
2025.07.03	02:53:42.236	0.93423				2
2025.07.03	02:53:42.554	0.93422				2
2025.07.03	02:53:58.550	0.93424	0.93435			6
2025.07.03	02:54:00.000	0.93424				2
2025.07.03	02:54:00.314	0.93423	0.93433			6
2025.07.03	02:54:02.462		0.93434			4
2025.07.03	02:54:03.583		0.93435			4
2025.07.03	02:54:03.908	0.93424	0.93434			6
2025.07.03	02:54:06.668	0.93423				2
2025.07.03	02:54:09.276	0.93424				2
2025.07.03	02:54:12.978	0.93425				2
2025.07.03	02:54:19.429	0.93422	0.93431			6
2025.07.03	02:54:20.765	0.93420				2
2025.07.03	02:54:27.277	0.93419	0.93432			6
2025.07.03	02:54:28.350	0.93421				2
2025.07.03	02:54:29.725	0.93422				2
2025.07.03	02:54:31.009	0.93421				2
2025.07.03	02:54:32.219		0.93433			4
2025.07.03	02:54:35.501	0.93424				2
2025.07.03	02:54:36.470	0.93422				2
2025.07.03	02:54:36.970	0.93424	0.93434			6
2025.07.03	02:54:42.583		0.93433			4
2025.07.03	02:54:51.348	0.93422	0.93434			6
2025.07.03	02:55:00.431	0.93422	0.93433			6
2025.07.03	02:55:00.931	0.93421				2
2025.07.03	02:55:01.432	0.93423	0.93434			6
2025.07.03	02:55:22.229	0.93422	0.93432			6
2025.07.03	02:55:23.221		0.93433			4
2025.07.03	02:55:24.120		0.93432			4
2025.07.03	02:55:24.447	0.93421	0.93433			6
2025.07.03	02:55:29.470	0.93422				2
2025.07.03	02:55:33.974	0.93423				2
2025.07.03	02:55:38.256	0.93422				2
2025.07.03	02:55:39.472		0.93432			4
2025.07.03	02:55:39.935		0.93433			4
2025.07.03	02:55:41.176	0.93423				2
2025.07.03	02:55:41.504	0.93420	0.93431			6
2025.07.03	02:55:41.838	0.93419	0.93432			6
2025.07.03	02:55:42.979	0.93421				2
2025.07.03	02:55:43.410	0.93423	0.93433			6
2025.07.03	02:55:44.971	0.93424	0.93434			6
2025.07.03	02:55:46.970		0.93433			4
2025.07.03	02:55:47.349	0.93423				2
2025.07.03	02:55:47.740	0.93425	0.93434			6
2025.07.03	02:55:49.450	0.93424				2
2025.07.03	02:55:51.525	0.93423	0.93433			6
2025.07.03	02:55:54.996	0.93424	0.93436			6
2025.07.03	02:55:55.309	0.93426				2
2025.07.03	02:55:55.679	0.93427				2
2025.07.03	02:56:00.483	0.93427				2
2025.07.03	02:56:04.252	0.93426				2
2025.07.03	02:56:04.563	0.93422	0.93431			6
2025.07.03	02:56:05.182	0.93421	0.93430			6
2025.07.03	02:56:07.576	0.93422				2
2025.07.03	02:56:12.345		0.93431			4
2025.07.03	02:56:14.222	0.93421	0.93430			6
2025.07.03	02:56:14.557		0.93431			4
2025.07.03	02:56:14.971	0.93422	0.93430			6
2025.07.03	02:56:15.280	0.93421				2
2025.07.03	02:56:16.284	0.93420	0.93429			6
2025.07.03	02:56:17.425	0.93421	0.93430			6
2025.07.03	02:56:18.175		0.93429			4
2025.07.03	02:56:19.609	0.93419				2
2025.07.03	02:56:21.249		0.93428			4
2025.07.03	02:56:21.606	0.93418				2
2025.07.03	02:56:28.110	0.93417	0.93427			6
2025.07.03	02:56:28.733	0.93418				2
2025.07.03	02:56:31.982	0.93417	0.93428			6
2025.07.03	02:56:33.019	0.93418	0.93427			6
2025.07.03	02:56:34.114	0.93417				2
2025.07.03	02:56:35.737	0.93418				2
2025.07.03	02:56:37.161	0.93417				2
2025.07.03	02:56:38.718		0.93428			4
2025.07.03	02:56:39.026	0.93419				2
2025.07.03	02:56:39.432	0.93420				2
2025.07.03	02:56:40.221	0.93419				2
2025.07.03	02:56:42.177	0.93418				2
2025.07.03	02:56:42.478	0.93417				2
2025.07.03	02:56:43.468	0.93418				2
2025.07.03	02:56:43.969	0.93417				2
2025.07.03	02:56:44.721	0.93418				2
2025.07.03	02:56:45.968	0.93419				2
2025.07.03	02:56:46.972	0.93418				2
2025.07.03	02:56:47.408	0.93419				2
2025.07.03	02:56:53.712	0.93418				2
2025.07.03	02:56:54.177	0.93419				2
2025.07.03	02:56:54.923	0.93417				2
2025.07.03	02:56:55.227	0.93418	0.93427			6
2025.07.03	02:56:55.537	0.93419				2
2025.07.03	02:56:55.943	0.93418	0.93428			6
2025.07.03	02:56:56.998	0.93419				2
2025.07.03	02:56:58.672		0.93429			4
2025.07.03	02:56:59.325	0.93420				2
2025.07.03	02:56:59.645	0.93419	0.93428			6
2025.07.03	02:57:00.343	0.93418	0.93427			6
2025.07.03	02:57:00.705	0.93419	0.93428			6
2025.07.03	02:57:01.450		0.93429			4
2025.07.03	02:57:01.900		0.93428			4
2025.07.03	02:57:02.536		0.93429			4
2025.07.03	02:57:02.972		0.93428			4
2025.07.03	02:57:03.407		0.93429			4
2025.07.03	02:57:04.985		0.93428			4
2025.07.03	02:57:05.378		0.93429			4
2025.07.03	02:57:07.846		0.93428			4
2025.07.03	02:57:08.836		0.93429			4
2025.07.03	02:57:09.152		0.93428			4
2025.07.03	02:57:09.989	0.93418	0.93427			6
2025.07.03	02:57:10.290		0.93428			4
2025.07.03	02:57:10.720	0.93419				2
2025.07.03	02:57:12.972	0.93418				2
2025.07.03	02:57:13.508	0.93419				2
2025.07.03	02:57:15.815	0.93418	0.93427			6
2025.07.03	02:57:20.774	0.93419				2
2025.07.03	02:57:22.102	0.93418				2
2025.07.03	02:57:22.720	0.93419				2
2025.07.03	02:57:23.220	0.93418				2
2025.07.03	02:57:23.535	0.93419				2
2025.07.03	02:57:23.851	0.93420				2
2025.07.03	02:57:24.190	0.93419				2
2025.07.03	02:57:30.420	0.93420	0.93428			6
2025.07.03	02:57:31.839	0.93418	0.93427			6
2025.07.03	02:57:32.177	0.93417				2
2025.07.03	02:57:32.484	0.93418	0.93428			6
2025.07.03	02:57:33.632		0.93427			4
2025.07.03	02:57:33.972		0.93428			4
2025.07.03	02:57:34.393	0.93417	0.93427			6
2025.07.03	02:57:35.427	0.93418	0.93428			6
2025.07.03	02:57:36.223		0.93427			4
2025.07.03	02:57:36.569	0.93417	0.93426			6
2025.07.03	02:57:36.976		0.93427			4
2025.07.03	02:57:37.318	0.93418				2
2025.07.03	02:57:37.649		0.93426			4
2025.07.03	02:57:38.356	0.93420	0.93428			6
2025.07.03	02:57:40.427	0.93419				2
2025.07.03	02:57:41.963	0.93420				2
2025.07.03	02:57:42.324	0.93419				2
2025.07.03	02:57:43.026	0.93420				2
2025.07.03	02:57:43.468	0.93419				2
2025.07.03	02:57:45.220	0.93418				2
2025.07.03	02:57:46.058	0.93419				2
2025.07.03	02:57:47.720	0.93418	0.93427			6
2025.07.03	02:57:48.561	0.93417				2
2025.07.03	02:57:49.181	0.93418				2
2025.07.03	02:57:50.517	0.93419				2
2025.07.03	02:57:51.176		0.93428			4
2025.07.03	02:57:51.587	0.93418	0.93427			6
2025.07.03	02:57:56.482	0.93419				2
2025.07.03	02:57:56.816	0.93418				2
2025.07.03	02:57:57.478	0.93419	0.93428			6
2025.07.03	02:57:58.954	0.93418	0.93427			6
2025.07.03	02:57:59.445	0.93419	0.93428			6
2025.07.03	02:58:00.353	0.93419				2
2025.07.03	02:58:00.672		0.93427			4
2025.07.03	02:58:01.427	0.93418	0.93428			6
2025.07.03	02:58:01.929	0.93419				2
2025.07.03	02:58:02.269	0.93420				2
2025.07.03	02:58:03.246	0.93419				2
2025.07.03	02:58:04.472		0.93429			4
2025.07.03	02:58:04.886		0.93428			4
2025.07.03	02:58:05.199	0.93418	0.93427			6
2025.07.03	02:58:05.583	0.93419	0.93428			6
2025.07.03	02:58:05.934		0.93427			4
2025.07.03	02:58:06.440	0.93418				2
2025.07.03	02:58:07.457		0.93428			4
2025.07.03	02:58:09.540	0.93419	0.93427			6
2025.07.03	02:58:11.435	0.93418				2
2025.07.03	02:58:14.228	0.93416				2
2025.07.03	02:58:14.945	0.93417				2
2025.07.03	02:58:15.712		0.93428			4
2025.07.03	02:58:16.221		0.93427			4
2025.07.03	02:58:17.795		0.93428			4
2025.07.03	02:58:24.448		0.93427			4
2025.07.03	02:58:26.086		0.93428			4
2025.07.03	02:58:30.404	0.93418	0.93427			6
2025.07.03	02:58:31.432	0.93417	0.93428			6
2025.07.03	02:58:34.469		0.93427			4
2025.07.03	02:58:35.780		0.93428			4
2025.07.03	02:58:36.109		0.93427			4
2025.07.03	02:58:36.471		0.93428			4
