<DATE>	<TIME>	<BID>	<ASK>	<LAST>	<VOLUME>	<FLAGS>
2025.08.11	00:03:31.346	0.93993	0.94177			6
2025.08.11	00:04:08.388	0.93993				2
2025.08.11	00:04:40.328		0.94177			4
2025.08.11	00:05:01.197	0.93993				2
2025.08.11	00:05:50.327		0.94177			4
2025.08.11	00:05:51.962	0.93926	0.94150			6
2025.08.11	00:06:01.197	0.93926				2
2025.08.11	00:07:09.446	0.93926	0.94061			6
2025.08.11	00:07:14.699		0.94150			4
2025.08.11	00:07:30.181		0.94061			4
2025.08.11	00:08:05.552	0.93934				2
2025.08.11	00:08:30.326		0.94061			4
2025.08.11	00:08:50.809	0.93937				2
2025.08.11	00:09:11.203	0.93937				2
2025.08.11	00:09:30.184		0.94063			4
2025.08.11	00:09:44.671		0.94023			4
2025.08.11	00:10:00.421	0.93937				2
2025.08.11	00:10:44.983		0.94023			4
2025.08.11	00:10:57.941	0.93953	0.94030			6
2025.08.11	00:11:00.879	0.93953				2
2025.08.11	00:11:03.309	0.93955	0.94158			6
2025.08.11	00:11:03.609	0.93953				2
2025.08.11	00:12:00.279	0.93953				2
2025.08.11	00:12:03.882		0.94158			4
2025.08.11	00:12:11.808	0.93947				2
2025.08.11	00:12:15.213	0.93969	0.94160			6
2025.08.11	00:12:42.169	0.93974	0.94162			6
2025.08.11	00:12:57.506		0.94154			4
2025.08.11	00:13:00.288	0.93974				2
2025.08.11	00:13:40.457	0.93977				2
2025.08.11	00:13:46.634	0.93975				2
2025.08.11	00:13:52.508		0.94150			4
2025.08.11	00:14:00.577	0.93975				2
2025.08.11	00:14:26.980	0.93967				2
2025.08.11	00:14:35.435	0.93970				2
2025.08.11	00:14:52.779		0.94150			4
2025.08.11	00:15:00.251	0.93970				2
2025.08.11	00:15:52.448	0.93972				2
2025.08.11	00:15:53.602		0.94150			4
2025.08.11	00:16:00.253	0.93972				2
2025.08.11	00:16:55.484		0.94150			4
2025.08.11	00:17:01.180	0.93972				2
2025.08.11	00:17:56.939		0.94150			4
2025.08.11	00:18:02.448	0.93972				2
2025.08.11	00:19:00.794	0.93972	0.94150			6
2025.08.11	00:20:03.879	0.93972	0.94150			6
2025.08.11	00:20:44.587	0.93930				2
2025.08.11	00:20:55.433	0.93939				2
2025.08.11	00:20:58.438	0.93924				2
2025.08.11	00:21:00.797	0.93924				2
2025.08.11	00:21:06.280		0.94150			4
2025.08.11	00:21:29.344	0.93945				2
2025.08.11	00:21:29.676	0.93947				2
2025.08.11	00:21:31.778	0.93951				2
2025.08.11	00:21:39.586		0.94151			4
2025.08.11	00:21:44.587		0.94160			4
2025.08.11	00:22:00.328	0.93951				2
2025.08.11	00:22:34.360		0.94150			4
2025.08.11	00:22:43.140	0.93987	0.94160			6
2025.08.11	00:22:46.820	0.93951	0.94150			6
2025.08.11	00:23:00.285	0.93951				2
2025.08.11	00:23:46.826		0.94150			4
2025.08.11	00:24:01.478	0.93951				2
2025.08.11	00:24:50.902		0.94150			4
2025.08.11	00:24:55.292	0.93966				2
2025.08.11	00:24:58.319	0.93951				2
2025.08.11	00:25:00.752	0.93951				2
2025.08.11	00:25:37.293	0.93962				2
2025.08.11	00:25:51.879		0.94150			4
2025.08.11	00:26:00.325	0.93962				2
2025.08.11	00:26:26.828		0.94155			4
2025.08.11	00:27:00.280	0.93962				2
2025.08.11	00:27:21.824		0.94150			4
2025.08.11	00:28:00.323	0.93962				2
2025.08.11	00:28:24.585		0.94150			4
2025.08.11	00:29:00.876	0.93962				2
2025.08.11	00:29:24.620		0.94150			4
2025.08.11	00:30:00.312	0.93962				2
2025.08.11	00:30:06.829		0.94143			4
2025.08.11	00:30:42.249	0.93979	0.94156			6
2025.08.11	00:31:00.098	0.93979				2
2025.08.11	00:31:42.400		0.94156			4
2025.08.11	00:31:46.900	0.93990	0.94151			6
2025.08.11	00:31:47.395	0.93964	0.94162			6
2025.08.11	00:31:47.855	0.93962				2
2025.08.11	00:31:53.906	0.93986	0.94175			6
2025.08.11	00:32:00.278	0.93986				2
2025.08.11	00:32:01.020	0.93995	0.94174			6
2025.08.11	00:32:01.394		0.94168			4
2025.08.11	00:32:06.401	0.93981	0.94150			6
2025.08.11	00:32:06.902	0.93980	0.94165			6
2025.08.11	00:32:07.248	0.93962	0.94169			6
2025.08.11	00:32:07.595		0.94167			4
2025.08.11	00:32:07.904	0.93968	0.94171			6
2025.08.11	00:32:08.328	0.93963	0.94170			6
2025.08.11	00:32:08.634	0.93994	0.94166			6
2025.08.11	00:32:42.873	0.94007	0.94150			6
2025.08.11	00:32:43.400	0.93962				2
2025.08.11	00:32:48.902	0.93986	0.94175			6
2025.08.11	00:32:49.404	0.93987	0.94169			6
2025.08.11	00:33:03.279	0.93987				2
2025.08.11	00:33:41.424	0.94001	0.94151			6
2025.08.11	00:33:41.726	0.93995	0.94155			6
2025.08.11	00:33:42.104	0.93979	0.94152			6
2025.08.11	00:33:42.461	0.93995	0.94158			6
2025.08.11	00:33:43.102	0.93978				2
2025.08.11	00:33:43.504	0.93990	0.94150			6
2025.08.11	00:33:43.821	0.93991	0.94182			6
2025.08.11	00:33:44.378	0.93986	0.94150			6
2025.08.11	00:33:44.957	0.93994	0.94188			6
2025.08.11	00:33:45.423	0.93976	0.94150			6
2025.08.11	00:33:46.308	0.93978				2
2025.08.11	00:33:46.629	0.93977				2
2025.08.11	00:33:49.356	0.93990	0.94180			6
2025.08.11	00:33:59.097	0.94009	0.94150			6
2025.08.11	00:33:59.601	0.93986				2
2025.08.11	00:33:59.950	0.93997	0.94158			6
2025.08.11	00:34:01.480	0.93997				2
2025.08.11	00:34:10.016	0.93985	0.94190			6
2025.08.11	00:34:10.454	0.93997	0.94164			6
2025.08.11	00:34:13.574	0.93999	0.94158			6
2025.08.11	00:34:13.880	0.94009	0.94159			6
2025.08.11	00:34:14.357	0.93990	0.94166			6
2025.08.11	00:34:14.785	0.94010	0.94155			6
2025.08.11	00:34:15.168	0.93988	0.94151			6
2025.08.11	00:34:15.486	0.94001	0.94159			6
2025.08.11	00:34:15.809	0.93997				2
2025.08.11	00:34:16.207	0.94002				2
2025.08.11	00:34:16.521	0.93986	0.94152			6
2025.08.11	00:34:16.849	0.93999	0.94151			6
2025.08.11	00:34:17.208	0.93976	0.94153			6
2025.08.11	00:34:17.519	0.93991	0.94151			6
2025.08.11	00:34:21.520	0.93994	0.94146			6
2025.08.11	00:34:26.407	0.93975	0.94151			6
2025.08.11	00:34:26.905	0.93993	0.94144			6
2025.08.11	00:34:27.402	0.93975	0.94150			6
2025.08.11	00:34:27.884	0.93993	0.94144			6
2025.08.11	00:34:28.403	0.93973	0.94148			6
2025.08.11	00:34:28.902	0.93993	0.94144			6
2025.08.11	00:34:29.382	0.93971	0.94148			6
2025.08.11	00:34:29.904	0.93992	0.94143			6
2025.08.11	00:34:30.408	0.93971	0.94148			6
2025.08.11	00:34:30.886	0.93991	0.94142			6
2025.08.11	00:34:31.404	0.93972	0.94148			6
2025.08.11	00:34:31.903	0.93991	0.94143			6
2025.08.11	00:34:32.402	0.93973	0.94148			6
2025.08.11	00:34:32.903	0.93992	0.94143			6
2025.08.11	00:34:33.403	0.93974	0.94148			6
2025.08.11	00:34:33.787	0.93972				2
2025.08.11	00:34:34.405	0.93994	0.94144			6
2025.08.11	00:34:34.777	0.93985	0.94145			6
2025.08.11	00:34:35.334	0.93989				2
2025.08.11	00:34:40.326	0.93995	0.94144			6
2025.08.11	00:34:40.778	0.93981	0.94166			6
2025.08.11	00:34:41.321	0.93994	0.94157			6
2025.08.11	00:34:46.605	0.93980	0.94150			6
2025.08.11	00:34:47.034	0.93991				2
2025.08.11	00:34:47.594	0.94007				2
2025.08.11	00:34:48.041	0.93991				2
2025.08.11	00:34:48.352	0.93997	0.94149			6
2025.08.11	00:34:48.732	0.93975	0.94151			6
2025.08.11	00:34:49.092	0.93993	0.94149			6
2025.08.11	00:34:50.238	0.93977	0.94151			6
2025.08.11	00:34:50.716	0.93995	0.94146			6
2025.08.11	00:34:51.240	0.93975	0.94151			6
2025.08.11	00:34:51.578	0.93992	0.94149			6
2025.08.11	00:34:56.053	0.93978	0.94159			6
2025.08.11	00:34:56.396	0.93983	0.94152			6
2025.08.11	00:34:57.053	0.94004	0.94149			6
2025.08.11	00:34:57.485	0.93984	0.94150			6
2025.08.11	00:34:58.049	0.93982				2
2025.08.11	00:34:58.574	0.94001	0.94149			6
2025.08.11	00:35:00.586	0.94001				2
2025.08.11	00:35:03.349	0.94010	0.94150			6
2025.08.11	00:35:03.904	0.94002				2
2025.08.11	00:35:04.267	0.94004				2
2025.08.11	00:35:04.576	0.93989				2
2025.08.11	00:35:04.886	0.94000				2
2025.08.11	00:35:05.273	0.93989				2
2025.08.11	00:35:05.679	0.93998	0.94149			6
2025.08.11	00:35:06.266	0.93990	0.94150			6
2025.08.11	00:35:06.600	0.93999				2
2025.08.11	00:35:06.991	0.93989				2
2025.08.11	00:35:08.275	0.93996	0.94147			6
2025.08.11	00:35:08.769	0.93989	0.94150			6
2025.08.11	00:35:09.266	0.93997	0.94148			6
2025.08.11	00:35:09.771	0.93989	0.94150			6
2025.08.11	00:35:10.266	0.93997	0.94149			6
2025.08.11	00:35:10.775	0.93990	0.94150			6
2025.08.11	00:35:12.581	0.93997	0.94148			6
2025.08.11	00:35:13.272	0.93989	0.94150			6
2025.08.11	00:35:13.769	0.93997	0.94149			6
2025.08.11	00:35:14.271	0.93989	0.94150			6
2025.08.11	00:35:14.770	0.93997	0.94149			6
2025.08.11	00:35:15.272	0.93986	0.94150			6
2025.08.11	00:35:15.768	0.93998				2
2025.08.11	00:35:16.266	0.93983				2
2025.08.11	00:35:16.619	0.93998				2
2025.08.11	00:35:17.271	0.93985				2
2025.08.11	00:35:17.768	0.93997	0.94149			6
2025.08.11	00:35:18.267	0.93983	0.94150			6
2025.08.11	00:35:18.768	0.93999				2
2025.08.11	00:35:19.269	0.93990				2
2025.08.11	00:35:19.772	0.93998				2
2025.08.11	00:35:20.273	0.93990				2
2025.08.11	00:35:20.773	0.93998				2
2025.08.11	00:35:21.279	0.93983				2
2025.08.11	00:35:21.768	0.93985				2
2025.08.11	00:35:22.498	0.93991				2
2025.08.11	00:35:22.869	0.93983				2
2025.08.11	00:35:23.267	0.93985				2
2025.08.11	00:35:24.001	0.93991				2
2025.08.11	00:35:24.365	0.93983				2
2025.08.11	00:35:24.767	0.93986				2
2025.08.11	00:35:25.090	0.93982				2
2025.08.11	00:35:25.492	0.93991				2
2025.08.11	00:35:25.870	0.93984				2
2025.08.11	00:35:26.266	0.93986				2
2025.08.11	00:35:26.595	0.93982				2
2025.08.11	00:35:26.997	0.93987				2
2025.08.11	00:35:27.372	0.93983				2
2025.08.11	00:35:27.766	0.93986				2
2025.08.11	00:35:28.103	0.93982				2
2025.08.11	00:35:28.495	0.93990				2
2025.08.11	00:35:29.078	0.93997				2
2025.08.11	00:35:29.496	0.93990				2
2025.08.11	00:35:31.498	0.93995				2
2025.08.11	00:35:33.898	0.93990	0.94147			6
2025.08.11	00:35:34.494	0.93994	0.94146			6
2025.08.11	00:35:35.273		0.94150			4
2025.08.11	00:35:35.629	0.93993				2
2025.08.11	00:35:36.126	0.93992				2
2025.08.11	00:36:00.278	0.93992				2
2025.08.11	00:36:06.186	0.93993				2
2025.08.11	00:36:06.501	0.93992				2
2025.08.11	00:36:08.940	0.93994				2
2025.08.11	00:36:10.090	0.93992				2
2025.08.11	00:36:10.655	0.93993				2
2025.08.11	00:36:11.658	0.93992				2
2025.08.11	00:36:15.750	0.93995				2
2025.08.11	00:36:16.178	0.93992				2
2025.08.11	00:36:27.357	0.93991				2
2025.08.11	00:36:27.886	0.93984				2
2025.08.11	00:36:28.360	0.93986				2
2025.08.11	00:36:28.888	0.93988				2
2025.08.11	00:36:29.384	0.93983				2
2025.08.11	00:36:29.795	0.93984				2
2025.08.11	00:36:30.417	0.93983				2
2025.08.11	00:36:31.049	0.93982				2
2025.08.11	00:36:35.888	0.93987	0.94150			6
2025.08.11	00:36:37.683	0.93985				2
2025.08.11	00:36:38.256	0.93986				2
2025.08.11	00:36:39.665	0.93987				2
2025.08.11	00:36:40.293	0.93985				2
2025.08.11	00:36:41.783	0.93983				2
2025.08.11	00:36:45.152	0.93988				2
2025.08.11	00:36:45.460	0.93985				2
2025.08.11	00:36:45.789	0.93988				2
2025.08.11	00:36:46.108	0.93984				2
2025.08.11	00:36:48.956	0.93983				2
2025.08.11	00:36:51.406	0.93986				2
2025.08.11	00:36:53.321	0.93984				2
2025.08.11	00:36:53.853	0.93987	0.94151			6
2025.08.11	00:36:54.189	0.93984				2
2025.08.11	00:36:55.229	0.93985				2
2025.08.11	00:36:55.663	0.93983				2
2025.08.11	00:36:57.753	0.93986				2
2025.08.11	00:36:58.789	0.93983				2
2025.08.11	00:36:59.327	0.93990				2
2025.08.11	00:36:59.919	0.93988				2
2025.08.11	00:37:00.297	0.93987				2
2025.08.11	00:37:01.089	0.93986				2
2025.08.11	00:37:03.141	0.93990				2
2025.08.11	00:37:33.148	0.93987				2
2025.08.11	00:37:34.351	0.93990				2
2025.08.11	00:37:34.674	0.93988				2
2025.08.11	00:37:35.417	0.93987				2
2025.08.11	00:37:35.978	0.93988				2
2025.08.11	00:37:39.265	0.93989				2
2025.08.11	00:37:44.281	0.93990				2
2025.08.11	00:37:44.857	0.93989				2
2025.08.11	00:37:46.478	0.93986				2
2025.08.11	00:37:48.781	0.93990	0.94150			6
2025.08.11	00:37:49.356	0.93987				2
2025.08.11	00:38:00.067	0.93986				2
2025.08.11	00:38:02.253	0.93985				2
2025.08.11	00:38:04.652	0.93986				2
2025.08.11	00:38:05.041	0.93999				2
2025.08.11	00:38:05.386	0.93989				2
2025.08.11	00:38:05.758	0.93997				2
2025.08.11	00:38:06.577	0.93998				2
2025.08.11	00:38:08.250	0.93991				2
2025.08.11	00:38:12.073	0.93994				2
2025.08.11	00:38:14.586	0.93991				2
2025.08.11	00:38:15.947	0.93996				2
2025.08.11	00:38:17.857	0.93989				2
2025.08.11	00:38:20.660	0.93991				2
2025.08.11	00:38:23.104	0.93995				2
2025.08.11	00:38:24.578	0.93992				2
2025.08.11	00:38:25.666	0.93993				2
2025.08.11	00:38:26.172	0.93992				2
2025.08.11	00:38:27.781	0.93996				2
2025.08.11	00:38:28.201	0.93993				2
2025.08.11	00:38:29.045	0.93996				2
2025.08.11	00:38:29.953	0.93992				2
2025.08.11	00:38:30.578	0.93993				2
2025.08.11	00:38:31.682	0.93996				2
2025.08.11	00:38:32.801	0.93998				2
2025.08.11	00:38:33.198	0.94001				2
2025.08.11	00:38:34.394	0.93996				2
2025.08.11	00:38:34.697	0.93998				2
2025.08.11	00:38:35.423	0.93997				2
2025.08.11	00:38:35.951	0.93993				2
2025.08.11	00:38:36.419	0.93996				2
2025.08.11	00:38:36.990	0.93993				2
2025.08.11	00:38:37.324	0.93996				2
2025.08.11	00:38:42.182	0.93993				2
2025.08.11	00:38:43.985	0.93996				2
2025.08.11	00:38:45.793	0.93994				2
2025.08.11	00:38:47.884	0.93995				2
2025.08.11	00:38:48.454	0.93993				2
2025.08.11	00:38:48.812	0.93989	0.94150			6
2025.08.11	00:38:51.197	0.93997				2
2025.08.11	00:38:53.388	0.93998				2
2025.08.11	00:38:59.679	0.93997				2
2025.08.11	00:39:00.324	0.93997				2
2025.08.11	00:39:01.222	0.93994				2
2025.08.11	00:39:02.544	0.93991				2
2025.08.11	00:39:03.483	0.93996				2
2025.08.11	00:39:10.383	0.94002				2
2025.08.11	00:39:12.583	0.93994				2
2025.08.11	00:39:14.858	0.94001				2
2025.08.11	00:39:16.839	0.94002				2
2025.08.11	00:39:24.883	0.94001				2
2025.08.11	00:39:25.684	0.93995				2
2025.08.11	00:39:26.264	0.94001				2
2025.08.11	00:39:27.184	0.93998				2
2025.08.11	00:39:28.684	0.94001				2
2025.08.11	00:39:30.189	0.94005				2
2025.08.11	00:39:30.546	0.94006				2
2025.08.11	00:39:32.058	0.93997				2
2025.08.11	00:39:33.578	0.93999				2
2025.08.11	00:39:33.898	0.94001				2
2025.08.11	00:39:34.379	0.93996				2
2025.08.11	00:39:34.785	0.94003				2
2025.08.11	00:39:36.149	0.93996				2
2025.08.11	00:39:37.945	0.94003				2
2025.08.11	00:39:38.962	0.94000				2
2025.08.11	00:39:40.949	0.94003				2
2025.08.11	00:39:43.952	0.93996				2
2025.08.11	00:39:45.578	0.93991				2
2025.08.11	00:39:45.985	0.93992				2
2025.08.11	00:39:56.072	0.93991	0.94150			6
2025.08.11	00:40:09.579	0.93991				2
2025.08.11	00:40:11.201	0.93990				2
2025.08.11	00:40:31.179	0.93989				2
2025.08.11	00:40:39.283	0.93990				2
2025.08.11	00:40:39.631	0.93986				2
2025.08.11	00:40:40.256	0.93975	0.94157			6
2025.08.11	00:40:40.736	0.93973	0.94150			6
2025.08.11	00:40:51.237	0.93974				2
2025.08.11	00:40:55.266	0.93984	0.94157			6
2025.08.11	00:40:56.266	0.93986				2
2025.08.11	00:40:56.571	0.93980				2
2025.08.11	00:40:57.313	0.93969	0.94153			6
2025.08.11	00:40:57.768	0.93961				2
2025.08.11	00:40:58.273	0.93962				2
2025.08.11	00:41:00.325	0.93962				2
2025.08.11	00:41:04.137	0.93963				2
2025.08.11	00:41:09.395	0.93989	0.94157			6
2025.08.11	00:41:09.704	0.93972				2
2025.08.11	00:41:10.103	0.93979				2
2025.08.11	00:41:10.405	0.93976				2
2025.08.11	00:41:10.897	0.93980				2
2025.08.11	00:41:11.610	0.93981				2
2025.08.11	00:41:14.146	0.93984				2
2025.08.11	00:41:14.457	0.93982				2
2025.08.11	00:41:18.412	0.93980				2
2025.08.11	00:41:18.901	0.93982				2
2025.08.11	00:41:24.447	0.93989				2
2025.08.11	00:41:25.670	0.93988				2
2025.08.11	00:41:26.192	0.93987				2
2025.08.11	00:41:27.939	0.93976				2
2025.08.11	00:41:29.359	0.93979				2
2025.08.11	00:41:29.966	0.93974				2
2025.08.11	00:41:30.276	0.93979				2
2025.08.11	00:41:30.580	0.93972				2
2025.08.11	00:41:30.897	0.93975				2
2025.08.11	00:41:40.308	0.93981				2
2025.08.11	00:41:40.806	0.93980				2
2025.08.11	00:41:41.129	0.93990				2
2025.08.11	00:41:41.510	0.93980				2
2025.08.11	00:41:44.771	0.93993				2
2025.08.11	00:41:45.273	0.93984				2
2025.08.11	00:41:45.856	0.93986				2
2025.08.11	00:41:49.884	0.93979	0.94150			6
2025.08.11	00:42:00.191	0.93983				2
2025.08.11	00:42:00.889	0.93984				2
2025.08.11	00:42:03.284	0.93983				2
2025.08.11	00:42:04.961	0.93980				2
2025.08.11	00:42:06.880	0.93979				2
2025.08.11	00:42:14.999	0.93982				2
2025.08.11	00:42:19.962	0.93977				2
2025.08.11	00:42:20.601	0.93980				2
2025.08.11	00:42:31.275	0.93977				2
2025.08.11	00:42:31.776	0.93978				2
2025.08.11	00:42:41.428	0.93981				2
2025.08.11	00:42:46.273	0.93978				2
2025.08.11	00:42:50.329		0.94150			4
2025.08.11	00:42:56.636	0.93977				2
2025.08.11	00:42:56.937	0.93980				2
2025.08.11	00:42:57.250	0.93981				2
2025.08.11	00:42:57.558	0.93977				2
2025.08.11	00:42:57.865	0.93981				2
2025.08.11	00:42:58.639	0.93979				2
2025.08.11	00:42:59.141	0.93976				2
2025.08.11	00:42:59.641	0.93979				2
2025.08.11	00:43:00.141	0.93977				2
2025.08.11	00:43:10.011	0.93980				2
2025.08.11	00:43:15.145	0.93977				2
2025.08.11	00:43:25.466	0.93981				2
2025.08.11	00:43:27.577	0.93980				2
2025.08.11	00:43:30.142	0.93977				2
2025.08.11	00:43:32.379	0.93978				2
2025.08.11	00:43:35.939	0.93975				2
2025.08.11	00:43:45.140	0.93980				2
2025.08.11	00:43:55.489	0.93982	0.94150			6
2025.08.11	00:43:59.888	0.93979				2
2025.08.11	00:44:09.278	0.93979				2
2025.08.11	00:44:10.303	0.93982				2
2025.08.11	00:44:20.787	0.93975				2
2025.08.11	00:44:29.610	0.93982				2
2025.08.11	00:44:30.139	0.93979				2
2025.08.11	00:44:40.331	0.93982				2
2025.08.11	00:44:44.608	0.93983				2
2025.08.11	00:44:45.152	0.93980				2
2025.08.11	00:44:55.142	0.93982				2
2025.08.11	00:44:59.080		0.94150			4
2025.08.11	00:45:00.143	0.93979				2
2025.08.11	00:45:03.218	0.94012	0.94104			6
2025.08.11	00:45:05.413	0.94014	0.94107			6
2025.08.11	00:45:06.791	0.93975	0.94150			6
2025.08.11	00:45:10.041	0.93993	0.94132			6
2025.08.11	00:45:24.900	0.94004				2
2025.08.11	00:45:27.787	0.94002				2
2025.08.11	00:45:30.480	0.94000				2
2025.08.11	00:45:32.930	0.94005				2
2025.08.11	00:45:37.083	0.94003				2
2025.08.11	00:45:39.845	0.94004				2
2025.08.11	00:45:40.783	0.94005				2
2025.08.11	00:45:41.470	0.94003				2
2025.08.11	00:45:47.085	0.94006				2
2025.08.11	00:45:49.389	0.94002				2
2025.08.11	00:45:54.951	0.94000				2
2025.08.11	00:45:55.953	0.94006				2
2025.08.11	00:46:00.880	0.94006				2
2025.08.11	00:46:05.205	0.94002				2
2025.08.11	00:46:05.703	0.94001				2
2025.08.11	00:46:10.076	0.94000	0.94132			6
2025.08.11	00:46:11.161	0.94001				2
2025.08.11	00:46:11.631	0.94000				2
2025.08.11	00:46:19.521	0.94004				2
2025.08.11	00:46:20.705	0.94002				2
2025.08.11	00:46:24.180	0.94000				2
2025.08.11	00:46:26.115	0.94002				2
2025.08.11	00:46:32.572	0.93993				2
2025.08.11	00:46:33.174	0.93997				2
2025.08.11	00:46:37.745	0.93999				2
2025.08.11	00:46:39.578	0.94000				2
2025.08.11	00:46:42.989	0.94001				2
2025.08.11	00:47:01.307	0.94001				2
2025.08.11	00:47:03.231	0.94050	0.94097			6
2025.08.11	00:47:03.552	0.94051	0.94107			6
2025.08.11	00:47:03.922	0.94054				2
2025.08.11	00:47:05.780	0.94028	0.94103			6
2025.08.11	00:47:06.549	0.94025	0.94132			6
2025.08.11	00:47:07.248	0.93994				2
2025.08.11	00:47:09.669	0.93989				2
2025.08.11	00:47:10.325	0.93990				2
2025.08.11	00:47:10.674	0.93998	0.94162			6
2025.08.11	00:47:11.169	0.93979	0.94132			6
2025.08.11	00:47:11.497	0.93985				2
2025.08.11	00:47:12.634	0.93984				2
2025.08.11	00:47:26.186	0.93992	0.94161			6
2025.08.11	00:47:41.204	0.94006	0.94162			6
2025.08.11	00:47:41.706	0.93993				2
2025.08.11	00:47:42.207	0.93994				2
2025.08.11	00:47:42.584	0.94011	0.94164			6
2025.08.11	00:47:43.151	0.93976	0.94149			6
2025.08.11	00:47:44.007	0.93977				2
2025.08.11	00:47:44.469	0.93979				2
2025.08.11	00:47:45.497	0.93983				2
2025.08.11	00:47:46.019	0.93984				2
2025.08.11	00:47:52.404	0.93980				2
2025.08.11	00:47:57.340	0.94003	0.94161			6
2025.08.11	00:47:58.367	0.93996				2
2025.08.11	00:48:00.185	0.93996				2
2025.08.11	00:48:12.401	0.93998				2
2025.08.11	00:48:12.902	0.93997				2
2025.08.11	00:48:13.371	0.93995				2
2025.08.11	00:48:23.734	0.93998				2
2025.08.11	00:48:29.380	0.93997				2
2025.08.11	00:48:31.274	0.93995				2
2025.08.11	00:48:35.679	0.94003				2
2025.08.11	00:48:36.055	0.93992	0.94132			6
2025.08.11	00:48:38.378	0.93991				2
2025.08.11	00:48:46.554	0.93994				2
2025.08.11	00:48:46.977		0.94153			4
2025.08.11	00:48:48.198	0.93997				2
2025.08.11	00:48:48.698	0.93998				2
2025.08.11	00:48:50.386	0.93999				2
2025.08.11	00:48:51.357	0.93996				2
2025.08.11	00:49:01.365	0.93999				2
2025.08.11	00:49:06.354	0.93996				2
2025.08.11	00:49:11.504	0.93987				2
2025.08.11	00:49:15.759	0.93996				2
2025.08.11	00:49:20.855	0.93999				2
2025.08.11	00:49:21.358	0.93996				2
2025.08.11	00:49:31.393	0.94000				2
2025.08.11	00:49:31.971	0.93999				2
2025.08.11	00:49:36.280	0.94000				2
2025.08.11	00:49:50.858	0.94001	0.94153			6
2025.08.11	00:49:52.395	0.93999				2
2025.08.11	00:50:01.417	0.94002				2
2025.08.11	00:50:01.919	0.94001				2
2025.08.11	00:50:02.979	0.94002				2
2025.08.11	00:50:06.356	0.93999				2
2025.08.11	00:50:11.571	0.93998				2
2025.08.11	00:50:24.854	0.94022	0.94132			6
2025.08.11	00:50:25.157	0.93999				2
2025.08.11	00:51:01.472	0.93999				2
2025.08.11	00:51:30.324		0.94132			4
2025.08.11	00:51:58.856	0.94000				2
2025.08.11	00:52:02.030	0.94000				2
2025.08.11	00:52:31.179		0.94132			4
2025.08.11	00:53:00.548	0.94000				2
2025.08.11	00:53:31.608		0.94132			4
2025.08.11	00:53:59.032	0.93995				2
2025.08.11	00:54:00.516	0.93995				2
2025.08.11	00:54:02.687	0.93985				2
2025.08.11	00:54:09.641	0.93988				2
2025.08.11	00:54:10.145	0.93982				2
2025.08.11	00:54:12.452	0.93983				2
2025.08.11	00:54:12.982	0.93982				2
2025.08.11	00:54:28.459	0.93983				2
2025.08.11	00:54:32.077		0.94132			4
2025.08.11	00:54:38.469	0.93986				2
2025.08.11	00:54:38.777	0.93987				2
2025.08.11	00:54:39.398	0.93986				2
2025.08.11	00:54:39.700	0.93983				2
2025.08.11	00:54:40.318	0.93987				2
2025.08.11	00:54:40.633	0.93983				2
2025.08.11	00:54:40.938	0.93987				2
2025.08.11	00:54:42.178	0.93984				2
2025.08.11	00:54:42.487	0.93983				2
2025.08.11	00:54:42.790	0.93987				2
2025.08.11	00:54:43.097	0.93983				2
2025.08.11	00:54:44.776	0.93980				2
2025.08.11	00:54:54.648	0.93977				2
2025.08.11	00:54:55.515	0.93973				2
2025.08.11	00:54:57.329	0.93982				2
2025.08.11	00:54:59.384	0.93981				2
2025.08.11	00:55:02.691	0.93981				2
2025.08.11	00:55:04.891	0.93984				2
2025.08.11	00:55:09.132	0.93990				2
2025.08.11	00:55:15.458	0.93985				2
2025.08.11	00:55:16.054	0.93984				2
2025.08.11	00:55:27.398	0.93989				2
2025.08.11	00:55:28.653	0.93987				2
2025.08.11	00:55:28.998	0.93986				2
2025.08.11	00:55:34.180		0.94132			4
2025.08.11	00:55:36.271	0.93984				2
2025.08.11	00:55:43.824	0.93986				2
2025.08.11	00:55:44.635	0.93989				2
2025.08.11	00:55:45.180	0.93984				2
2025.08.11	00:55:49.036	0.93982				2
2025.08.11	00:56:02.176	0.93982				2
2025.08.11	00:56:17.682	0.93986				2
2025.08.11	00:56:26.670	0.93988				2
2025.08.11	00:56:37.498	0.93989	0.94132			6
2025.08.11	00:56:44.038	0.93983				2
2025.08.11	00:56:48.135	0.93981				2
2025.08.11	00:56:48.878	0.93980				2
2025.08.11	00:56:52.480	0.93981				2
2025.08.11	00:56:56.886	0.93979				2
2025.08.11	00:57:01.201	0.93979				2
2025.08.11	00:57:02.167	0.93949	0.94139			6
2025.08.11	00:57:02.481	0.93954				2
2025.08.11	00:57:03.070	0.93952				2
2025.08.11	00:57:04.956	0.93955				2
2025.08.11	00:57:06.185	0.93954				2
2025.08.11	00:57:06.492	0.93958	0.94147			6
2025.08.11	00:57:06.797	0.93956				2
2025.08.11	00:57:07.099	0.93962				2
2025.08.11	00:57:07.405	0.93976	0.94132			6
2025.08.11	00:58:02.087	0.93976				2
2025.08.11	00:58:07.576		0.94132			4
2025.08.11	00:58:11.933	0.93992				2
2025.08.11	00:58:23.083	0.93982				2
2025.08.11	00:59:01.183	0.93982				2
2025.08.11	00:59:08.040	0.93992	0.94132			6
2025.08.11	00:59:19.614		0.94177			4
2025.08.11	00:59:42.046	0.93997				2
2025.08.11	00:59:43.006	0.93994				2
2025.08.11	00:59:43.384	0.93996				2
2025.08.11	00:59:47.378	0.93997				2
2025.08.11	00:59:52.778	0.93998				2
2025.08.11	00:59:56.294	0.94000				2
2025.08.11	00:59:57.393	0.93999				2
2025.08.11	00:59:58.318	0.94000				2
2025.08.11	01:00:00.303	0.94007				2
2025.08.11	01:00:00.611	0.94013				2
2025.08.11	01:00:01.210	0.94034	0.94173			6
2025.08.11	01:00:01.519	0.94024	0.94165			6
2025.08.11	01:00:01.820	0.94026	0.94148			6
2025.08.11	01:00:02.253	0.94024	0.94147			6
2025.08.11	01:00:02.606		0.94158			4
2025.08.11	01:00:02.920		0.94148			4
2025.08.11	01:00:03.278		0.94156			4
2025.08.11	01:00:03.648	0.94029	0.94136			6
2025.08.11	01:00:04.293	0.94033				2
2025.08.11	01:00:04.817	0.94034	0.94141			6
2025.08.11	01:00:05.136	0.94029	0.94138			6
2025.08.11	01:00:05.490	0.94030	0.94136			6
2025.08.11	01:00:05.910	0.94029				2
2025.08.11	01:00:06.342	0.94038	0.94133			6
2025.08.11	01:00:06.645		0.94130			4
2025.08.11	01:00:07.110	0.94024	0.94148			6
2025.08.11	01:00:08.872	0.94057				2
2025.08.11	01:00:09.178	0.94053	0.94136			6
2025.08.11	01:00:10.324	0.94024	0.94133			6
2025.08.11	01:00:10.684	0.94023				2
2025.08.11	01:00:11.010	0.94027	0.94131			6
2025.08.11	01:00:11.315	0.94030	0.94141			6
2025.08.11	01:00:15.335	0.94029	0.94145			6
2025.08.11	01:00:15.690	0.94031	0.94139			6
2025.08.11	01:00:19.978	0.94027	0.94133			6
2025.08.11	01:00:20.283	0.94030				2
2025.08.11	01:00:21.643		0.94135			4
2025.08.11	01:00:26.298	0.94027	0.94131			6
2025.08.11	01:00:33.711	0.94033	0.94133			6
2025.08.11	01:00:35.643	0.94034	0.94135			6
2025.08.11	01:00:36.278	0.94035	0.94139			6
2025.08.11	01:00:39.071	0.94045				2
2025.08.11	01:00:42.629	0.94046				2
2025.08.11	01:00:43.974		0.94135			4
2025.08.11	01:00:44.278		0.94144			4
2025.08.11	01:00:44.608		0.94141			4
2025.08.11	01:00:45.114		0.94139			4
2025.08.11	01:00:45.848	0.94051	0.94133			6
2025.08.11	01:00:46.251	0.94049				2
2025.08.11	01:00:47.550	0.94074				2
2025.08.11	01:00:47.865	0.94070				2
2025.08.11	01:00:48.283	0.94049	0.94134			6
2025.08.11	01:00:51.280		0.94135			4
2025.08.11	01:00:52.430		0.94133			4
2025.08.11	01:00:53.079		0.94135			4
2025.08.11	01:01:00.043	0.94049	0.94133			6
2025.08.11	01:01:00.663		0.94131			4
2025.08.11	01:01:02.213	0.94046				2
2025.08.11	01:01:05.676	0.94075				2
2025.08.11	01:01:05.984	0.94076	0.94133			6
2025.08.11	01:01:06.442	0.94075	0.94131			6
2025.08.11	01:01:09.219	0.94072				2
2025.08.11	01:01:09.521	0.94071				2
2025.08.11	01:01:10.158	0.94055	0.94133			6
2025.08.11	01:01:10.499	0.94057	0.94129			6
2025.08.11	01:01:10.831	0.94055				2
2025.08.11	01:01:11.378	0.94056				2
2025.08.11	01:01:11.950	0.94062				2
2025.08.11	01:01:13.179		0.94121			4
2025.08.11	01:01:13.862	0.94070				2
2025.08.11	01:01:15.278	0.94069	0.94123			6
2025.08.11	01:01:16.779	0.94070				2
2025.08.11	01:01:18.524	0.94052	0.94119			6
2025.08.11	01:01:19.083	0.94050				2
2025.08.11	01:01:28.641	0.94066	0.94120			6
2025.08.11	01:01:29.055	0.94068	0.94121			6
2025.08.11	01:01:38.678	0.94062	0.94124			6
2025.08.11	01:01:39.880	0.94061	0.94119			6
2025.08.11	01:01:42.555	0.94065				2
2025.08.11	01:01:44.010	0.94066				2
2025.08.11	01:01:45.030	0.94067				2
2025.08.11	01:01:45.379	0.94068				2
2025.08.11	01:01:46.478	0.94067				2
2025.08.11	01:01:47.234	0.94066				2
2025.08.11	01:01:47.568	0.94067				2
2025.08.11	01:01:53.080	0.94068				2
2025.08.11	01:01:54.279	0.94069				2
2025.08.11	01:01:55.186	0.94068				2
2025.08.11	01:01:58.781	0.94069	0.94120			6
2025.08.11	01:02:00.412	0.94069				2
2025.08.11	01:02:01.397	0.94066				2
2025.08.11	01:02:01.698	0.94080	0.94128			6
2025.08.11	01:02:02.008	0.94075				2
2025.08.11	01:02:03.278	0.94074				2
2025.08.11	01:02:04.479	0.94075				2
2025.08.11	01:02:06.279	0.94076	0.94130			6
2025.08.11	01:02:09.488	0.94075	0.94127			6
2025.08.11	01:02:09.797	0.94076				2
2025.08.11	01:02:10.864	0.94078	0.94129			6
2025.08.11	01:02:13.394	0.94076	0.94131			6
2025.08.11	01:02:13.698	0.94075				2
2025.08.11	01:02:14.296	0.94077	0.94129			6
2025.08.11	01:02:14.679	0.94076				2
2025.08.11	01:02:15.579	0.94077				2
2025.08.11	01:02:20.393	0.94072				2
2025.08.11	01:02:22.178	0.94085				2
2025.08.11	01:02:22.533	0.94082				2
2025.08.11	01:02:26.383	0.94083	0.94131			6
2025.08.11	01:02:27.880	0.94082				2
2025.08.11	01:02:31.479	0.94083				2
2025.08.11	01:02:39.299	0.94086				2
2025.08.11	01:02:40.419	0.94085				2
2025.08.11	01:02:43.392	0.94062				2
2025.08.11	01:02:45.377	0.94085				2
2025.08.11	01:02:46.733	0.94084				2
2025.08.11	01:02:47.082	0.94085				2
2025.08.11	01:02:58.782	0.94084				2
2025.08.11	01:03:00.496	0.94072	0.94129			6
2025.08.11	01:03:00.908	0.94083	0.94130			6
2025.08.11	01:03:02.015		0.94129			4
2025.08.11	01:03:04.181	0.94084	0.94131			6
2025.08.11	01:03:05.446	0.94085				2
2025.08.11	01:03:06.278	0.94084				2
2025.08.11	01:03:12.638	0.94083	0.94129			6
2025.08.11	01:03:15.716	0.94081	0.94128			6
2025.08.11	01:03:16.735	0.94083				2
2025.08.11	01:03:17.679	0.94084				2
2025.08.11	01:03:19.178	0.94083	0.94119			6
2025.08.11	01:03:19.556	0.94086				2
2025.08.11	01:03:39.625	0.94084				2
2025.08.11	01:03:45.381	0.94085	0.94116			6
2025.08.11	01:03:54.498	0.94083				2
2025.08.11	01:04:00.325	0.94084				2
2025.08.11	01:04:02.129	0.94086	0.94122			6
2025.08.11	01:04:03.279	0.94087				2
2025.08.11	01:04:09.690	0.94085				2
2025.08.11	01:04:11.421	0.94087	0.94121			6
2025.08.11	01:04:12.174		0.94122			4
2025.08.11	01:04:13.270	0.94086	0.94118			6
2025.08.11	01:04:13.691	0.94085				2
2025.08.11	01:04:14.165		0.94117			4
2025.08.11	01:04:17.490	0.94087				2
2025.08.11	01:04:23.839	0.94086				2
2025.08.11	01:04:29.382		0.94116			4
2025.08.11	01:04:30.108	0.94087				2
2025.08.11	01:04:39.880		0.94115			4
2025.08.11	01:04:44.238	0.94083	0.94112			6
2025.08.11	01:04:45.236	0.94082	0.94111			6
2025.08.11	01:04:45.542	0.94080	0.94107			6
2025.08.11	01:04:47.379		0.94108			4
2025.08.11	01:04:49.717	0.94083	0.94110			6
2025.08.11	01:04:56.389	0.94084				2
2025.08.11	01:04:57.579		0.94111			4
2025.08.11	01:04:58.778		0.94110			4
2025.08.11	01:05:00.361	0.94080	0.94109			6
2025.08.11	01:05:01.429	0.94081				2
2025.08.11	01:05:02.379		0.94107			4
2025.08.11	01:05:03.879	0.94075	0.94103			6
2025.08.11	01:05:04.479		0.94102			4
2025.08.11	01:05:05.365	0.94067	0.94089			6
2025.08.11	01:05:15.489	0.94066				2
2025.08.11	01:05:17.101		0.94091			4
2025.08.11	01:05:18.488	0.94068				2
2025.08.11	01:05:19.479	0.94067				2
2025.08.11	01:05:19.799	0.94068				2
2025.08.11	01:05:21.489	0.94067				2
2025.08.11	01:05:23.490	0.94068				2
2025.08.11	01:05:27.241	0.94067				2
2025.08.11	01:05:32.078	0.94068				2
2025.08.11	01:06:00.387	0.94068				2
2025.08.11	01:06:11.079		0.94092			4
2025.08.11	01:06:12.279		0.94091			4
2025.08.11	01:06:18.563		0.94092			4
2025.08.11	01:06:26.080	0.94067				2
2025.08.11	01:06:26.398	0.94068				2
2025.08.11	01:06:30.706		0.94091			4
2025.08.11	01:06:35.245	0.94069	0.94092			6
2025.08.11	01:06:36.550	0.94070	0.94093			6
2025.08.11	01:06:37.424	0.94069	0.94094			6
2025.08.11	01:06:38.239		0.94093			4
2025.08.11	01:06:40.178	0.94070				2
2025.08.11	01:06:41.257	0.94069	0.94094			6
2025.08.11	01:06:42.283	0.94068				2
2025.08.11	01:06:46.179	0.94069				2
2025.08.11	01:06:50.080		0.94093			4
2025.08.11	01:06:50.823	0.94071				2
2025.08.11	01:06:57.802	0.94072				2
2025.08.11	01:07:00.626	0.94075	0.94098			6
2025.08.11	01:07:01.422	0.94076	0.94099			6
2025.08.11	01:07:01.881	0.94078	0.94101			6
2025.08.11	01:07:02.416	0.94074	0.94097			6
2025.08.11	01:07:03.278	0.94075	0.94098			6
2025.08.11	01:07:04.478		0.94097			4
2025.08.11	01:07:04.868	0.94076	0.94096			6
2025.08.11	01:07:05.171		0.94098			4
2025.08.11	01:07:05.497		0.94095			4
2025.08.11	01:07:06.161	0.94081	0.94101			6
2025.08.11	01:07:10.306	0.94080	0.94103			6
2025.08.11	01:07:12.387		0.94101			4
2025.08.11	01:07:16.865		0.94103			4
2025.08.11	01:07:18.578	0.94079				2
2025.08.11	01:07:19.975	0.94078				2
2025.08.11	01:07:20.677		0.94102			4
2025.08.11	01:07:22.197	0.94080				2
2025.08.11	01:07:22.779	0.94079	0.94101			6
2025.08.11	01:07:25.778		0.94102			4
2025.08.11	01:07:26.979	0.94083	0.94105			6
2025.08.11	01:07:32.932	0.94086	0.94108			6
2025.08.11	01:07:33.951	0.94082	0.94106			6
2025.08.11	01:07:34.268		0.94105			4
2025.08.11	01:07:36.412		0.94106			4
2025.08.11	01:07:38.311		0.94105			4
2025.08.11	01:07:43.691	0.94090	0.94110			6
2025.08.11	01:07:44.077	0.94089	0.94109			6
2025.08.11	01:07:44.725	0.94086	0.94108			6
2025.08.11	01:07:49.029		0.94106			4
2025.08.11	01:07:50.380	0.94085	0.94105			6
2025.08.11	01:07:52.126	0.94086	0.94106			6
2025.08.11	01:07:53.078		0.94105			4
2025.08.11	01:07:54.278	0.94088	0.94109			6
2025.08.11	01:07:55.778		0.94108			4
2025.08.11	01:08:01.178	0.94089				2
2025.08.11	01:08:02.374	0.94088				2
2025.08.11	01:08:03.825	0.94090	0.94109			6
2025.08.11	01:08:04.481	0.94089				2
2025.08.11	01:08:10.238		0.94108			4
2025.08.11	01:08:16.181	0.94088				2
2025.08.11	01:08:16.680	0.94093	0.94113			6
2025.08.11	01:08:17.979		0.94112			4
2025.08.11	01:08:23.122	0.94095	0.94114			6
2025.08.11	01:08:25.780		0.94115			4
2025.08.11	01:08:29.563	0.94099	0.94119			6
2025.08.11	01:08:33.186	0.94091	0.94112			6
2025.08.11	01:08:36.021	0.94095	0.94115			6
2025.08.11	01:08:37.478		0.94114			4
2025.08.11	01:08:40.779		0.94115			4
2025.08.11	01:08:41.568	0.94088	0.94108			6
2025.08.11	01:08:42.385	0.94089	0.94110			6
2025.08.11	01:08:43.779	0.94088	0.94111			6
2025.08.11	01:08:48.599	0.94089	0.94110			6
2025.08.11	01:08:48.908	0.94084	0.94108			6
2025.08.11	01:08:49.885	0.94080	0.94104			6
2025.08.11	01:08:53.990	0.94082	0.94102			6
2025.08.11	01:08:55.017	0.94087	0.94110			6
2025.08.11	01:08:55.479	0.94089	0.94108			6
2025.08.11	01:08:57.257	0.94088				2
2025.08.11	01:09:00.262	0.94088				2
2025.08.11	01:09:01.772	0.94091	0.94110			6
2025.08.11	01:09:02.378	0.94092				2
2025.08.11	01:09:04.946	0.94085	0.94103			6
2025.08.11	01:09:05.287	0.94087	0.94107			6
2025.08.11	01:09:06.878	0.94089	0.94108			6
2025.08.11	01:09:07.181	0.94090	0.94109			6
2025.08.11	01:09:07.644	0.94089	0.94111			6
2025.08.11	01:09:08.376		0.94110			4
2025.08.11	01:09:08.977		0.94111			4
2025.08.11	01:09:09.578		0.94110			4
2025.08.11	01:09:11.324	0.94087	0.94105			6
2025.08.11	01:09:13.780		0.94106			4
2025.08.11	01:09:15.934	0.94086	0.94109			6
2025.08.11	01:09:17.095	0.94087	0.94106			6
2025.08.11	01:09:19.990	0.94085	0.94104			6
2025.08.11	01:09:24.565		0.94102			4
2025.08.11	01:09:33.202	0.94084	0.94105			6
2025.08.11	01:09:33.879	0.94083	0.94101			6
2025.08.11	01:09:35.978		0.94100			4
2025.08.11	01:09:37.178	0.94082	0.94101			6
2025.08.11	01:09:38.077	0.94083	0.94100			6
2025.08.11	01:09:39.688	0.94082	0.94101			6
2025.08.11	01:09:40.779	0.94075	0.94092			6
2025.08.11	01:09:41.101	0.94076				2
2025.08.11	01:09:41.979		0.94093			4
2025.08.11	01:09:43.017	0.94074	0.94092			6
2025.08.11	01:09:43.319	0.94079	0.94099			6
2025.08.11	01:09:43.923		0.94096			4
2025.08.11	01:09:44.347	0.94081				2
2025.08.11	01:09:44.657	0.94079				2
2025.08.11	01:09:44.978	0.94080				2
2025.08.11	01:09:45.884		0.94097			4
2025.08.11	01:09:53.980		0.94096			4
2025.08.11	01:09:55.543	0.94081	0.94099			6
2025.08.11	01:09:59.478		0.94097			4
2025.08.11	01:10:00.359	0.94082	0.94100			6
2025.08.11	01:10:01.317	0.94083	0.94101			6
2025.08.11	01:10:01.628		0.94098			4
2025.08.11	01:10:03.320	0.94082	0.94097			6
2025.08.11	01:10:04.779	0.94081				2
2025.08.11	01:10:05.324	0.94082	0.94099			6
2025.08.11	01:10:10.780	0.94083	0.94098			6
2025.08.11	01:10:11.756	0.94086	0.94101			6
2025.08.11	01:10:23.297	0.94084	0.94102			6
2025.08.11	01:10:24.882	0.94085	0.94101			6
2025.08.11	01:10:26.681		0.94102			4
2025.08.11	01:10:31.381		0.94101			4
2025.08.11	01:10:33.880		0.94102			4
2025.08.11	01:10:44.578	0.94086				2
2025.08.11	01:10:45.377	0.94087				2
2025.08.11	01:10:48.278	0.94088				2
2025.08.11	01:10:51.279	0.94086	0.94100			6
2025.08.11	01:10:54.881	0.94085				2
2025.08.11	01:11:00.673	0.94086				2
2025.08.11	01:11:02.379	0.94085				2
2025.08.11	01:11:03.851	0.94084	0.94099			6
2025.08.11	01:11:05.078	0.94083				2
2025.08.11	01:11:05.803	0.94082	0.94097			6
2025.08.11	01:11:09.787		0.94101			4
2025.08.11	01:11:10.182		0.94100			4
2025.08.11	01:11:12.829	0.94084	0.94103			6
2025.08.11	01:11:14.349		0.94101			4
2025.08.11	01:11:14.666	0.94080	0.94094			6
2025.08.11	01:11:14.981	0.94083	0.94099			6
2025.08.11	01:11:20.682	0.94080	0.94097			6
2025.08.11	01:11:21.878		0.94096			4
2025.08.11	01:11:31.513	0.94084	0.94101			6
2025.08.11	01:11:33.698	0.94081	0.94095			6
2025.08.11	01:11:35.081		0.94096			4
2025.08.11	01:11:36.878	0.94080				2
2025.08.11	01:11:42.172	0.94078	0.94093			6
2025.08.11	01:11:47.078	0.94077	0.94094			6
2025.08.11	01:11:47.559	0.94080	0.94095			6
2025.08.11	01:11:53.379		0.94094			4
2025.08.11	01:12:01.402	0.94080				2
2025.08.11	01:12:08.980	0.94081	0.94101			6
2025.08.11	01:12:09.284	0.94084				2
2025.08.11	01:12:12.287		0.94100			4
2025.08.11	01:12:24.878	0.94085				2
2025.08.11	01:13:01.200	0.94085				2
2025.08.11	01:13:10.997	0.94088	0.94104			6
2025.08.11	01:13:19.896	0.94085	0.94099			6
2025.08.11	01:13:39.423	0.94083	0.94100			6
2025.08.11	01:13:40.779	0.94084				2
2025.08.11	01:13:41.185		0.94099			4
2025.08.11	01:13:42.578		0.94100			4
2025.08.11	01:13:45.051	0.94085	0.94101			6
2025.08.11	01:13:46.478	0.94084				2
2025.08.11	01:14:01.478	0.94084				2
2025.08.11	01:14:10.033		0.94100			4
2025.08.11	01:14:10.999	0.94083				2
2025.08.11	01:14:11.324	0.94081	0.94099			6
2025.08.11	01:14:11.646	0.94082	0.94101			6
2025.08.11	01:14:11.980	0.94083				2
2025.08.11	01:14:16.746		0.94100			4
2025.08.11	01:14:19.684	0.94084				2
2025.08.11	01:14:23.739	0.94083				2
2025.08.11	01:14:27.440	0.94086	0.94101			6
2025.08.11	01:14:29.000		0.94100			4
2025.08.11	01:14:29.317	0.94087				2
2025.08.11	01:14:30.487		0.94101			4
2025.08.11	01:14:33.042	0.94088	0.94102			6
2025.08.11	01:14:33.745	0.94086	0.94101			6
2025.08.11	01:14:36.583		0.94100			4
2025.08.11	01:14:53.896		0.94102			4
2025.08.11	01:14:59.079	0.94087				2
2025.08.11	01:15:00.279	0.94086	0.94100			6
2025.08.11	01:15:00.600	0.94085	0.94099			6
2025.08.11	01:15:01.279	0.94084				2
2025.08.11	01:15:02.730	0.94085				2
2025.08.11	01:15:03.102	0.94084				2
2025.08.11	01:15:04.185	0.94085	0.94098			6
2025.08.11	01:15:08.273	0.94084	0.94099			6
2025.08.11	01:15:10.416	0.94085	0.94098			6
2025.08.11	01:15:11.078	0.94084	0.94099			6
2025.08.11	01:15:11.839	0.94085				2
2025.08.11	01:15:12.883	0.94086				2
2025.08.11	01:15:13.914	0.94085				2
2025.08.11	01:15:14.440	0.94086				2
2025.08.11	01:15:14.762	0.94085				2
2025.08.11	01:15:15.577	0.94086				2
2025.08.11	01:15:16.480	0.94085				2
2025.08.11	01:15:17.377	0.94086				2
2025.08.11	01:15:20.907	0.94084	0.94098			6
2025.08.11	01:15:21.609	0.94079	0.94096			6
2025.08.11	01:15:21.927		0.94095			4
2025.08.11	01:15:22.347	0.94076	0.94094			6
2025.08.11	01:15:22.661	0.94078	0.94092			6
2025.08.11	01:15:23.378	0.94076	0.94093			6
2025.08.11	01:15:23.727	0.94077				2
2025.08.11	01:15:24.040	0.94078	0.94092			6
2025.08.11	01:15:24.364	0.94077	0.94093			6
2025.08.11	01:15:24.681	0.94078	0.94092			6
2025.08.11	01:15:24.989	0.94076	0.94093			6
2025.08.11	01:15:25.730		0.94094			4
2025.08.11	01:15:26.086		0.94093			4
2025.08.11	01:15:26.753		0.94094			4
2025.08.11	01:15:27.120		0.94093			4
2025.08.11	01:15:27.826		0.94094			4
2025.08.11	01:15:28.156		0.94093			4
2025.08.11	01:15:29.802	0.94077				2
2025.08.11	01:15:30.118	0.94076				2
2025.08.11	01:15:30.578	0.94077				2
2025.08.11	01:15:31.000	0.94076				2
2025.08.11	01:15:31.786	0.94077				2
2025.08.11	01:15:32.149	0.94076				2
2025.08.11	01:15:33.885	0.94077	0.94092			6
2025.08.11	01:15:34.235	0.94076	0.94093			6
2025.08.11	01:15:38.253	0.94077				2
2025.08.11	01:15:39.296	0.94076	0.94094			6
2025.08.11	01:15:39.878		0.94093			4
2025.08.11	01:15:40.344		0.94094			4
2025.08.11	01:15:42.005	0.94077				2
2025.08.11	01:15:42.878	0.94076	0.94093			6
2025.08.11	01:15:43.181		0.94094			4
2025.08.11	01:15:46.539	0.94077				2
2025.08.11	01:15:48.610	0.94079				2
2025.08.11	01:15:52.103	0.94078				2
2025.08.11	01:15:52.755		0.94093			4
2025.08.11	01:15:53.058		0.94094			4
2025.08.11	01:15:53.792	0.94079				2
2025.08.11	01:15:54.825	0.94075	0.94095			6
2025.08.11	01:15:55.143	0.94077	0.94094			6
2025.08.11	01:15:56.018		0.94093			4
2025.08.11	01:15:56.978	0.94076	0.94095			6
2025.08.11	01:15:57.287		0.94094			4
2025.08.11	01:15:58.090	0.94077	0.94093			6
2025.08.11	01:15:58.967	0.94076	0.94094			6
2025.08.11	01:15:59.357	0.94077	0.94093			6
2025.08.11	01:16:00.164	0.94077				2
2025.08.11	01:16:01.560	0.94076	0.94094			6
2025.08.11	01:16:02.236	0.94077	0.94093			6
2025.08.11	01:16:03.132	0.94075	0.94095			6
2025.08.11	01:16:03.455	0.94077	0.94094			6
2025.08.11	01:16:04.187	0.94076				2
2025.08.11	01:16:05.355	0.94077	0.94093			6
2025.08.11	01:16:05.703	0.94076	0.94094			6
2025.08.11	01:16:06.383	0.94077	0.94093			6
2025.08.11	01:16:06.998		0.94094			4
2025.08.11	01:16:07.419		0.94093			4
2025.08.11	01:16:07.742		0.94094			4
2025.08.11	01:16:08.378	0.94076				2
2025.08.11	01:16:08.680	0.94077	0.94093			6
2025.08.11	01:16:08.996		0.94094			4
2025.08.11	01:16:09.799	0.94078	0.94092			6
2025.08.11	01:16:10.105	0.94077	0.94094			6
2025.08.11	01:16:10.529		0.94093			4
2025.08.11	01:16:10.849		0.94094			4
2025.08.11	01:16:11.181	0.94076				2
2025.08.11	01:16:11.565	0.94077	0.94093			6
2025.08.11	01:16:11.934		0.94094			4
2025.08.11	01:16:12.291	0.94076				2
2025.08.11	01:16:12.596	0.94077	0.94093			6
2025.08.11	01:16:12.977		0.94094			4
2025.08.11	01:16:13.285		0.94093			4
2025.08.11	01:16:14.024	0.94078	0.94092			6
2025.08.11	01:16:14.338	0.94077	0.94093			6
2025.08.11	01:16:15.075	0.94078	0.94092			6
2025.08.11	01:16:15.486	0.94076	0.94094			6
2025.08.11	01:16:15.799	0.94077	0.94093			6
2025.08.11	01:16:16.108	0.94078	0.94092			6
2025.08.11	01:16:16.522	0.94076	0.94094			6
2025.08.11	01:16:16.826	0.94077	0.94093			6
2025.08.11	01:16:17.154	0.94078	0.94092			6
2025.08.11	01:16:17.555	0.94076	0.94094			6
2025.08.11	01:16:17.870	0.94077	0.94093			6
2025.08.11	01:16:18.196	0.94078	0.94092			6
2025.08.11	01:16:18.593	0.94077	0.94094			6
2025.08.11	01:16:18.902	0.94076	0.94095			6
2025.08.11	01:16:19.241	0.94078	0.94092			6
2025.08.11	01:16:19.631	0.94077	0.94093			6
2025.08.11	01:16:19.961	0.94076	0.94095			6
2025.08.11	01:16:20.288	0.94078	0.94092			6
2025.08.11	01:16:20.665	0.94077	0.94093			6
2025.08.11	01:16:21.004	0.94076	0.94095			6
2025.08.11	01:16:21.338	0.94078	0.94092			6
2025.08.11	01:16:21.703	0.94077	0.94093			6
2025.08.11	01:16:22.075	0.94076	0.94095			6
2025.08.11	01:16:22.400	0.94078	0.94092			6
2025.08.11	01:16:22.707	0.94077	0.94093			6
2025.08.11	01:16:23.116	0.94076	0.94094			6
2025.08.11	01:16:23.419	0.94078	0.94092			6
2025.08.11	01:16:23.743	0.94077	0.94093			6
2025.08.11	01:16:24.146	0.94076	0.94094			6
2025.08.11	01:16:24.462	0.94078	0.94092			6
2025.08.11	01:16:24.784	0.94077	0.94093			6
2025.08.11	01:16:25.129	0.94079	0.94096			6
2025.08.11	01:16:26.977	0.94080				2
2025.08.11	01:16:27.882	0.94079				2
2025.08.11	01:16:34.503	0.94080	0.94095			6
2025.08.11	01:16:34.909	0.94079	0.94096			6
2025.08.11	01:16:35.532	0.94080				2
2025.08.11	01:16:37.478	0.94079				2
2025.08.11	01:16:37.780		0.94097			4
2025.08.11	01:16:38.379	0.94080	0.94096			6
2025.08.11	01:16:38.683	0.94079				2
2025.08.11	01:16:39.712	0.94080				2
2025.08.11	01:16:40.786	0.94079				2
2025.08.11	01:16:44.864	0.94080				2
2025.08.11	01:16:47.679	0.94081	0.94095			6
2025.08.11	01:16:47.992	0.94080				2
2025.08.11	01:16:49.197	0.94082	0.94097			6
2025.08.11	01:16:50.040	0.94081				2
2025.08.11	01:16:52.103	0.94085	0.94098			6
2025.08.11	01:16:52.413	0.94084				2
2025.08.11	01:16:57.291	0.94085	0.94097			6
2025.08.11	01:16:57.878	0.94084	0.94098			6
2025.08.11	01:16:59.499	0.94082	0.94099			6
2025.08.11	01:17:00.360	0.94083				2
2025.08.11	01:17:01.052	0.94082				2
2025.08.11	01:17:01.417	0.94078	0.94095			6
2025.08.11	01:17:01.759	0.94079				2
2025.08.11	01:17:02.445	0.94080	0.94094			6
2025.08.11	01:17:06.465	0.94078	0.94091			6
2025.08.11	01:17:07.292	0.94079	0.94093			6
2025.08.11	01:17:12.635	0.94078	0.94091			6
2025.08.11	01:17:13.681		0.94094			4
2025.08.11	01:17:14.735	0.94080				2
2025.08.11	01:17:15.082	0.94079				2
2025.08.11	01:17:15.762	0.94080				2
2025.08.11	01:17:16.796	0.94079				2
2025.08.11	01:17:18.965	0.94080				2
2025.08.11	01:17:22.855	0.94079				2
2025.08.11	01:17:28.121	0.94080				2
2025.08.11	01:17:28.439	0.94079				2
2025.08.11	01:17:29.151	0.94080				2
2025.08.11	01:17:29.495	0.94079				2
2025.08.11	01:17:29.841	0.94080	0.94097			6
2025.08.11	01:17:30.414		0.94096			4
2025.08.11	01:17:30.717		0.94097			4
2025.08.11	01:17:31.051		0.94096			4
2025.08.11	01:17:31.770		0.94097			4
2025.08.11	01:17:32.129		0.94094			4
2025.08.11	01:17:35.223	0.94082	0.94098			6
2025.08.11	01:17:36.468		0.94096			4
2025.08.11	01:17:45.464		0.94098			4
2025.08.11	01:17:46.489		0.94095			4
2025.08.11	01:17:47.594	0.94081				2
2025.08.11	01:17:49.482	0.94082				2
2025.08.11	01:17:50.375		0.94098			4
2025.08.11	01:17:50.699		0.94095			4
2025.08.11	01:17:51.027		0.94097			4
2025.08.11	01:17:51.840		0.94095			4
2025.08.11	01:18:00.358	0.94082	0.94097			6
2025.08.11	01:18:01.440		0.94096			4
2025.08.11	01:18:02.311	0.94083	0.94097			6
2025.08.11	01:18:03.448	0.94085				2
2025.08.11	01:18:04.372		0.94096			4
2025.08.11	01:18:04.682		0.94097			4
2025.08.11	01:18:27.333		0.94098			4
2025.08.11	01:18:35.084	0.94082				2
2025.08.11	01:18:36.136	0.94085				2
2025.08.11	01:18:37.179		0.94097			4
2025.08.11	01:18:37.756		0.94098			4
2025.08.11	01:18:39.247		0.94097			4
2025.08.11	01:18:39.580		0.94098			4
2025.08.11	01:18:43.384		0.94097			4
2025.08.11	01:18:44.421		0.94098			4
2025.08.11	01:18:45.448		0.94097			4
2025.08.11	01:18:46.435		0.94098			4
2025.08.11	01:18:49.600		0.94097			4
2025.08.11	01:18:56.080		0.94098			4
2025.08.11	01:18:58.921		0.94097			4
2025.08.11	01:18:59.383		0.94098			4
2025.08.11	01:18:59.961		0.94097			4
2025.08.11	01:19:01.200	0.94085				2
2025.08.11	01:19:03.448		0.94098			4
2025.08.11	01:19:04.177		0.94097			4
2025.08.11	01:19:18.374		0.94095			4
2025.08.11	01:19:18.877		0.94096			4
2025.08.11	01:19:20.978	0.94083	0.94095			6
2025.08.11	01:19:21.320	0.94085	0.94096			6
2025.08.11	01:19:23.159		0.94097			4
2025.08.11	01:19:23.679	0.94084				2
2025.08.11	01:19:23.992	0.94083	0.94098			6
2025.08.11	01:19:24.834	0.94084				2
2025.08.11	01:19:25.138		0.94097			4
2025.08.11	01:19:25.780	0.94083				2
2025.08.11	01:19:27.016	0.94084				2
2025.08.11	01:19:28.049		0.94096			4
2025.08.11	01:19:32.559	0.94085	0.94097			6
2025.08.11	01:19:32.884	0.94086	0.94099			6
2025.08.11	01:19:33.986		0.94098			4
2025.08.11	01:19:36.883		0.94099			4
2025.08.11	01:19:39.272		0.94098			4
2025.08.11	01:19:40.081		0.94097			4
2025.08.11	01:19:40.424	0.94085	0.94098			6
2025.08.11	01:19:41.342	0.94086				2
2025.08.11	01:19:50.977		0.94099			4
2025.08.11	01:19:52.851		0.94098			4
2025.08.11	01:19:53.204	0.94085				2
2025.08.11	01:19:56.013	0.94086				2
2025.08.11	01:19:59.681	0.94085				2
2025.08.11	01:20:00.046	0.94085				2
2025.08.11	01:20:01.077	0.94086	0.94097			6
2025.08.11	01:20:02.078	0.94084	0.94098			6
2025.08.11	01:20:03.227	0.94085	0.94100			6
2025.08.11	01:20:03.731	0.94083				2
2025.08.11	01:20:04.062	0.94084	0.94099			6
2025.08.11	01:20:04.761		0.94097			4
2025.08.11	01:20:05.133	0.94085				2
2025.08.11	01:20:06.331	0.94087	0.94098			6
2025.08.11	01:20:07.417		0.94099			4
2025.08.11	01:20:08.190		0.94100			4
2025.08.11	01:20:11.785		0.94099			4
2025.08.11	01:20:12.119		0.94100			4
2025.08.11	01:20:12.793	0.94089				2
2025.08.11	01:20:13.098		0.94099			4
2025.08.11	01:20:24.128		0.94100			4
2025.08.11	01:20:25.385		0.94099			4
2025.08.11	01:20:33.329		0.94100			4
2025.08.11	01:20:35.977		0.94099			4
2025.08.11	01:20:38.138		0.94101			4
2025.08.11	01:20:38.504		0.94100			4
2025.08.11	01:20:40.353		0.94099			4
2025.08.11	01:20:41.980		0.94100			4
2025.08.11	01:20:46.683		0.94099			4
2025.08.11	01:20:53.623		0.94100			4
2025.08.11	01:20:53.979		0.94099			4
2025.08.11	01:20:58.001		0.94100			4
2025.08.11	01:21:00.378	0.94089				2
2025.08.11	01:21:02.176		0.94099			4
2025.08.11	01:21:04.218	0.94084	0.94100			6
2025.08.11	01:21:05.359		0.94099			4
2025.08.11	01:21:06.330	0.94088				2
2025.08.11	01:21:06.652	0.94089				2
2025.08.11	01:21:07.168	0.94084	0.94100			6
2025.08.11	01:21:07.779	0.94089	0.94099			6
2025.08.11	01:21:09.429	0.94084	0.94100			6
2025.08.11	01:21:10.189	0.94089				2
2025.08.11	01:21:10.597	0.94084	0.94099			6
2025.08.11	01:21:11.384	0.94088				2
2025.08.11	01:21:12.274	0.94084	0.94100			6
2025.08.11	01:21:12.675		0.94099			4
2025.08.11	01:21:13.371	0.94083	0.94100			6
2025.08.11	01:21:14.585	0.94088	0.94099			6
2025.08.11	01:21:15.508	0.94084	0.94100			6
2025.08.11	01:21:16.530	0.94088				2
2025.08.11	01:21:17.079		0.94099			4
2025.08.11	01:21:18.479	0.94087	0.94100			6
2025.08.11	01:21:18.792	0.94088	0.94101			6
2025.08.11	01:21:19.178		0.94100			4
2025.08.11	01:21:21.351		0.94101			4
2025.08.11	01:21:22.014	0.94087				2
2025.08.11	01:21:22.779	0.94088				2
2025.08.11	01:21:25.816		0.94100			4
2025.08.11	01:21:26.395		0.94101			4
2025.08.11	01:21:26.979	0.94089	0.94100			6
2025.08.11	01:21:27.306	0.94084	0.94099			6
2025.08.11	01:21:28.321		0.94100			4
2025.08.11	01:21:29.003	0.94088	0.94099			6
2025.08.11	01:21:34.034		0.94098			4
2025.08.11	01:21:37.106	0.94083	0.94099			6
2025.08.11	01:21:37.547	0.94084				2
2025.08.11	01:21:39.653	0.94087	0.94098			6
2025.08.11	01:21:39.984	0.94084	0.94099			6
2025.08.11	01:21:40.298	0.94083				2
2025.08.11	01:21:40.693	0.94087				2
2025.08.11	01:21:41.701	0.94084				2
2025.08.11	01:21:42.320	0.94088	0.94098			6
2025.08.11	01:21:43.303	0.94084	0.94099			6
2025.08.11	01:21:45.809	0.94087	0.94098			6
2025.08.11	01:21:46.263	0.94084	0.94099			6
2025.08.11	01:21:48.305	0.94087				2
2025.08.11	01:21:48.646		0.94098			4
2025.08.11	01:21:51.458		0.94099			4
2025.08.11	01:21:51.772		0.94098			4
2025.08.11	01:21:54.529		0.94099			4
2025.08.11	01:21:54.880		0.94098			4
2025.08.11	01:21:55.563	0.94083	0.94099			6
2025.08.11	01:21:55.898	0.94084				2
2025.08.11	01:21:56.797	0.94083				2
2025.08.11	01:21:57.106	0.94084				2
2025.08.11	01:21:58.302	0.94087	0.94098			6
2025.08.11	01:21:59.216	0.94083	0.94099			6
2025.08.11	01:22:00.200	0.94084	0.94098			6
2025.08.11	01:22:00.581	0.94087	0.94099			6
2025.08.11	01:22:00.902		0.94098			4
2025.08.11	01:22:01.704	0.94083	0.94099			6
2025.08.11	01:22:02.127	0.94084				2
2025.08.11	01:22:02.445	0.94087	0.94098			6
2025.08.11	01:22:03.553		0.94099			4
2025.08.11	01:22:05.625	0.94083				2
2025.08.11	01:22:06.014	0.94084	0.94098			6
2025.08.11	01:22:07.827	0.94087				2
2025.08.11	01:22:08.716	0.94084	0.94099			6
2025.08.11	01:22:09.715	0.94083	0.94100			6
2025.08.11	01:22:10.417		0.94099			4
2025.08.11	01:22:10.784	0.94087				2
2025.08.11	01:22:11.238		0.94100			4
2025.08.11	01:22:11.547		0.94099			4
2025.08.11	01:22:12.195		0.94098			4
2025.08.11	01:22:12.533	0.94084	0.94099			6
2025.08.11	01:22:13.156	0.94087				2
2025.08.11	01:22:13.903		0.94098			4
2025.08.11	01:22:14.725		0.94099			4
2025.08.11	01:22:15.256		0.94098			4
2025.08.11	01:22:15.651	0.94083	0.94099			6
2025.08.11	01:22:16.747		0.94100			4
2025.08.11	01:22:17.377	0.94084	0.94099			6
2025.08.11	01:22:17.795	0.94087	0.94098			6
2025.08.11	01:22:18.241		0.94099			4
2025.08.11	01:22:18.828		0.94098			4
2025.08.11	01:22:19.271	0.94083	0.94100			6
2025.08.11	01:22:19.614	0.94085	0.94099			6
2025.08.11	01:22:20.231	0.94087	0.94100			6
2025.08.11	01:22:20.565		0.94098			4
2025.08.11	01:22:21.277		0.94099			4
2025.08.11	01:22:21.592	0.94084				2
2025.08.11	01:22:22.376	0.94087				2
2025.08.11	01:22:23.143		0.94098			4
2025.08.11	01:22:23.622	0.94085				2
2025.08.11	01:22:24.864	0.94087				2
2025.08.11	01:22:26.081		0.94099			4
2025.08.11	01:22:26.752		0.94098			4
2025.08.11	01:22:27.120		0.94099			4
2025.08.11	01:22:29.143		0.94098			4
2025.08.11	01:22:30.415		0.94099			4
2025.08.11	01:22:30.815		0.94100			4
2025.08.11	01:22:31.360		0.94099			4
2025.08.11	01:22:33.981		0.94098			4
2025.08.11	01:22:34.950		0.94099			4
2025.08.11	01:22:36.079		0.94098			4
2025.08.11	01:22:38.470	0.94086	0.94099			6
2025.08.11	01:22:38.794	0.94082	0.94097			6
2025.08.11	01:22:39.492	0.94083	0.94096			6
2025.08.11	01:22:39.900		0.94097			4
2025.08.11	01:22:48.093	0.94084	0.94096			6
2025.08.11	01:22:48.482	0.94083				2
2025.08.11	01:22:54.305	0.94084	0.94097			6
2025.08.11	01:22:55.913	0.94083				2
2025.08.11	01:22:59.769	0.94084				2
2025.08.11	01:23:00.885	0.94084				2
2025.08.11	01:23:02.476	0.94083	0.94096			6
2025.08.11	01:23:03.548	0.94084				2
2025.08.11	01:23:05.636	0.94083				2
2025.08.11	01:23:05.959	0.94084				2
2025.08.11	01:23:06.682	0.94083				2
2025.08.11	01:23:06.991	0.94084				2
2025.08.11	01:23:10.858	0.94083				2
2025.08.11	01:23:12.173	0.94084				2
2025.08.11	01:23:22.399	0.94083				2
2025.08.11	01:23:22.781	0.94084				2
2025.08.11	01:23:23.435	0.94083				2
2025.08.11	01:23:23.978	0.94084				2
2025.08.11	01:23:30.585	0.94082	0.94095			6
2025.08.11	01:23:30.889	0.94083	0.94094			6
2025.08.11	01:23:31.477	0.94082				2
2025.08.11	01:23:31.850	0.94083				2
2025.08.11	01:23:32.378	0.94082				2
2025.08.11	01:23:33.019	0.94083				2
2025.08.11	01:23:33.586	0.94082				2
2025.08.11	01:23:34.057	0.94083				2
2025.08.11	01:23:34.954	0.94082				2
2025.08.11	01:23:35.526		0.94095			4
2025.08.11	01:23:35.861	0.94083				2
2025.08.11	01:23:37.033	0.94084				2
2025.08.11	01:23:40.004	0.94082	0.94094			6
2025.08.11	01:23:41.085		0.94093			4
2025.08.11	01:23:44.079	0.94081	0.94094			6
2025.08.11	01:23:44.407	0.94082	0.94093			6
2025.08.11	01:23:44.759		0.94094			4
2025.08.11	01:23:45.314		0.94093			4
2025.08.11	01:23:45.840		0.94094			4
2025.08.11	01:23:46.502		0.94093			4
2025.08.11	01:23:47.331		0.94094			4
2025.08.11	01:23:47.780		0.94093			4
2025.08.11	01:23:48.082		0.94094			4
2025.08.11	01:23:48.577		0.94093			4
2025.08.11	01:23:48.943		0.94094			4
2025.08.11	01:23:49.439		0.94093			4
2025.08.11	01:23:50.476		0.94094			4
2025.08.11	01:23:53.583		0.94093			4
2025.08.11	01:23:57.278		0.94094			4
2025.08.11	01:23:57.597		0.94093			4
2025.08.11	01:23:57.985		0.94094			4
2025.08.11	01:23:58.771		0.94093			4
2025.08.11	01:23:59.381		0.94094			4
2025.08.11	01:23:59.803		0.94093			4
2025.08.11	01:24:00.322	0.94082	0.94094			6
2025.08.11	01:24:00.985		0.94093			4
2025.08.11	01:24:02.353		0.94094			4
2025.08.11	01:24:05.503	0.94081	0.94093			6
2025.08.11	01:24:06.904		0.94094			4
2025.08.11	01:24:07.219		0.94093			4
2025.08.11	01:24:13.250		0.94094			4
2025.08.11	01:24:16.355		0.94093			4
2025.08.11	01:24:18.068	0.94080	0.94094			6
2025.08.11	01:24:19.205	0.94081				2
2025.08.11	01:24:33.617	0.94082	0.94093			6
2025.08.11	01:24:35.655	0.94083	0.94096			6
2025.08.11	01:24:36.277		0.94095			4
2025.08.11	01:24:36.719	0.94084				2
2025.08.11	01:24:41.897	0.94083				2
2025.08.11	01:24:42.925	0.94084				2
2025.08.11	01:24:43.936	0.94083				2
2025.08.11	01:24:44.998	0.94084				2
2025.08.11	01:24:47.604	0.94083	0.94094			6
2025.08.11	01:24:49.775		0.94095			4
2025.08.11	01:24:54.615		0.94096			4
2025.08.11	01:24:55.329	0.94084				2
2025.08.11	01:25:00.356	0.94084				2
2025.08.11	01:25:06.375	0.94083	0.94097			6
2025.08.11	01:25:07.480	0.94084				2
2025.08.11	01:25:10.615	0.94083	0.94096			6
2025.08.11	01:25:11.668	0.94084				2
2025.08.11	01:25:22.024		0.94097			4
2025.08.11	01:25:31.351	0.94083				2
2025.08.11	01:25:47.080	0.94084				2
2025.08.11	01:25:47.403	0.94083				2
2025.08.11	01:25:55.676		0.94098			4
2025.08.11	01:25:57.065	0.94082				2
2025.08.11	01:26:03.878	0.94082				2
2025.08.11	01:26:06.774	0.94081				2
2025.08.11	01:26:08.080		0.94099			4
2025.08.11	01:26:10.179		0.94098			4
2025.08.11	01:26:20.078		0.94099			4
2025.08.11	01:26:28.354	0.94088	0.94100			6
2025.08.11	01:26:31.155		0.94101			4
2025.08.11	01:26:34.179		0.94100			4
2025.08.11	01:26:39.579		0.94101			4
2025.08.11	01:26:40.325		0.94100			4
2025.08.11	01:26:43.778		0.94101			4
2025.08.11	01:26:53.179	0.94085	0.94100			6
2025.08.11	01:26:56.172	0.94087				2
2025.08.11	01:27:00.598	0.94087				2
2025.08.11	01:27:02.381		0.94099			4
2025.08.11	01:27:12.082	0.94088	0.94101			6
2025.08.11	01:27:12.565	0.94087	0.94100			6
2025.08.11	01:27:22.519	0.94088				2
2025.08.11	01:27:31.859		0.94101			4
2025.08.11	01:27:32.227		0.94100			4
2025.08.11	01:27:32.781		0.94101			4
2025.08.11	01:27:34.478		0.94100			4
2025.08.11	01:28:00.230	0.94088				2
2025.08.11	01:28:02.337	0.94089	0.94101			6
2025.08.11	01:28:06.582		0.94100			4
2025.08.11	01:28:12.030		0.94101			4
2025.08.11	01:28:12.881		0.94100			4
2025.08.11	01:28:18.579		0.94101			4
2025.08.11	01:28:19.478		0.94100			4
2025.08.11	01:28:20.680		0.94101			4
2025.08.11	01:28:21.580		0.94100			4
2025.08.11	01:28:22.477		0.94101			4
2025.08.11	01:28:31.554	0.94087	0.94102			6
2025.08.11	01:28:37.412	0.94089	0.94101			6
2025.08.11	01:28:39.463		0.94100			4
2025.08.11	01:28:40.778		0.94101			4
2025.08.11	01:28:47.178		0.94102			4
2025.08.11	01:28:50.979		0.94101			4
2025.08.11	01:28:52.180		0.94102			4
2025.08.11	01:28:57.279		0.94101			4
2025.08.11	01:29:01.200	0.94089				2
2025.08.11	01:29:04.936	0.94091	0.94102			6
2025.08.11	01:29:05.238	0.94094	0.94107			6
2025.08.11	01:29:05.947	0.94096				2
2025.08.11	01:29:06.284		0.94108			4
2025.08.11	01:29:07.779	0.94098				2
2025.08.11	01:29:09.973		0.94109			4
2025.08.11	01:29:16.673	0.94097	0.94108			6
2025.08.11	01:29:17.408		0.94107			4
2025.08.11	01:29:18.317		0.94108			4
2025.08.11	01:29:18.726	0.94096				2
2025.08.11	01:29:20.695		0.94107			4
2025.08.11	01:29:24.629	0.94095				2
2025.08.11	01:29:25.874	0.94097	0.94108			6
2025.08.11	01:29:27.878	0.94098	0.94107			6
2025.08.11	01:29:29.034	0.94097				2
2025.08.11	01:29:31.554	0.94098	0.94108			6
2025.08.11	01:29:36.739		0.94109			4
2025.08.11	01:29:39.494		0.94108			4
2025.08.11	01:29:40.952		0.94109			4
2025.08.11	01:29:44.117	0.94095	0.94108			6
2025.08.11	01:29:48.538	0.94093	0.94106			6
2025.08.11	01:29:51.589	0.94095				2
2025.08.11	01:29:51.933		0.94107			4
2025.08.11	01:29:52.239		0.94108			4
2025.08.11	01:29:54.577	0.94096				2
2025.08.11	01:29:56.068	0.94095	0.94107			6
2025.08.11	01:29:57.203	0.94096	0.94108			6
2025.08.11	01:29:57.532	0.94094	0.94107			6
2025.08.11	01:29:59.081		0.94108			4
2025.08.11	01:29:59.414	0.94096				2
2025.08.11	01:30:00.304	0.94096	0.94109			6
2025.08.11	01:30:00.813		0.94108			4
2025.08.11	01:30:02.990	0.94097	0.94107			6
2025.08.11	01:30:03.306	0.94096	0.94106			6
2025.08.11	01:30:05.735	0.94097	0.94107			6
2025.08.11	01:30:06.644	0.94095	0.94109			6
2025.08.11	01:30:07.100	0.94098				2
2025.08.11	01:30:15.352	0.94099	0.94111			6
2025.08.11	01:30:15.666	0.94100	0.94112			6
2025.08.11	01:30:16.019	0.94098	0.94111			6
2025.08.11	01:30:16.820	0.94100	0.94110			6
2025.08.11	01:30:17.329	0.94096				2
2025.08.11	01:30:17.670	0.94098				2
2025.08.11	01:30:20.079		0.94109			4
2025.08.11	01:30:21.278		0.94110			4
2025.08.11	01:30:23.979		0.94111			4
2025.08.11	01:30:26.684		0.94110			4
2025.08.11	01:30:27.484	0.94102	0.94111			6
2025.08.11	01:30:27.887	0.94101	0.94112			6
2025.08.11	01:30:28.196	0.94099				2
2025.08.11	01:30:29.979		0.94111			4
2025.08.11	01:30:39.325		0.94112			4
2025.08.11	01:30:40.324	0.94100				2
2025.08.11	01:30:40.746	0.94098	0.94111			6
2025.08.11	01:30:44.567	0.94099	0.94112			6
2025.08.11	01:30:46.724	0.94100	0.94111			6
2025.08.11	01:30:48.297		0.94112			4
2025.08.11	01:30:49.484	0.94099	0.94111			6
2025.08.11	01:30:51.883	0.94100				2
2025.08.11	01:30:58.664	0.94099	0.94110			6
2025.08.11	01:31:00.325	0.94099				2
2025.08.11	01:31:02.732		0.94111			4
2025.08.11	01:31:05.071	0.94094	0.94108			6
2025.08.11	01:31:05.374	0.94095				2
2025.08.11	01:31:06.098	0.94094				2
2025.08.11	01:31:06.869	0.94096				2
2025.08.11	01:31:07.190	0.94094				2
2025.08.11	01:31:12.490	0.94095				2
2025.08.11	01:31:13.782	0.94096				2
2025.08.11	01:31:19.572	0.94094				2
2025.08.11	01:31:20.244		0.94107			4
2025.08.11	01:31:20.649	0.94091	0.94108			6
2025.08.11	01:31:21.011	0.94090	0.94107			6
2025.08.11	01:31:21.323	0.94092	0.94108			6
2025.08.11	01:31:22.027	0.94094				2
2025.08.11	01:31:24.877	0.94093				2
2025.08.11	01:31:25.453	0.94094	0.94107			6
2025.08.11	01:31:25.781	0.94093				2
2025.08.11	01:31:26.095	0.94092				2
2025.08.11	01:31:26.395	0.94093				2
2025.08.11	01:31:27.117		0.94108			4
2025.08.11	01:31:28.347	0.94094	0.94107			6
2025.08.11	01:31:30.315	0.94093	0.94108			6
2025.08.11	01:31:31.779	0.94092				2
2025.08.11	01:31:35.262	0.94091	0.94109			6
2025.08.11	01:31:36.302	0.94092	0.94108			6
2025.08.11	01:31:37.335	0.94091				2
2025.08.11	01:31:37.799	0.94092				2
2025.08.11	01:31:38.370	0.94091	0.94109			6
2025.08.11	01:31:38.760	0.94094	0.94108			6
2025.08.11	01:31:39.088	0.94095				2
2025.08.11	01:31:39.996	0.94094				2
2025.08.11	01:31:40.784	0.94095				2
2025.08.11	01:31:41.675	0.94094				2
2025.08.11	01:31:43.830	0.94095				2
2025.08.11	01:31:44.200	0.94094				2
2025.08.11	01:31:46.677	0.94093				2
2025.08.11	01:31:47.702	0.94094				2
2025.08.11	01:31:48.745	0.94093				2
2025.08.11	01:31:50.088	0.94095				2
2025.08.11	01:31:50.398	0.94093				2
2025.08.11	01:31:50.756	0.94094				2
2025.08.11	01:31:51.709		0.94109			4
2025.08.11	01:31:52.234		0.94108			4
2025.08.11	01:31:53.981	0.94093				2
2025.08.11	01:31:54.313		0.94109			4
2025.08.11	01:31:54.806	0.94092	0.94111			6
2025.08.11	01:31:56.677	0.94093				2
2025.08.11	01:31:57.924	0.94092	0.94110			6
2025.08.11	01:31:58.314	0.94093				2
2025.08.11	01:31:59.672	0.94092				2
2025.08.11	01:32:00.085	0.94092				2
2025.08.11	01:32:00.685	0.94093	0.94111			6
2025.08.11	01:32:04.780		0.94110			4
2025.08.11	01:32:14.077	0.94094				2
2025.08.11	01:32:15.529	0.94093				2
2025.08.11	01:32:15.890	0.94094				2
2025.08.11	01:32:17.602	0.94092				2
2025.08.11	01:32:18.575	0.94093	0.94108			6
2025.08.11	01:32:24.453	0.94094				2
2025.08.11	01:32:24.858	0.94093				2
2025.08.11	01:32:26.104	0.94094				2
2025.08.11	01:32:27.165	0.94093				2
2025.08.11	01:32:30.184	0.94092				2
2025.08.11	01:32:35.725	0.94093				2
2025.08.11	01:32:38.241	0.94097	0.94109			6
2025.08.11	01:32:40.605	0.94096				2
2025.08.11	01:32:41.343	0.94097				2
2025.08.11	01:32:46.179		0.94108			4
2025.08.11	01:32:46.537		0.94109			4
2025.08.11	01:32:52.516	0.94096				2
2025.08.11	01:32:56.163	0.94097				2
2025.08.11	01:32:56.575	0.94096	0.94110			6
2025.08.11	01:32:57.880	0.94097				2
2025.08.11	01:32:59.667	0.94096				2
2025.08.11	01:33:00.236	0.94097				2
2025.08.11	01:33:00.993	0.94096				2
2025.08.11	01:33:01.717	0.94097	0.94109			6
2025.08.11	01:33:02.321	0.94094				2
2025.08.11	01:33:03.276		0.94108			4
2025.08.11	01:33:05.955	0.94095	0.94107			6
2025.08.11	01:33:07.056	0.94094				2
2025.08.11	01:33:08.015	0.94095				2
2025.08.11	01:33:08.929		0.94106			4
2025.08.11	01:33:09.877	0.94096				2
2025.08.11	01:33:10.718	0.94094				2
2025.08.11	01:33:11.680	0.94095				2
2025.08.11	01:33:12.478	0.94094				2
2025.08.11	01:33:13.735	0.94095				2
2025.08.11	01:33:14.153	0.94094				2
2025.08.11	01:33:15.796	0.94095				2
2025.08.11	01:33:16.238	0.94094				2
2025.08.11	01:33:17.880	0.94095				2
2025.08.11	01:33:18.322	0.94094				2
2025.08.11	01:33:19.681	0.94095				2
2025.08.11	01:33:20.678	0.94094				2
2025.08.11	01:33:22.027		0.94107			4
2025.08.11	01:33:27.278	0.94092				2
2025.08.11	01:33:28.112	0.94093				2
2025.08.11	01:33:28.509	0.94094				2
2025.08.11	01:33:29.620		0.94106			4
2025.08.11	01:33:30.203	0.94093	0.94104			6
2025.08.11	01:33:31.330		0.94103			4
2025.08.11	01:33:35.970	0.94092	0.94104			6
2025.08.11	01:33:36.518	0.94093	0.94103			6
2025.08.11	01:33:37.013	0.94092	0.94104			6
2025.08.11	01:33:38.682	0.94089	0.94102			6
2025.08.11	01:33:39.913		0.94101			4
2025.08.11	01:33:40.957	0.94087				2
2025.08.11	01:33:41.785	0.94086				2
2025.08.11	01:33:42.138	0.94087				2
2025.08.11	01:33:44.078	0.94089	0.94103			6
2025.08.11	01:33:46.554	0.94090	0.94102			6
2025.08.11	01:33:47.817		0.94103			4
2025.08.11	01:33:48.496	0.94091				2
2025.08.11	01:33:49.527	0.94090				2
2025.08.11	01:33:51.278	0.94091	0.94104			6
2025.08.11	01:33:51.621		0.94103			4
2025.08.11	01:33:54.278		0.94102			4
2025.08.11	01:33:55.744		0.94103			4
2025.08.11	01:33:56.126	0.94092	0.94102			6
2025.08.11	01:33:57.813		0.94103			4
2025.08.11	01:33:58.850	0.94091				2
2025.08.11	01:34:00.726	0.94093				2
2025.08.11	01:34:01.206	0.94091				2
2025.08.11	01:34:01.956	0.94090				2
2025.08.11	01:34:02.371	0.94091				2
2025.08.11	01:34:03.734	0.94092				2
2025.08.11	01:34:07.513		0.94104			4
2025.08.11	01:34:08.169	0.94093	0.94103			6
2025.08.11	01:34:08.977	0.94092	0.94104			6
2025.08.11	01:34:10.242		0.94103			4
2025.08.11	01:34:20.583		0.94104			4
2025.08.11	01:34:21.512		0.94103			4
2025.08.11	01:34:23.037	0.94093	0.94104			6
2025.08.11	01:34:26.078	0.94094				2
2025.08.11	01:34:29.431	0.94097	0.94110			6
2025.08.11	01:34:29.739	0.94096	0.94107			6
2025.08.11	01:34:30.699	0.94097				2
2025.08.11	01:34:31.684		0.94108			4
2025.08.11	01:34:36.787	0.94094	0.94105			6
2025.08.11	01:34:37.107	0.94093				2
2025.08.11	01:34:38.221	0.94094				2
2025.08.11	01:34:40.743		0.94106			4
2025.08.11	01:34:42.088		0.94104			4
2025.08.11	01:34:44.060	0.94093				2
2025.08.11	01:34:53.379		0.94105			4
2025.08.11	01:34:55.541		0.94104			4
2025.08.11	01:35:00.151	0.94093				2
2025.08.11	01:35:00.685	0.94092				2
2025.08.11	01:35:01.058	0.94093				2
2025.08.11	01:35:02.062	0.94092	0.94103			6
2025.08.11	01:35:06.879	0.94091				2
2025.08.11	01:35:07.479	0.94092				2
2025.08.11	01:35:10.127	0.94090	0.94104			6
2025.08.11	01:35:10.775	0.94089				2
2025.08.11	01:35:11.180	0.94090				2
2025.08.11	01:35:11.767	0.94089				2
2025.08.11	01:35:12.215	0.94093	0.94105			6
2025.08.11	01:35:12.673	0.94094				2
2025.08.11	01:35:14.886	0.94095				2
2025.08.11	01:35:20.422	0.94093				2
2025.08.11	01:35:20.733	0.94094				2
2025.08.11	01:35:22.536	0.94095	0.94108			6
2025.08.11	01:35:22.878		0.94109			4
2025.08.11	01:35:24.655	0.94094	0.94106			6
2025.08.11	01:35:25.371		0.94107			4
2025.08.11	01:35:27.471		0.94106			4
2025.08.11	01:35:28.179		0.94107			4
2025.08.11	01:35:28.830		0.94106			4
2025.08.11	01:35:29.666		0.94107			4
2025.08.11	01:35:30.604		0.94106			4
2025.08.11	01:35:31.064		0.94107			4
2025.08.11	01:35:32.692		0.94106			4
2025.08.11	01:35:34.388		0.94107			4
2025.08.11	01:35:37.500		0.94106			4
2025.08.11	01:35:39.877		0.94107			4
2025.08.11	01:35:41.434		0.94106			4
2025.08.11	01:35:47.382		0.94107			4
2025.08.11	01:35:51.873		0.94106			4
2025.08.11	01:35:53.982		0.94107			4
2025.08.11	01:35:54.518	0.94095				2
2025.08.11	01:35:58.739	0.94096				2
2025.08.11	01:35:59.979	0.94095				2
2025.08.11	01:36:00.503	0.94094				2
2025.08.11	01:36:01.433		0.94106			4
2025.08.11	01:36:02.151	0.94093	0.94108			6
2025.08.11	01:36:03.580		0.94107			4
2025.08.11	01:36:05.892	0.94094				2
2025.08.11	01:36:06.292	0.94092	0.94105			6
2025.08.11	01:36:07.385	0.94094	0.94104			6
2025.08.11	01:36:07.780		0.94105			4
2025.08.11	01:36:10.357	0.94093				2
2025.08.11	01:36:11.679	0.94094				2
2025.08.11	01:36:17.409	0.94093				2
2025.08.11	01:36:20.020	0.94092				2
2025.08.11	01:36:20.337	0.94091	0.94106			6
2025.08.11	01:36:20.949	0.94093				2
2025.08.11	01:36:21.260	0.94092				2
2025.08.11	01:36:26.182	0.94093	0.94105			6
2025.08.11	01:36:27.346	0.94092				2
2025.08.11	01:36:30.320	0.94093				2
2025.08.11	01:36:30.638	0.94092				2
2025.08.11	01:36:32.373	0.94093				2
2025.08.11	01:36:39.359	0.94091	0.94104			6
2025.08.11	01:36:46.849	0.94092	0.94106			6
2025.08.11	01:36:53.977		0.94105			4
2025.08.11	01:36:57.522	0.94093				2
2025.08.11	01:36:59.382	0.94092	0.94106			6
2025.08.11	01:37:00.441	0.94092				2
2025.08.11	01:37:05.714	0.94093	0.94105			6
2025.08.11	01:37:07.746		0.94106			4
2025.08.11	01:37:08.790		0.94105			4
2025.08.11	01:37:11.378	0.94092	0.94106			6
2025.08.11	01:37:19.230	0.94093	0.94105			6
2025.08.11	01:37:20.579	0.94092	0.94106			6
2025.08.11	01:37:21.317		0.94105			4
2025.08.11	01:37:23.405	0.94093				2
2025.08.11	01:37:33.114	0.94092	0.94106			6
2025.08.11	01:37:40.996	0.94093	0.94105			6
2025.08.11	01:37:41.475		0.94106			4
2025.08.11	01:37:41.825		0.94105			4
2025.08.11	01:37:42.173		0.94106			4
2025.08.11	01:37:47.221		0.94105			4
2025.08.11	01:37:48.881		0.94106			4
2025.08.11	01:37:50.326		0.94105			4
2025.08.11	01:37:51.205	0.94092				2
2025.08.11	01:37:53.906	0.94093	0.94106			6
2025.08.11	01:37:54.893	0.94092				2
2025.08.11	01:37:58.191		0.94105			4
2025.08.11	01:38:00.878	0.94092	0.94106			6
2025.08.11	01:38:02.852	0.94093				2
2025.08.11	01:38:06.756	0.94094				2
2025.08.11	01:38:10.925	0.94093	0.94105			6
2025.08.11	01:38:13.479		0.94106			4
2025.08.11	01:38:16.434		0.94105			4
2025.08.11	01:38:18.280		0.94106			4
2025.08.11	01:38:18.585		0.94105			4
2025.08.11	01:38:21.916		0.94106			4
2025.08.11	01:38:31.418		0.94105			4
2025.08.11	01:38:32.022	0.94094	0.94106			6
2025.08.11	01:38:34.225		0.94105			4
2025.08.11	01:38:41.852	0.94093				2
2025.08.11	01:38:47.276	0.94092				2
2025.08.11	01:38:48.276	0.94093				2
2025.08.11	01:38:53.498	0.94092				2
2025.08.11	01:38:54.278	0.94093				2
2025.08.11	01:39:00.280	0.94093				2
2025.08.11	01:39:01.846	0.94094				2
2025.08.11	01:39:07.779	0.94091	0.94104			6
2025.08.11	01:39:10.986	0.94092				2
2025.08.11	01:39:11.677	0.94091				2
2025.08.11	01:39:12.909	0.94092	0.94103			6
2025.08.11	01:39:14.663	0.94091	0.94104			6
2025.08.11	01:39:17.198		0.94103			4
2025.08.11	01:39:21.339		0.94104			4
2025.08.11	01:39:21.987	0.94090	0.94103			6
2025.08.11	01:39:25.223	0.94091	0.94102			6
2025.08.11	01:39:25.778	0.94090	0.94103			6
2025.08.11	01:39:26.205		0.94104			4
2025.08.11	01:39:26.686		0.94103			4
2025.08.11	01:39:36.987	0.94091				2
2025.08.11	01:39:38.172		0.94102			4
2025.08.11	01:39:39.319	0.94090	0.94103			6
2025.08.11	01:39:43.732	0.94092				2
2025.08.11	01:39:44.503	0.94091				2
2025.08.11	01:39:47.456	0.94092				2
2025.08.11	01:39:49.182	0.94091				2
2025.08.11	01:39:50.954	0.94093	0.94105			6
2025.08.11	01:39:51.878		0.94104			4
2025.08.11	01:40:00.751	0.94093				2
2025.08.11	01:40:02.034	0.94094	0.94106			6
2025.08.11	01:40:11.378		0.94107			4
2025.08.11	01:40:14.032		0.94106			4
2025.08.11	01:40:15.073		0.94107			4
2025.08.11	01:40:16.478		0.94106			4
2025.08.11	01:40:17.608	0.94092	0.94103			6
2025.08.11	01:40:19.206		0.94102			4
2025.08.11	01:40:19.525	0.94091	0.94103			6
2025.08.11	01:40:20.378		0.94102			4
2025.08.11	01:40:20.684		0.94103			4
2025.08.11	01:40:21.543	0.94092				2
2025.08.11	01:40:35.077		0.94104			4
2025.08.11	01:40:35.485		0.94103			4
2025.08.11	01:40:36.560		0.94104			4
2025.08.11	01:40:37.333		0.94103			4
2025.08.11	01:40:38.628		0.94104			4
2025.08.11	01:40:40.699		0.94103			4
2025.08.11	01:40:53.646	0.94093	0.94104			6
2025.08.11	01:40:57.067	0.94091				2
2025.08.11	01:40:57.739		0.94105			4
2025.08.11	01:40:58.118	0.94092	0.94104			6
2025.08.11	01:40:59.153		0.94103			4
2025.08.11	01:40:59.677	0.94091	0.94104			6
2025.08.11	01:41:00.251	0.94092				2
2025.08.11	01:41:02.316	0.94091				2
2025.08.11	01:41:04.334		0.94103			4
2025.08.11	01:41:05.080		0.94104			4
2025.08.11	01:41:06.407		0.94103			4
2025.08.11	01:41:07.177		0.94104			4
2025.08.11	01:41:07.499	0.94090				2
2025.08.11	01:41:12.627	0.94091	0.94103			6
2025.08.11	01:41:14.879	0.94090	0.94104			6
2025.08.11	01:41:20.916	0.94091	0.94103			6
2025.08.11	01:41:23.332	0.94090	0.94104			6
2025.08.11	01:41:23.637	0.94091				2
2025.08.11	01:41:27.100	0.94092				2
2025.08.11	01:41:27.883	0.94091				2
2025.08.11	01:41:32.968	0.94094	0.94105			6
2025.08.11	01:41:33.294		0.94104			4
2025.08.11	01:41:34.777		0.94105			4
2025.08.11	01:41:35.805	0.94095				2
2025.08.11	01:41:38.323	0.94094				2
2025.08.11	01:41:39.536	0.94095				2
2025.08.11	01:41:42.488		0.94106			4
2025.08.11	01:41:44.932		0.94105			4
2025.08.11	01:41:45.582	0.94094				2
2025.08.11	01:41:46.043	0.94095				2
2025.08.11	01:41:46.534	0.94094				2
2025.08.11	01:41:51.690	0.94092	0.94103			6
2025.08.11	01:41:52.039	0.94093	0.94104			6
2025.08.11	01:41:52.778	0.94092				2
2025.08.11	01:41:56.677		0.94105			4
2025.08.11	01:42:00.250	0.94092				2
2025.08.11	01:42:01.190		0.94104			4
2025.08.11	01:42:09.788	0.94093				2
2025.08.11	01:42:11.079	0.94092				2
2025.08.11	01:42:15.278		0.94105			4
2025.08.11	01:42:19.040	0.94093				2
2025.08.11	01:42:20.086	0.94092				2
2025.08.11	01:42:27.174	0.94093	0.94104			6
2025.08.11	01:42:30.281		0.94105			4
2025.08.11	01:42:31.358		0.94104			4
2025.08.11	01:42:32.974		0.94105			4
2025.08.11	01:42:34.491		0.94104			4
2025.08.11	01:42:36.356	0.94090				2
2025.08.11	01:42:39.892	0.94091				2
2025.08.11	01:42:40.247	0.94092				2
2025.08.11	01:42:42.320	0.94093				2
2025.08.11	01:42:45.279	0.94092				2
2025.08.11	01:42:47.389	0.94093				2
2025.08.11	01:42:54.178	0.94092				2
2025.08.11	01:42:56.304		0.94105			4
2025.08.11	01:42:57.933	0.94093	0.94104			6
2025.08.11	01:42:59.984	0.94092				2
2025.08.11	01:43:00.476	0.94092				2
2025.08.11	01:43:01.479		0.94105			4
2025.08.11	01:43:06.178		0.94104			4
2025.08.11	01:43:08.294	0.94091				2
2025.08.11	01:43:09.297	0.94092				2
2025.08.11	01:43:10.362	0.94091				2
2025.08.11	01:43:11.551	0.94090				2
2025.08.11	01:43:12.278	0.94091				2
2025.08.11	01:43:30.578		0.94105			4
2025.08.11	01:43:31.658	0.94092				2
2025.08.11	01:43:31.982	0.94093				2
2025.08.11	01:43:37.621	0.94094				2
2025.08.11	01:43:40.316	0.94093				2
2025.08.11	01:43:44.409		0.94104			4
2025.08.11	01:43:45.553		0.94105			4
2025.08.11	01:43:47.522		0.94104			4
2025.08.11	01:43:48.703		0.94105			4
2025.08.11	01:43:51.431		0.94104			4
2025.08.11	01:43:51.807		0.94105			4
2025.08.11	01:43:52.590		0.94104			4
2025.08.11	01:43:53.886		0.94105			4
2025.08.11	01:43:55.805		0.94104			4
2025.08.11	01:43:56.992		0.94105			4
2025.08.11	01:44:00.445	0.94093				2
2025.08.11	01:44:35.182	0.94092	0.94104			6
2025.08.11	01:44:36.438	0.94093	0.94103			6
2025.08.11	01:44:37.462	0.94092	0.94104			6
2025.08.11	01:44:43.312		0.94103			4
2025.08.11	01:44:45.400		0.94104			4
2025.08.11	01:44:46.785		0.94103			4
2025.08.11	01:44:47.492		0.94104			4
2025.08.11	01:45:00.747	0.94092	0.94105			6
2025.08.11	01:45:02.129	0.94090	0.94103			6
2025.08.11	01:45:04.179	0.94089	0.94104			6
2025.08.11	01:45:04.718	0.94090				2
2025.08.11	01:45:08.923	0.94091				2
2025.08.11	01:45:09.941	0.94092				2
2025.08.11	01:45:10.899	0.94091				2
2025.08.11	01:45:11.712	0.94092	0.94105			6
2025.08.11	01:45:12.579	0.94093				2
2025.08.11	01:45:13.957	0.94094	0.94106			6
2025.08.11	01:45:42.025	0.94093	0.94104			6
2025.08.11	01:45:56.122	0.94091	0.94103			6
2025.08.11	01:46:00.314	0.94091				2
2025.08.11	01:46:08.031	0.94090				2
2025.08.11	01:46:09.880	0.94091				2
2025.08.11	01:46:19.180	0.94087	0.94100			6
2025.08.11	01:46:22.779		0.94099			4
2025.08.11	01:46:29.216	0.94088				2
2025.08.11	01:46:30.880	0.94087				2
2025.08.11	01:46:40.728		0.94098			4
2025.08.11	01:46:41.796		0.94099			4
2025.08.11	01:46:47.017		0.94098			4
2025.08.11	01:46:49.101		0.94099			4
2025.08.11	01:47:00.423	0.94087				2
2025.08.11	01:47:06.848		0.94098			4
2025.08.11	01:47:15.879	0.94088				2
2025.08.11	01:47:21.466		0.94097			4
2025.08.11	01:47:24.580		0.94098			4
2025.08.11	01:47:28.377	0.94085	0.94097			6
2025.08.11	01:47:29.712	0.94086	0.94096			6
2025.08.11	01:47:30.376	0.94084	0.94095			6
2025.08.11	01:47:33.670		0.94096			4
2025.08.11	01:47:34.636		0.94095			4
2025.08.11	01:47:38.814		0.94096			4
2025.08.11	01:47:40.778		0.94095			4
2025.08.11	01:47:42.989		0.94096			4
2025.08.11	01:47:43.390		0.94095			4
2025.08.11	01:47:44.752	0.94085	0.94097			6
2025.08.11	01:48:00.088	0.94085				2
2025.08.11	01:48:44.978		0.94097			4
2025.08.11	01:48:55.737	0.94086				2
2025.08.11	01:48:57.114	0.94087	0.94098			6
2025.08.11	01:49:00.054	0.94087				2
2025.08.11	01:49:03.381	0.94088	0.94099			6
2025.08.11	01:49:03.687		0.94100			4
2025.08.11	01:49:07.628	0.94094	0.94106			6
2025.08.11	01:49:08.355	0.94095				2
2025.08.11	01:49:09.717		0.94105			4
2025.08.11	01:49:11.699	0.94094	0.94107			6
2025.08.11	01:49:12.577	0.94095				2
2025.08.11	01:49:13.761	0.94096	0.94106			6
2025.08.11	01:49:16.877	0.94095	0.94107			6
2025.08.11	01:49:17.801	0.94096				2
2025.08.11	01:49:36.591		0.94106			4
2025.08.11	01:49:37.757	0.94095	0.94107			6
2025.08.11	01:49:43.845		0.94108			4
2025.08.11	01:49:44.880		0.94107			4
2025.08.11	01:49:51.699	0.94097	0.94108			6
2025.08.11	01:49:55.236		0.94107			4
2025.08.11	01:49:56.280		0.94108			4
2025.08.11	01:49:57.315	0.94096				2
2025.08.11	01:50:00.368	0.94098	0.94107			6
2025.08.11	01:50:01.462	0.94097	0.94108			6
2025.08.11	01:50:10.721	0.94098				2
2025.08.11	01:50:12.277	0.94097				2
2025.08.11	01:50:13.635	0.94098				2
2025.08.11	01:50:14.064	0.94097				2
2025.08.11	01:50:14.873	0.94098				2
2025.08.11	01:50:15.934	0.94097				2
2025.08.11	01:50:25.310	0.94096				2
2025.08.11	01:50:26.257	0.94097	0.94107			6
2025.08.11	01:50:27.511		0.94108			4
2025.08.11	01:50:34.640	0.94096				2
2025.08.11	01:50:37.747	0.94097				2
2025.08.11	01:50:41.696	0.94098	0.94107			6
2025.08.11	01:50:42.030	0.94096	0.94108			6
2025.08.11	01:50:43.969	0.94097				2
2025.08.11	01:50:44.979	0.94096				2
2025.08.11	01:50:47.074	0.94097				2
2025.08.11	01:50:48.113	0.94096				2
2025.08.11	01:50:49.888	0.94098	0.94107			6
2025.08.11	01:50:50.211	0.94097	0.94108			6
2025.08.11	01:50:50.907	0.94098	0.94107			6
2025.08.11	01:50:51.348	0.94097	0.94108			6
2025.08.11	01:50:52.234	0.94098				2
2025.08.11	01:50:53.264	0.94097				2
2025.08.11	01:50:58.281	0.94098	0.94107			6
2025.08.11	01:50:58.603	0.94097	0.94108			6
2025.08.11	01:51:00.547	0.94098	0.94107			6
2025.08.11	01:51:00.935	0.94096				2
2025.08.11	01:51:01.350	0.94100	0.94108			6
2025.08.11	01:51:04.450		0.94107			4
2025.08.11	01:51:07.602	0.94099				2
2025.08.11	01:51:07.912	0.94097				2
2025.08.11	01:51:08.567	0.94098	0.94106			6
2025.08.11	01:51:09.364	0.94097	0.94107			6
2025.08.11	01:51:10.442	0.94098				2
2025.08.11	01:51:13.085	0.94097				2
2025.08.11	01:51:27.318	0.94098	0.94108			6
2025.08.11	01:51:27.629	0.94097	0.94109			6
2025.08.11	01:51:29.882	0.94098	0.94110			6
2025.08.11	01:51:36.175	0.94099	0.94109			6
2025.08.11	01:51:38.351	0.94098				2
2025.08.11	01:51:59.377	0.94100				2
2025.08.11	01:51:59.730	0.94099	0.94110			6
2025.08.11	01:52:00.574	0.94100	0.94109			6
2025.08.11	01:52:04.611	0.94099				2
2025.08.11	01:52:07.890	0.94100				2
2025.08.11	01:52:08.196	0.94098				2
2025.08.11	01:52:08.550	0.94099	0.94110			6
2025.08.11	01:52:09.608	0.94098				2
2025.08.11	01:52:14.237	0.94100	0.94111			6
2025.08.11	01:52:16.044	0.94102	0.94110			6
2025.08.11	01:52:17.154	0.94100				2
2025.08.11	01:52:18.685	0.94101				2
2025.08.11	01:52:19.146	0.94100				2
2025.08.11	01:52:24.874		0.94112			4
2025.08.11	01:52:27.373		0.94111			4
2025.08.11	01:52:36.931		0.94112			4
2025.08.11	01:52:37.798	0.94101	0.94111			6
2025.08.11	01:52:38.302		0.94110			4
2025.08.11	01:52:38.961	0.94100				2
2025.08.11	01:52:43.824	0.94101	0.94111			6
2025.08.11	01:52:51.368		0.94110			4
2025.08.11	01:52:52.271	0.94102				2
2025.08.11	01:52:52.624		0.94111			4
2025.08.11	01:52:53.531	0.94101				2
2025.08.11	01:53:00.127	0.94101				2
2025.08.11	01:53:03.769	0.94100				2
2025.08.11	01:53:14.178	0.94101				2
2025.08.11	01:53:16.436	0.94100	0.94112			6
2025.08.11	01:53:18.281	0.94101	0.94111			6
2025.08.11	01:53:21.487	0.94102	0.94110			6
2025.08.11	01:53:22.519	0.94101	0.94111			6
2025.08.11	01:53:23.554	0.94100				2
2025.08.11	01:53:39.101		0.94112			4
2025.08.11	01:53:40.136	0.94099	0.94111			6
2025.08.11	01:53:40.513	0.94101				2
2025.08.11	01:53:40.820	0.94100				2
2025.08.11	01:53:41.287	0.94101				2
2025.08.11	01:53:41.763	0.94100	0.94112			6
2025.08.11	01:53:48.768	0.94101	0.94111			6
2025.08.11	01:53:49.184	0.94100				2
2025.08.11	01:53:50.879	0.94101				2
2025.08.11	01:53:51.576	0.94100				2
2025.08.11	01:53:51.888	0.94101	0.94110			6
2025.08.11	01:53:52.196	0.94100	0.94111			6
2025.08.11	01:53:52.563	0.94099				2
2025.08.11	01:53:53.922		0.94110			4
2025.08.11	01:53:54.264		0.94111			4
2025.08.11	01:53:57.581	0.94098	0.94112			6
2025.08.11	01:53:58.323	0.94100	0.94111			6
2025.08.11	01:54:00.514	0.94100	0.94112			6
2025.08.11	01:54:01.422		0.94111			4
2025.08.11	01:54:03.808		0.94110			4
2025.08.11	01:54:04.204		0.94111			4
2025.08.11	01:54:04.509	0.94099				2
2025.08.11	01:54:22.146		0.94112			4
2025.08.11	01:54:24.087		0.94111			4
2025.08.11	01:54:25.253		0.94112			4
2025.08.11	01:54:26.124		0.94111			4
2025.08.11	01:54:26.663		0.94112			4
2025.08.11	01:54:27.193		0.94111			4
2025.08.11	01:54:28.778		0.94112			4
2025.08.11	01:54:30.268		0.94111			4
2025.08.11	01:54:31.979		0.94112			4
2025.08.11	01:54:34.447		0.94111			4
2025.08.11	01:54:35.100		0.94112			4
2025.08.11	01:54:35.458		0.94111			4
2025.08.11	01:54:36.188		0.94112			4
2025.08.11	01:54:44.674	0.94101				2
2025.08.11	01:54:45.376	0.94102				2
2025.08.11	01:54:45.679	0.94101				2
2025.08.11	01:54:48.130	0.94100				2
2025.08.11	01:54:48.534	0.94101	0.94111			6
2025.08.11	01:54:48.975	0.94100	0.94112			6
2025.08.11	01:54:51.740	0.94101	0.94111			6
2025.08.11	01:54:52.086	0.94100	0.94112			6
2025.08.11	01:55:00.138	0.94101	0.94111			6
2025.08.11	01:55:01.414	0.94100	0.94112			6
2025.08.11	01:55:09.380	0.94101	0.94111			6
2025.08.11	01:55:09.706	0.94100	0.94112			6
2025.08.11	01:55:10.323	0.94101	0.94111			6
2025.08.11	01:55:10.743	0.94100	0.94112			6
2025.08.11	01:55:11.615	0.94101	0.94111			6
2025.08.11	01:55:12.814	0.94100	0.94112			6
2025.08.11	01:55:13.667	0.94101	0.94111			6
2025.08.11	01:55:15.927	0.94100	0.94112			6
2025.08.11	01:55:16.777	0.94101	0.94111			6
2025.08.11	01:55:20.300	0.94100	0.94112			6
2025.08.11	01:55:21.952	0.94101	0.94111			6
2025.08.11	01:55:24.216	0.94100	0.94112			6
2025.08.11	01:55:29.036	0.94101	0.94111			6
2025.08.11	01:55:29.396	0.94100	0.94112			6
2025.08.11	01:55:31.308		0.94113			4
2025.08.11	01:55:32.227	0.94098	0.94112			6
2025.08.11	01:55:32.539	0.94099				2
2025.08.11	01:55:40.678	0.94098				2
2025.08.11	01:55:41.672	0.94099				2
2025.08.11	01:55:45.669	0.94100	0.94111			6
2025.08.11	01:55:45.987		0.94112			4
2025.08.11	01:55:46.856	0.94099				2
2025.08.11	01:55:47.730	0.94100	0.94111			6
2025.08.11	01:55:48.058	0.94099	0.94112			6
2025.08.11	01:55:53.975	0.94100	0.94111			6
2025.08.11	01:55:54.277	0.94099	0.94112			6
2025.08.11	01:55:56.058	0.94102	0.94113			6
2025.08.11	01:55:58.812	0.94103				2
2025.08.11	01:56:00.363	0.94103				2
2025.08.11	01:56:04.701	0.94101	0.94112			6
2025.08.11	01:56:05.010	0.94100	0.94113			6
2025.08.11	01:56:08.201	0.94099				2
2025.08.11	01:56:10.439	0.94100				2
2025.08.11	01:56:15.314	0.94099	0.94112			6
2025.08.11	01:56:17.089	0.94100	0.94113			6
2025.08.11	01:56:18.326		0.94112			4
2025.08.11	01:56:18.734		0.94113			4
2025.08.11	01:56:19.652	0.94099				2
2025.08.11	01:56:20.376	0.94100				2
2025.08.11	01:56:20.686	0.94099				2
2025.08.11	01:56:21.414	0.94100				2
2025.08.11	01:56:24.948	0.94099				2
2025.08.11	01:56:25.704	0.94100	0.94112			6
2025.08.11	01:56:26.535	0.94099				2
2025.08.11	01:56:29.999		0.94113			4
2025.08.11	01:56:30.327	0.94100				2
2025.08.11	01:56:31.042		0.94112			4
2025.08.11	01:56:31.899	0.94101				2
2025.08.11	01:56:32.204	0.94100				2
2025.08.11	01:56:32.943		0.94113			4
2025.08.11	01:56:35.991	0.94101	0.94112			6
2025.08.11	01:56:36.352	0.94100	0.94113			6
2025.08.11	01:56:45.557	0.94099				2
2025.08.11	01:56:51.770	0.94100				2
2025.08.11	01:57:00.061	0.94100				2
2025.08.11	01:57:06.281	0.94099				2
2025.08.11	01:57:10.142	0.94100	0.94112			6
2025.08.11	01:57:10.559	0.94099	0.94113			6
2025.08.11	01:57:11.197	0.94100	0.94112			6
2025.08.11	01:57:11.590	0.94099	0.94113			6
2025.08.11	01:57:16.267	0.94102				2
2025.08.11	01:57:16.567	0.94101				2
2025.08.11	01:57:19.099	0.94102				2
2025.08.11	01:57:19.891	0.94101	0.94114			6
2025.08.11	01:57:20.413	0.94102	0.94113			6
2025.08.11	01:57:21.804	0.94101				2
2025.08.11	01:57:22.869		0.94114			4
2025.08.11	01:57:25.510		0.94112			4
2025.08.11	01:57:29.078		0.94113			4
2025.08.11	01:57:30.884	0.94102	0.94112			6
2025.08.11	01:57:31.202		0.94113			4
2025.08.11	01:57:32.088		0.94112			4
2025.08.11	01:57:32.456	0.94101	0.94113			6
2025.08.11	01:57:33.303	0.94102				2
2025.08.11	01:57:36.282		0.94112			4
2025.08.11	01:57:36.596		0.94113			4
2025.08.11	01:57:37.477	0.94101				2
2025.08.11	01:57:40.612	0.94102				2
2025.08.11	01:57:44.505		0.94112			4
2025.08.11	01:57:44.884	0.94101	0.94113			6
2025.08.11	01:57:46.540	0.94102				2
2025.08.11	01:57:46.932	0.94101				2
2025.08.11	01:57:49.657	0.94102				2
2025.08.11	01:57:50.005	0.94101				2
2025.08.11	01:57:50.734	0.94102				2
2025.08.11	01:57:51.054	0.94101				2
2025.08.11	01:57:51.779	0.94102				2
2025.08.11	01:57:52.092	0.94101				2
2025.08.11	01:57:52.824	0.94102				2
2025.08.11	01:57:53.137	0.94101				2
2025.08.11	01:57:53.872	0.94102				2
2025.08.11	01:57:54.185	0.94101				2
2025.08.11	01:57:55.957	0.94102				2
2025.08.11	01:57:56.269	0.94101				2
2025.08.11	01:57:56.651	0.94102	0.94112			6
2025.08.11	01:57:58.044	0.94103	0.94114			6
2025.08.11	01:57:59.187	0.94104	0.94113			6
2025.08.11	01:58:00.131	0.94104				2
2025.08.11	01:58:02.279	0.94103				2
2025.08.11	01:58:13.852	0.94102	0.94114			6
2025.08.11	01:58:14.745	0.94103	0.94113			6
2025.08.11	01:58:15.075	0.94102				2
2025.08.11	01:58:15.950		0.94114			4
2025.08.11	01:58:18.085		0.94113			4
2025.08.11	01:58:21.116		0.94114			4
2025.08.11	01:58:24.245		0.94113			4
2025.08.11	01:58:27.279		0.94114			4
2025.08.11	01:58:27.686	0.94103	0.94116			6
2025.08.11	01:58:28.688		0.94115			4
2025.08.11	01:58:29.326	0.94102				2
2025.08.11	01:58:29.664	0.94103	0.94114			6
2025.08.11	01:58:30.950	0.94102	0.94115			6
2025.08.11	01:58:34.676	0.94103	0.94114			6
2025.08.11	01:58:35.004	0.94102	0.94115			6
2025.08.11	01:58:35.730	0.94103	0.94114			6
2025.08.11	01:58:36.096	0.94102	0.94115			6
2025.08.11	01:58:36.774	0.94103				2
2025.08.11	01:58:37.126	0.94102				2
2025.08.11	01:58:37.816	0.94103	0.94114			6
2025.08.11	01:58:38.134	0.94102	0.94115			6
2025.08.11	01:58:38.564	0.94100	0.94114			6
2025.08.11	01:58:40.109	0.94101				2
2025.08.11	01:58:40.523	0.94100	0.94115			6
2025.08.11	01:58:40.992	0.94101	0.94114			6
2025.08.11	01:58:42.087	0.94100				2
2025.08.11	01:58:44.134	0.94101				2
2025.08.11	01:58:44.822	0.94100				2
2025.08.11	01:58:45.129	0.94101	0.94113			6
2025.08.11	01:58:48.434	0.94100				2
2025.08.11	01:58:49.308		0.94114			4
2025.08.11	01:58:50.343		0.94113			4
2025.08.11	01:58:51.378	0.94101				2
2025.08.11	01:58:52.599	0.94100				2
2025.08.11	01:58:58.397	0.94102	0.94112			6
2025.08.11	01:58:58.815	0.94101	0.94113			6
2025.08.11	01:59:00.698	0.94101				2
2025.08.11	01:59:06.775		0.94112			4
2025.08.11	01:59:07.100		0.94113			4
2025.08.11	01:59:09.003	0.94102	0.94112			6
2025.08.11	01:59:16.235	0.94101				2
2025.08.11	01:59:20.432	0.94102				2
2025.08.11	01:59:22.507	0.94101				2
2025.08.11	01:59:23.510	0.94102				2
2025.08.11	01:59:26.785	0.94101				2
2025.08.11	01:59:27.686	0.94102				2
2025.08.11	01:59:28.721	0.94101	0.94113			6
2025.08.11	01:59:29.763	0.94102	0.94112			6
2025.08.11	01:59:32.839	0.94101	0.94113			6
2025.08.11	01:59:33.859	0.94102				2
2025.08.11	01:59:38.862	0.94101	0.94114			6
2025.08.11	01:59:40.692	0.94102	0.94113			6
2025.08.11	01:59:42.818	0.94104	0.94114			6
2025.08.11	01:59:43.154	0.94103				2
2025.08.11	01:59:44.243	0.94104	0.94113			6
2025.08.11	01:59:45.222	0.94103	0.94114			6
2025.08.11	01:59:46.289	0.94104	0.94113			6
2025.08.11	01:59:47.891	0.94103				2
2025.08.11	01:59:48.530		0.94114			4
2025.08.11	01:59:49.425	0.94102				2
2025.08.11	01:59:51.495	0.94103				2
2025.08.11	01:59:52.432	0.94102				2
2025.08.11	01:59:52.828	0.94104				2
2025.08.11	01:59:54.488	0.94102				2
2025.08.11	01:59:55.576	0.94103				2
2025.08.11	01:59:58.363	0.94104	0.94116			6
2025.08.11	01:59:58.696	0.94102				2
2025.08.11	02:00:00.349	0.94105	0.94115			6
2025.08.11	02:00:01.689		0.94116			4
2025.08.11	02:00:02.042	0.94106				2
2025.08.11	02:00:02.794	0.94105				2
2025.08.11	02:00:06.371	0.94097	0.94109			6
2025.08.11	02:00:06.681	0.94094	0.94108			6
2025.08.11	02:00:07.368	0.94095	0.94107			6
2025.08.11	02:00:08.369	0.94091	0.94104			6
2025.08.11	02:00:08.723	0.94093				2
2025.08.11	02:00:10.339	0.94094				2
2025.08.11	02:00:11.609	0.94093	0.94102			6
2025.08.11	02:00:12.558	0.94092	0.94103			6
2025.08.11	02:00:12.864	0.94093	0.94102			6
2025.08.11	02:00:14.715	0.94092	0.94103			6
2025.08.11	02:00:15.042	0.94093	0.94102			6
2025.08.11	02:00:15.814		0.94104			4
2025.08.11	02:00:16.835	0.94094				2
2025.08.11	02:00:17.861	0.94093				2
2025.08.11	02:00:18.961	0.94092				2
2025.08.11	02:00:19.997	0.94093				2
2025.08.11	02:00:20.315	0.94092				2
2025.08.11	02:00:22.027	0.94093	0.94103			6
2025.08.11	02:00:23.106		0.94104			4
2025.08.11	02:00:24.179		0.94103			4
2025.08.11	02:00:24.940		0.94104			4
2025.08.11	02:00:30.365	0.94097	0.94106			6
2025.08.11	02:00:34.157		0.94107			4
2025.08.11	02:00:35.966	0.94096				2
2025.08.11	02:00:36.479	0.94097				2
2025.08.11	02:00:43.734	0.94098				2
2025.08.11	02:00:44.517	0.94096	0.94108			6
2025.08.11	02:00:47.036	0.94097				2
2025.08.11	02:00:48.080	0.94098				2
2025.08.11	02:00:49.463		0.94107			4
2025.08.11	02:00:49.834	0.94095	0.94108			6
2025.08.11	02:00:50.141	0.94096				2
2025.08.11	02:00:59.897		0.94107			4
2025.08.11	02:01:00.593	0.94096				2
2025.08.11	02:01:02.393	0.94095	0.94108			6
2025.08.11	02:01:03.396	0.94096				2
2025.08.11	02:01:04.525	0.94097				2
2025.08.11	02:01:19.186	0.94099	0.94111			6
2025.08.11	02:01:20.800	0.94100				2
2025.08.11	02:01:29.285		0.94112			4
2025.08.11	02:01:30.934	0.94101				2
2025.08.11	02:01:31.249	0.94100				2
2025.08.11	02:01:33.309	0.94101	0.94110			6
2025.08.11	02:01:49.888	0.94102				2
2025.08.11	02:01:51.075	0.94100				2
2025.08.11	02:01:51.377	0.94102				2
2025.08.11	02:01:55.647	0.94100				2
2025.08.11	02:02:00.620	0.94101				2
2025.08.11	02:02:11.221		0.94109			4
2025.08.11	02:02:11.942	0.94100	0.94110			6
2025.08.11	02:02:13.006		0.94111			4
2025.08.11	02:02:16.243	0.94101	0.94110			6
2025.08.11	02:02:24.156		0.94111			4
2025.08.11	02:02:28.964	0.94103	0.94110			6
2025.08.11	02:02:32.630	0.94101	0.94111			6
2025.08.11	02:02:45.138		0.94110			4
2025.08.11	02:02:47.189	0.94100	0.94111			6
2025.08.11	02:02:54.029	0.94099	0.94110			6
2025.08.11	02:02:54.340	0.94098	0.94109			6
2025.08.11	02:02:57.270		0.94110			4
2025.08.11	02:02:59.532	0.94099				2
2025.08.11	02:03:00.320	0.94099				2
2025.08.11	02:03:01.080		0.94109			4
2025.08.11	02:03:06.277	0.94098	0.94110			6
2025.08.11	02:03:17.330	0.94097	0.94109			6
2025.08.11	02:03:18.008		0.94110			4
2025.08.11	02:03:18.416	0.94094	0.94107			6
2025.08.11	02:03:21.364		0.94105			4
2025.08.11	02:03:54.261	0.94095	0.94107			6
2025.08.11	02:03:58.008	0.94094	0.94105			6
2025.08.11	02:04:00.244	0.94093	0.94104			6
2025.08.11	02:04:00.551	0.94092				2
2025.08.11	02:04:03.025		0.94103			4
2025.08.11	02:04:04.346	0.94091	0.94104			6
2025.08.11	02:04:11.937	0.94092	0.94105			6
2025.08.11	02:04:13.150	0.94091	0.94104			6
2025.08.11	02:04:18.098		0.94107			4
2025.08.11	02:04:19.857	0.94092				2
2025.08.11	02:04:20.169		0.94105			4
2025.08.11	02:04:25.820	0.94090				2
2025.08.11	02:04:26.242	0.94091	0.94106			6
2025.08.11	02:04:38.279	0.94092	0.94107			6
2025.08.11	02:04:46.892		0.94106			4
2025.08.11	02:04:52.944		0.94105			4
2025.08.11	02:05:00.280	0.94091				2
2025.08.11	02:05:06.279	0.94092				2
2025.08.11	02:05:18.134	0.94091				2
2025.08.11	02:05:45.331		0.94106			4
2025.08.11	02:05:46.374		0.94105			4
2025.08.11	02:05:55.949	0.94086	0.94098			6
2025.08.11	02:06:00.122	0.94086				2
2025.08.11	02:06:18.906		0.94099			4
2025.08.11	02:06:25.830	0.94085				2
2025.08.11	02:06:26.137		0.94096			4
2025.08.11	02:06:26.752	0.94086				2
2025.08.11	02:06:27.128		0.94097			4
2025.08.11	02:06:27.434		0.94098			4
2025.08.11	02:06:29.271	0.94087				2
2025.08.11	02:06:33.768		0.94099			4
2025.08.11	02:06:51.611	0.94088	0.94102			6
2025.08.11	02:06:53.748	0.94087				2
2025.08.11	02:06:55.851	0.94088				2
2025.08.11	02:07:01.199	0.94089				2
2025.08.11	02:07:29.608	0.94092	0.94104			6
2025.08.11	02:07:38.100		0.94103			4
2025.08.11	02:07:39.572		0.94101			4
2025.08.11	02:07:40.589		0.94100			4
2025.08.11	02:07:40.910		0.94099			4
2025.08.11	02:07:45.822		0.94100			4
2025.08.11	02:07:48.217	0.94088	0.94099			6
2025.08.11	02:07:48.552		0.94097			4
2025.08.11	02:07:49.178		0.94098			4
2025.08.11	02:07:49.518		0.94100			4
2025.08.11	02:08:00.427	0.94088	0.94102			6
2025.08.11	02:08:05.608	0.94089				2
2025.08.11	02:08:10.621	0.94088				2
2025.08.11	02:08:20.117	0.94089				2
2025.08.11	02:08:23.238		0.94101			4
2025.08.11	02:08:23.978	0.94088				2
2025.08.11	02:08:29.180	0.94087				2
2025.08.11	02:08:30.289		0.94100			4
2025.08.11	02:08:35.812	0.94088	0.94102			6
2025.08.11	02:08:39.783	0.94089				2
2025.08.11	02:08:43.842		0.94101			4
2025.08.11	02:08:52.724		0.94102			4
2025.08.11	02:09:00.325	0.94089				2
2025.08.11	02:09:21.574		0.94101			4
2025.08.11	02:09:26.970		0.94100			4
2025.08.11	02:09:29.893	0.94085	0.94098			6
2025.08.11	02:09:30.623		0.94094			4
2025.08.11	02:09:31.623		0.94093			4
2025.08.11	02:09:38.146	0.94086				2
2025.08.11	02:09:39.282	0.94085				2
2025.08.11	02:09:41.673	0.94079	0.94089			6
2025.08.11	02:09:41.977		0.94087			4
2025.08.11	02:09:42.582	0.94076	0.94088			6
2025.08.11	02:09:43.815		0.94087			4
2025.08.11	02:09:45.566		0.94088			4
2025.08.11	02:09:51.790	0.94077				2
2025.08.11	02:09:53.054		0.94087			4
2025.08.11	02:09:53.816		0.94088			4
2025.08.11	02:09:54.135	0.94074	0.94087			6
2025.08.11	02:09:54.447	0.94073	0.94085			6
2025.08.11	02:09:56.384		0.94084			4
2025.08.11	02:10:00.112	0.94072				2
2025.08.11	02:10:02.874		0.94085			4
2025.08.11	02:10:06.642	0.94074	0.94086			6
2025.08.11	02:10:31.634	0.94073	0.94085			6
2025.08.11	02:10:32.214	0.94072				2
2025.08.11	02:10:45.340	0.94070				2
2025.08.11	02:10:45.977	0.94068	0.94083			6
2025.08.11	02:10:46.278	0.94069				2
2025.08.11	02:10:53.452		0.94082			4
2025.08.11	02:10:59.672	0.94072	0.94084			6
2025.08.11	02:11:00.339	0.94072				2
2025.08.11	02:11:07.138	0.94071				2
2025.08.11	02:11:08.175	0.94065	0.94080			6
2025.08.11	02:11:08.481	0.94067				2
2025.08.11	02:11:10.226		0.94079			4
2025.08.11	02:11:10.541	0.94068				2
2025.08.11	02:11:12.951	0.94070	0.94081			6
2025.08.11	02:11:55.555		0.94084			4
2025.08.11	02:12:00.827	0.94070				2
2025.08.11	02:12:07.087		0.94081			4
2025.08.11	02:12:17.384		0.94082			4
2025.08.11	02:12:19.852	0.94069				2
2025.08.11	02:12:22.487	0.94070				2
2025.08.11	02:12:34.000	0.94069				2
2025.08.11	02:12:53.382	0.94070				2
2025.08.11	02:12:57.278	0.94069				2
2025.08.11	02:12:58.765	0.94073	0.94087			6
2025.08.11	02:13:00.348	0.94074				2
2025.08.11	02:13:05.204	0.94073	0.94085			6
2025.08.11	02:13:06.486	0.94072				2
2025.08.11	02:13:24.285	0.94073				2
2025.08.11	02:13:40.356		0.94087			4
2025.08.11	02:13:47.942	0.94072	0.94085			6
2025.08.11	02:14:00.604	0.94072				2
2025.08.11	02:14:32.042	0.94073	0.94087			6
2025.08.11	02:14:44.808	0.94074	0.94088			6
2025.08.11	02:14:45.983	0.94073				2
2025.08.11	02:14:47.149		0.94087			4
2025.08.11	02:14:51.047	0.94074	0.94086			6
2025.08.11	02:14:56.417	0.94071	0.94083			6
2025.08.11	02:14:59.844	0.94070				2
2025.08.11	02:15:00.228	0.94070	0.94082			6
2025.08.11	02:15:00.558	0.94066	0.94080			6
2025.08.11	02:15:00.871	0.94062	0.94075			6
2025.08.11	02:15:02.129		0.94074			4
2025.08.11	02:15:02.442	0.94063	0.94075			6
2025.08.11	02:15:09.392	0.94066	0.94078			6
2025.08.11	02:15:09.700	0.94067	0.94079			6
2025.08.11	02:15:15.068	0.94068				2
2025.08.11	02:15:21.344	0.94065	0.94077			6
2025.08.11	02:15:26.904	0.94064	0.94075			6
2025.08.11	02:16:00.534	0.94064				2
2025.08.11	02:16:02.442		0.94077			4
2025.08.11	02:16:19.117		0.94076			4
2025.08.11	02:16:22.132	0.94063				2
2025.08.11	02:16:23.235	0.94062				2
2025.08.11	02:16:30.754	0.94063				2
2025.08.11	02:16:36.031	0.94062	0.94077			6
2025.08.11	02:16:41.404	0.94063	0.94076			6
2025.08.11	02:16:44.537	0.94062	0.94074			6
2025.08.11	02:16:45.490		0.94073			4
2025.08.11	02:16:49.324		0.94072			4
2025.08.11	02:16:54.513		0.94074			4
2025.08.11	02:16:55.035		0.94076			4
2025.08.11	02:16:55.337	0.94063	0.94074			6
2025.08.11	02:16:57.319		0.94075			4
2025.08.11	02:17:00.572	0.94062	0.94076			6
2025.08.11	02:17:01.082		0.94074			4
2025.08.11	02:17:01.675	0.94063	0.94076			6
2025.08.11	02:17:11.684	0.94061	0.94075			6
2025.08.11	02:17:21.145	0.94062				2
2025.08.11	02:17:30.347	0.94061				2
2025.08.11	02:17:32.834	0.94063	0.94076			6
2025.08.11	02:17:33.148		0.94075			4
2025.08.11	02:17:34.137		0.94076			4
2025.08.11	02:17:34.822		0.94077			4
2025.08.11	02:17:36.411	0.94062				2
2025.08.11	02:17:42.469	0.94066				2
2025.08.11	02:17:42.817	0.94065	0.94079			6
2025.08.11	02:17:43.294	0.94066				2
2025.08.11	02:18:00.491	0.94066				2
2025.08.11	02:18:03.631	0.94067				2
2025.08.11	02:18:10.830	0.94066				2
2025.08.11	02:18:15.119		0.94080			4
2025.08.11	02:18:21.964		0.94079			4
2025.08.11	02:18:23.481		0.94078			4
2025.08.11	02:18:32.295	0.94062	0.94074			6
2025.08.11	02:18:33.572		0.94072			4
2025.08.11	02:18:36.029		0.94073			4
2025.08.11	02:18:37.105	0.94061				2
2025.08.11	02:18:37.419	0.94060				2
2025.08.11	02:18:38.131		0.94072			4
2025.08.11	02:18:41.674	0.94061				2
2025.08.11	02:19:01.375	0.94061				2
2025.08.11	02:19:09.321	0.94064	0.94074			6
2025.08.11	02:19:12.336	0.94063				2
2025.08.11	02:19:17.428	0.94062				2
2025.08.11	02:19:19.201		0.94073			4
2025.08.11	02:19:26.624		0.94072			4
2025.08.11	02:19:30.326	0.94061				2
2025.08.11	02:19:38.896		0.94073			4
2025.08.11	02:19:39.645		0.94072			4
2025.08.11	02:19:50.243		0.94073			4
2025.08.11	02:19:50.561		0.94072			4
2025.08.11	02:19:52.119	0.94059	0.94071			6
2025.08.11	02:19:53.138	0.94061	0.94072			6
2025.08.11	02:20:00.167	0.94061				2
2025.08.11	02:20:02.845	0.94060				2
2025.08.11	02:20:07.889	0.94058	0.94070			6
2025.08.11	02:20:08.888	0.94059				2
2025.08.11	02:20:26.599	0.94060				2
2025.08.11	02:20:31.128	0.94059				2
2025.08.11	02:20:34.801	0.94060				2
2025.08.11	02:20:39.099	0.94059				2
2025.08.11	02:20:44.413	0.94060	0.94072			6
2025.08.11	02:20:46.440	0.94061	0.94069			6
