<DATE>	<TIME>	<BID>	<ASK>	<LAST>	<VOLUME>	<FLAGS>
2025.03.05	00:00:00.298	0.94494	0.94540			6
2025.03.05	00:00:00.727	0.94431	0.94622			6
2025.03.05	00:00:01.119	0.94402	0.94594			6
2025.03.05	00:00:01.573		0.94578			4
2025.03.05	00:00:02.573		0.94573			4
2025.03.05	00:00:06.791	0.94401				2
2025.03.05	00:00:10.727	0.94392				2
2025.03.05	00:00:21.238	0.94354				2
2025.03.05	00:00:31.193	0.94362	0.94571			6
2025.03.05	00:00:39.741		0.94560			4
2025.03.05	00:01:08.647	0.94355				2
2025.03.05	00:01:34.732		0.94568			4
2025.03.05	00:02:10.971	0.94355				2
2025.03.05	00:02:25.475	0.94351				2
2025.03.05	00:02:29.734		0.94570			4
2025.03.05	00:03:00.525	0.94351				2
2025.03.05	00:03:06.144		0.94571			4
2025.03.05	00:04:00.961	0.94351				2
2025.03.05	00:04:11.354		0.94571			4
2025.03.05	00:04:25.484	0.94350				2
2025.03.05	00:05:01.489	0.94350				2
2025.03.05	00:05:12.368		0.94571			4
2025.03.05	00:05:25.483	0.94348				2
2025.03.05	00:05:29.394		0.94557			4
2025.03.05	00:05:29.815	0.94370				2
2025.03.05	00:05:30.669		0.94559			4
2025.03.05	00:05:49.652	0.94378	0.94557			6
2025.03.05	00:05:58.627	0.94372	0.94547			6
2025.03.05	00:06:00.319	0.94372				2
2025.03.05	00:06:02.793		0.94549			4
2025.03.05	00:06:28.443		0.94553			4
2025.03.05	00:06:33.659	0.94369				2
2025.03.05	00:06:42.154	0.94348	0.94528			6
2025.03.05	00:07:00.236	0.94348				2
2025.03.05	00:07:28.878	0.94377	0.94545			6
2025.03.05	00:07:47.855	0.94370	0.94550			6
2025.03.05	00:07:51.904		0.94542			4
2025.03.05	00:07:59.752		0.94544			4
2025.03.05	00:08:00.873	0.94370	0.94550			6
2025.03.05	00:08:01.670		0.94538			4
2025.03.05	00:08:02.567	0.94365				2
2025.03.05	00:08:07.841		0.94556			4
2025.03.05	00:08:11.691	0.94343	0.94571			6
2025.03.05	00:08:24.170	0.94346				2
2025.03.05	00:08:49.551	0.94378				2
2025.03.05	00:08:52.917	0.94352				2
2025.03.05	00:09:00.335	0.94352				2
2025.03.05	00:09:12.352		0.94571			4
2025.03.05	00:09:52.922	0.94359				2
2025.03.05	00:10:00.359	0.94359	0.94565			6
2025.03.05	00:10:07.939		0.94570			4
2025.03.05	00:10:08.298		0.94569			4
2025.03.05	00:10:09.688		0.94566			4
2025.03.05	00:10:14.126	0.94367	0.94546			6
2025.03.05	00:10:44.716	0.94366				2
2025.03.05	00:10:45.622	0.94367	0.94547			6
2025.03.05	00:10:45.927	0.94368				2
2025.03.05	00:10:48.041	0.94366	0.94546			6
2025.03.05	00:10:51.369	0.94367	0.94547			6
2025.03.05	00:10:54.396	0.94368	0.94548			6
2025.03.05	00:10:59.284		0.94547			4
2025.03.05	00:11:00.190	0.94368				2
2025.03.05	00:11:06.237	0.94369	0.94549			6
2025.03.05	00:11:06.541	0.94379	0.94559			6
2025.03.05	00:11:19.539	0.94374	0.94583			6
2025.03.05	00:11:21.640		0.94579			4
2025.03.05	00:11:23.088	0.94379	0.94559			6
2025.03.05	00:11:23.723	0.94369	0.94577			6
2025.03.05	00:11:29.536	0.94376	0.94556			6
2025.03.05	00:11:30.177	0.94369	0.94577			6
2025.03.05	00:11:31.669		0.94578			4
2025.03.05	00:11:32.297		0.94577			4
2025.03.05	00:11:35.935	0.94376	0.94557			6
2025.03.05	00:11:36.579	0.94369	0.94577			6
2025.03.05	00:11:42.498	0.94376	0.94557			6
2025.03.05	00:11:43.132	0.94369	0.94577			6
2025.03.05	00:11:48.928	0.94374	0.94555			6
2025.03.05	00:11:49.535	0.94369	0.94577			6
2025.03.05	00:12:00.710	0.94364	0.94576			6
2025.03.05	00:12:01.700		0.94575			4
2025.03.05	00:12:13.888		0.94576			4
2025.03.05	00:12:14.607		0.94575			4
2025.03.05	00:12:17.301		0.94576			4
2025.03.05	00:12:25.437	0.94380	0.94579			6
2025.03.05	00:12:27.428	0.94374	0.94580			6
2025.03.05	00:12:28.734	0.94369	0.94578			6
2025.03.05	00:12:32.825		0.94577			4
2025.03.05	00:12:35.298		0.94578			4
2025.03.05	00:12:42.444	0.94394	0.94573			6
2025.03.05	00:13:00.369	0.94394				2
2025.03.05	00:13:35.063		0.94559			4
2025.03.05	00:14:02.550	0.94394				2
2025.03.05	00:14:04.789	0.94389	0.94568			6
2025.03.05	00:14:05.155	0.94394				2
2025.03.05	00:14:11.255	0.94399				2
2025.03.05	00:14:15.017	0.94401	0.94571			6
2025.03.05	00:14:15.962	0.94409				2
2025.03.05	00:14:25.645	0.94434				2
2025.03.05	00:14:27.669	0.94444				2
2025.03.05	00:14:51.815	0.94408	0.94575			6
2025.03.05	00:14:52.129	0.94424				2
2025.03.05	00:14:54.184	0.94407				2
2025.03.05	00:14:54.978	0.94415	0.94569			6
2025.03.05	00:14:55.290	0.94429	0.94571			6
2025.03.05	00:14:59.299	0.94439				2
2025.03.05	00:15:00.406	0.94439				2
2025.03.05	00:15:23.326	0.94429				2
2025.03.05	00:15:38.949	0.94444				2
2025.03.05	00:15:39.266	0.94454				2
2025.03.05	00:15:56.355		0.94571			4
2025.03.05	00:16:00.380	0.94454				2
2025.03.05	00:16:20.769	0.94455	0.94570			6
2025.03.05	00:16:46.753	0.94459	0.94571			6
2025.03.05	00:17:04.359	0.94459				2
2025.03.05	00:17:15.461		0.94563			4
2025.03.05	00:17:17.057		0.94571			4
2025.03.05	00:18:05.195	0.94459				2
2025.03.05	00:18:20.413	0.94444	0.94571			6
2025.03.05	00:18:20.725	0.94449				2
2025.03.05	00:18:23.190	0.94394	0.94563			6
2025.03.05	00:18:23.511	0.94419	0.94575			6
2025.03.05	00:18:24.271	0.94399	0.94567			6
2025.03.05	00:18:24.586	0.94409	0.94577			6
2025.03.05	00:18:25.026		0.94576			4
2025.03.05	00:18:25.543	0.94414	0.94577			6
2025.03.05	00:18:26.174		0.94574			4
2025.03.05	00:18:26.505	0.94409	0.94562			6
2025.03.05	00:18:26.813	0.94404				2
2025.03.05	00:18:27.656	0.94394	0.94573			6
2025.03.05	00:18:27.964	0.94404	0.94572			6
2025.03.05	00:18:28.275		0.94568			4
2025.03.05	00:18:28.662	0.94384	0.94563			6
2025.03.05	00:18:28.965	0.94363	0.94556			6
2025.03.05	00:18:29.384		0.94564			4
2025.03.05	00:18:29.685	0.94379	0.94560			6
2025.03.05	00:18:29.987	0.94385	0.94551			6
2025.03.05	00:18:30.304	0.94414	0.94570			6
2025.03.05	00:18:30.637		0.94571			4
2025.03.05	00:18:32.340	0.94409	0.94564			6
2025.03.05	00:18:32.645		0.94565			4
2025.03.05	00:18:32.947		0.94562			4
2025.03.05	00:18:33.363		0.94563			4
2025.03.05	00:18:33.666		0.94561			4
2025.03.05	00:18:33.986	0.94404	0.94564			6
2025.03.05	00:18:34.336		0.94559			4
2025.03.05	00:18:39.207		0.94558			4
2025.03.05	00:18:39.556		0.94557			4
2025.03.05	00:18:47.739	0.94379	0.94549			6
2025.03.05	00:18:48.046	0.94394	0.94557			6
2025.03.05	00:18:48.347		0.94561			4
2025.03.05	00:18:48.665		0.94560			4
2025.03.05	00:18:53.048		0.94562			4
2025.03.05	00:18:53.390		0.94560			4
2025.03.05	00:18:53.775		0.94562			4
2025.03.05	00:18:54.508		0.94560			4
2025.03.05	00:18:55.892		0.94563			4
2025.03.05	00:18:59.598		0.94564			4
2025.03.05	00:19:07.238	0.94394				2
2025.03.05	00:19:35.467	0.94399				2
2025.03.05	00:20:00.587	0.94399	0.94564			6
2025.03.05	00:20:22.567		0.94557			4
2025.03.05	00:20:45.925	0.94404	0.94567			6
2025.03.05	00:20:50.456	0.94399	0.94564			6
2025.03.05	00:20:54.576	0.94384	0.94562			6
2025.03.05	00:20:55.110		0.94559			4
2025.03.05	00:20:55.517	0.94366	0.94545			6
2025.03.05	00:20:55.921	0.94367	0.94546			6
2025.03.05	00:20:56.297	0.94374	0.94553			6
2025.03.05	00:20:58.226	0.94375	0.94554			6
2025.03.05	00:21:04.098	0.94375				2
2025.03.05	00:21:08.381	0.94373	0.94553			6
2025.03.05	00:21:08.744		0.94552			4
2025.03.05	00:21:21.364	0.94389	0.94561			6
2025.03.05	00:21:21.664	0.94390	0.94562			6
2025.03.05	00:21:22.115	0.94394				2
2025.03.05	00:22:00.269	0.94397				2
2025.03.05	00:22:08.588	0.94399	0.94573			6
2025.03.05	00:22:27.860		0.94572			4
2025.03.05	00:22:29.839		0.94561			4
2025.03.05	00:22:30.197		0.94569			4
2025.03.05	00:22:33.807		0.94561			4
2025.03.05	00:22:46.469	0.94400				2
2025.03.05	00:22:49.774	0.94321	0.94558			6
2025.03.05	00:22:50.160	0.94329	0.94553			6
2025.03.05	00:22:50.877	0.94339	0.94548			6
2025.03.05	00:22:51.275	0.94343				2
2025.03.05	00:22:52.229	0.94344	0.94547			6
2025.03.05	00:22:55.550	0.94349	0.94540			6
2025.03.05	00:22:55.857	0.94347				2
2025.03.05	00:22:59.968	0.94348	0.94539			6
2025.03.05	00:23:00.283	0.94348				2
2025.03.05	00:23:03.412	0.94347	0.94541			6
2025.03.05	00:23:03.796		0.94542			4
2025.03.05	00:23:06.809	0.94349	0.94548			6
2025.03.05	00:23:07.402		0.94549			4
2025.03.05	00:23:16.945	0.94353	0.94544			6
2025.03.05	00:23:21.198	0.94352				2
2025.03.05	00:23:27.201		0.94545			4
2025.03.05	00:23:30.199	0.94351				2
2025.03.05	00:23:34.441	0.94352	0.94546			6
2025.03.05	00:23:42.565	0.94347				2
2025.03.05	00:23:58.169	0.94332	0.94556			6
2025.03.05	00:23:58.485	0.94339	0.94558			6
2025.03.05	00:23:58.788	0.94329	0.94562			6
2025.03.05	00:23:59.119	0.94330				2
2025.03.05	00:23:59.597	0.94339	0.94551			6
2025.03.05	00:23:59.908		0.94556			4
2025.03.05	00:24:00.237	0.94334	0.94555			6
2025.03.05	00:24:03.484		0.94552			4
2025.03.05	00:24:03.786	0.94331	0.94553			6
2025.03.05	00:24:04.474	0.94330	0.94555			6
2025.03.05	00:24:04.897	0.94329	0.94556			6
2025.03.05	00:24:05.204		0.94557			4
2025.03.05	00:24:05.509	0.94328				2
2025.03.05	00:24:05.955	0.94327				2
2025.03.05	00:24:06.669	0.94326	0.94559			6
2025.03.05	00:24:07.286		0.94558			4
2025.03.05	00:24:07.608	0.94327	0.94560			6
2025.03.05	00:24:07.984	0.94326	0.94559			6
2025.03.05	00:24:12.705	0.94329	0.94562			6
2025.03.05	00:24:39.641	0.94330				2
2025.03.05	00:25:00.308	0.94330				2
2025.03.05	00:25:30.883		0.94562			4
2025.03.05	00:25:57.000	0.94327	0.94559			6
2025.03.05	00:25:57.496	0.94329	0.94561			6
2025.03.05	00:26:00.381	0.94329				2
2025.03.05	00:26:16.796	0.94328	0.94560			6
2025.03.05	00:26:18.826	0.94330	0.94562			6
2025.03.05	00:26:20.900	0.94329	0.94561			6
2025.03.05	00:26:28.848	0.94328				2
2025.03.05	00:26:29.150	0.94326	0.94559			6
2025.03.05	00:26:36.197		0.94558			4
2025.03.05	00:26:45.799	0.94327	0.94560			6
2025.03.05	00:26:55.439	0.94326	0.94557			6
2025.03.05	00:26:55.747	0.94325				2
2025.03.05	00:26:56.048	0.94324	0.94556			6
2025.03.05	00:26:56.664	0.94325				2
2025.03.05	00:26:59.002		0.94557			4
2025.03.05	00:26:59.523	0.94326	0.94558			6
2025.03.05	00:26:59.897	0.94328	0.94559			6
2025.03.05	00:27:00.371	0.94328				2
2025.03.05	00:27:54.797	0.94329				2
2025.03.05	00:28:00.318	0.94329	0.94559			6
2025.03.05	00:28:18.579		0.94558			4
2025.03.05	00:28:37.100	0.94328	0.94557			6
2025.03.05	00:28:56.449	0.94329	0.94558			6
2025.03.05	00:29:02.298	0.94329				2
2025.03.05	00:29:56.600		0.94558			4
2025.03.05	00:30:00.003	0.94329				2
2025.03.05	00:30:00.388	0.94330				2
2025.03.05	00:30:08.899	0.94331	0.94557			6
2025.03.05	00:30:21.765	0.94332	0.94556			6
2025.03.05	00:30:24.675	0.94327	0.94550			6
2025.03.05	00:30:26.355		0.94549			4
2025.03.05	00:30:30.936	0.94328				2
2025.03.05	00:30:33.198		0.94548			4
2025.03.05	00:30:35.599	0.94329				2
2025.03.05	00:30:37.435		0.94547			4
2025.03.05	00:30:41.897	0.94330				2
2025.03.05	00:30:43.403		0.94546			4
2025.03.05	00:30:48.641	0.94331				2
2025.03.05	00:30:50.299		0.94545			4
2025.03.05	00:30:54.202	0.94332				2
2025.03.05	00:30:56.171		0.94544			4
2025.03.05	00:31:00.383	0.94332				2
2025.03.05	00:31:00.785	0.94334	0.94545			6
2025.03.05	00:31:03.800	0.94335	0.94544			6
2025.03.05	00:31:10.399	0.94336	0.94543			6
2025.03.05	00:31:19.079	0.94337	0.94542			6
2025.03.05	00:31:23.638	0.94343	0.94548			6
2025.03.05	00:31:25.311		0.94547			4
2025.03.05	00:31:27.199	0.94344				2
2025.03.05	00:31:32.979		0.94546			4
2025.03.05	00:31:35.898	0.94345				2
2025.03.05	00:31:42.023		0.94545			4
2025.03.05	00:31:42.358	0.94347	0.94547			6
2025.03.05	00:31:46.868	0.94348	0.94546			6
2025.03.05	00:31:47.974	0.94349	0.94545			6
2025.03.05	00:31:51.047	0.94350				2
2025.03.05	00:31:52.400		0.94544			4
2025.03.05	00:31:54.533	0.94347	0.94542			6
2025.03.05	00:31:58.399	0.94348	0.94541			6
2025.03.05	00:32:01.697	0.94348				2
2025.03.05	00:32:03.344	0.94349	0.94540			6
2025.03.05	00:32:04.970	0.94350	0.94541			6
2025.03.05	00:32:05.597	0.94349	0.94540			6
2025.03.05	00:32:10.118	0.94350				2
2025.03.05	00:32:10.608		0.94539			4
2025.03.05	00:32:17.460	0.94351				2
2025.03.05	00:32:18.473		0.94538			4
2025.03.05	00:32:22.500	0.94352	0.94537			6
2025.03.05	00:32:31.098	0.94353	0.94536			6
2025.03.05	00:32:48.644	0.94354	0.94535			6
2025.03.05	00:32:54.576	0.94355	0.94534			6
2025.03.05	00:33:02.156	0.94355				2
2025.03.05	00:33:16.028	0.94352	0.94532			6
2025.03.05	00:33:25.408	0.94353				2
2025.03.05	00:33:28.398		0.94531			4
2025.03.05	00:33:58.702	0.94354	0.94530			6
2025.03.05	00:34:00.577	0.94354				2
2025.03.05	00:34:29.299	0.94355	0.94529			6
2025.03.05	00:35:00.312	0.94355				2
2025.03.05	00:35:30.785		0.94529			4
2025.03.05	00:35:39.197		0.94528			4
2025.03.05	00:35:41.301	0.94356	0.94529			6
2025.03.05	00:35:42.021	0.94355	0.94528			6
2025.03.05	00:35:42.797	0.94356				2
2025.03.05	00:35:55.715	0.94355	0.94527			6
2025.03.05	00:35:56.121	0.94356	0.94528			6
2025.03.05	00:35:56.597		0.94527			4
2025.03.05	00:35:59.117		0.94526			4
2025.03.05	00:36:00.395	0.94356				2
2025.03.05	00:36:01.032	0.94357	0.94527			6
2025.03.05	00:36:09.799	0.94358				2
2025.03.05	00:36:10.443	0.94357	0.94525			6
2025.03.05	00:36:11.148	0.94358	0.94526			6
2025.03.05	00:36:21.230		0.94525			4
2025.03.05	00:36:22.510	0.94359				2
2025.03.05	00:36:22.998	0.94358				2
2025.03.05	00:36:25.398		0.94524			4
2025.03.05	00:36:31.102	0.94359	0.94525			6
2025.03.05	00:36:35.000	0.94358	0.94524			6
2025.03.05	00:36:37.289	0.94359	0.94525			6
2025.03.05	00:36:38.299	0.94358	0.94524			6
2025.03.05	00:36:41.902	0.94359				2
2025.03.05	00:36:49.399	0.94360				2
2025.03.05	00:37:00.029	0.94360				2
2025.03.05	00:37:11.694	0.94361	0.94523			6
2025.03.05	00:37:29.292	0.94360	0.94522			6
2025.03.05	00:37:35.899	0.94361				2
2025.03.05	00:37:40.371		0.94523			4
2025.03.05	00:37:42.617	0.94362				2
2025.03.05	00:37:43.697		0.94522			4
2025.03.05	00:38:02.929	0.94362				2
2025.03.05	00:38:14.599	0.94363				2
2025.03.05	00:38:16.098		0.94521			4
2025.03.05	00:38:25.698	0.94359	0.94518			6
2025.03.05	00:38:28.397	0.94360	0.94517			6
2025.03.05	00:38:54.797	0.94359	0.94516			6
2025.03.05	00:38:56.021	0.94360				2
2025.03.05	00:38:57.810		0.94517			4
2025.03.05	00:39:00.392	0.94360				2
2025.03.05	00:39:00.810		0.94516			4
2025.03.05	00:39:12.659		0.94515			4
2025.03.05	00:39:20.525	0.94362	0.94517			6
2025.03.05	00:39:21.146		0.94523			4
2025.03.05	00:39:21.497	0.94366	0.94521			6
2025.03.05	00:39:21.846	0.94364	0.94519			6
2025.03.05	00:39:22.523	0.94362	0.94521			6
2025.03.05	00:39:22.824	0.94364	0.94519			6
2025.03.05	00:39:24.172	0.94362	0.94524			6
2025.03.05	00:39:24.485	0.94364	0.94520			6
2025.03.05	00:39:24.793	0.94363	0.94519			6
2025.03.05	00:39:26.234	0.94364				2
2025.03.05	00:39:28.507	0.94363	0.94518			6
2025.03.05	00:39:34.101	0.94362				2
2025.03.05	00:39:42.973	0.94363				2
2025.03.05	00:39:45.197	0.94362				2
2025.03.05	00:39:50.579		0.94519			4
2025.03.05	00:39:51.177	0.94363				2
2025.03.05	00:39:51.617	0.94361	0.94518			6
2025.03.05	00:39:52.174	0.94362	0.94519			6
2025.03.05	00:39:57.500		0.94518			4
2025.03.05	00:39:59.597	0.94363				2
2025.03.05	00:40:00.059	0.94363				2
2025.03.05	00:40:06.075	0.94362	0.94519			6
2025.03.05	00:40:06.796	0.94361				2
2025.03.05	00:40:07.999	0.94362				2
2025.03.05	00:40:08.803	0.94363	0.94517			6
2025.03.05	00:40:13.640	0.94364				2
2025.03.05	00:40:24.800	0.94367	0.94521			6
2025.03.05	00:40:26.007	0.94368	0.94520			6
2025.03.05	00:40:29.044		0.94521			4
2025.03.05	00:40:29.522		0.94520			4
2025.03.05	00:40:30.378		0.94521			4
2025.03.05	00:40:37.690		0.94520			4
2025.03.05	00:40:43.099	0.94369				2
2025.03.05	00:40:48.960	0.94368	0.94521			6
2025.03.05	00:40:52.098		0.94520			4
2025.03.05	00:41:02.430	0.94368				2
2025.03.05	00:41:09.779		0.94519			4
2025.03.05	00:41:11.178		0.94520			4
2025.03.05	00:41:14.140	0.94370	0.94521			6
2025.03.05	00:41:16.999	0.94368	0.94520			6
2025.03.05	00:41:18.197		0.94521			4
2025.03.05	00:41:24.498		0.94523			4
2025.03.05	00:42:00.523	0.94368				2
2025.03.05	00:42:06.073		0.94522			4
2025.03.05	00:42:15.198		0.94523			4
2025.03.05	00:42:34.440		0.94522			4
2025.03.05	00:42:44.515		0.94523			4
2025.03.05	00:42:51.580	0.94381	0.94534			6
2025.03.05	00:42:54.705	0.94380	0.94533			6
2025.03.05	00:42:55.986		0.94532			4
2025.03.05	00:43:00.387	0.94379	0.94533			6
2025.03.05	00:43:05.597		0.94534			4
2025.03.05	00:43:06.092		0.94532			4
2025.03.05	00:43:07.340	0.94380	0.94539			6
2025.03.05	00:43:07.649		0.94545			4
2025.03.05	00:43:08.275		0.94544			4
2025.03.05	00:43:11.299	0.94381				2
2025.03.05	00:43:12.229	0.94385	0.94540			6
2025.03.05	00:43:12.990		0.94541			4
2025.03.05	00:43:13.290		0.94542			4
2025.03.05	00:43:13.603	0.94388	0.94540			6
2025.03.05	00:43:14.091	0.94386	0.94542			6
2025.03.05	00:43:14.408		0.94541			4
2025.03.05	00:43:14.713		0.94543			4
2025.03.05	00:43:15.035		0.94542			4
2025.03.05	00:43:15.344	0.94385				2
2025.03.05	00:43:15.647	0.94388	0.94540			6
2025.03.05	00:43:16.256	0.94385	0.94541			6
2025.03.05	00:43:17.491	0.94386	0.94540			6
2025.03.05	00:43:18.360	0.94388	0.94538			6
2025.03.05	00:43:19.998	0.94387				2
2025.03.05	00:43:20.588	0.94388	0.94539			6
2025.03.05	00:43:21.848	0.94387	0.94540			6
2025.03.05	00:43:24.384	0.94388	0.94539			6
2025.03.05	00:43:24.827	0.94387	0.94538			6
2025.03.05	00:43:25.487		0.94540			4
2025.03.05	00:43:37.097		0.94542			4
2025.03.05	00:43:38.299		0.94540			4
2025.03.05	00:43:39.545	0.94389				2
2025.03.05	00:43:39.863	0.94388	0.94539			6
2025.03.05	00:43:40.176	0.94387	0.94542			6
2025.03.05	00:43:40.488		0.94543			4
2025.03.05	00:43:40.804		0.94541			4
2025.03.05	00:43:41.113		0.94540			4
2025.03.05	00:43:41.735		0.94541			4
2025.03.05	00:43:42.359		0.94540			4
2025.03.05	00:43:44.763		0.94541			4
2025.03.05	00:43:45.402		0.94540			4
2025.03.05	00:43:46.025		0.94543			4
2025.03.05	00:43:46.399		0.94541			4
2025.03.05	00:43:47.016		0.94540			4
2025.03.05	00:43:47.323		0.94542			4
2025.03.05	00:43:47.624	0.94388				2
2025.03.05	00:43:47.924		0.94539			4
2025.03.05	00:43:48.235		0.94538			4
2025.03.05	00:43:48.630		0.94540			4
2025.03.05	00:43:48.942		0.94539			4
2025.03.05	00:43:50.077		0.94538			4
2025.03.05	00:43:51.017		0.94539			4
2025.03.05	00:43:51.642	0.94389	0.94538			6
2025.03.05	00:43:52.698	0.94390	0.94539			6
2025.03.05	00:43:53.004	0.94389	0.94538			6
2025.03.05	00:43:53.616	0.94390	0.94540			6
2025.03.05	00:43:54.243	0.94389	0.94538			6
2025.03.05	00:43:55.183	0.94390	0.94539			6
2025.03.05	00:43:55.964	0.94389	0.94538			6
2025.03.05	00:43:57.544	0.94390	0.94539			6
2025.03.05	00:43:58.405	0.94389	0.94538			6
2025.03.05	00:43:59.033	0.94390	0.94539			6
2025.03.05	00:43:59.659	0.94389	0.94538			6
2025.03.05	00:44:00.275	0.94390	0.94539			6
2025.03.05	00:44:00.898	0.94389	0.94538			6
2025.03.05	00:44:03.082	0.94390	0.94539			6
2025.03.05	00:44:03.394	0.94389	0.94538			6
2025.03.05	00:44:07.044	0.94390	0.94539			6
2025.03.05	00:44:07.373	0.94389	0.94538			6
2025.03.05	00:44:07.673	0.94390	0.94539			6
2025.03.05	00:44:08.170	0.94389	0.94538			6
2025.03.05	00:44:08.802	0.94390	0.94539			6
2025.03.05	00:44:09.104	0.94389	0.94538			6
2025.03.05	00:44:22.448	0.94390	0.94539			6
2025.03.05	00:44:22.759	0.94389	0.94538			6
2025.03.05	00:44:25.256	0.94390	0.94539			6
2025.03.05	00:44:25.573	0.94389	0.94538			6
2025.03.05	00:44:25.879	0.94390				2
2025.03.05	00:44:26.187		0.94539			4
2025.03.05	00:44:26.500	0.94389	0.94538			6
2025.03.05	00:44:26.962	0.94390	0.94539			6
2025.03.05	00:44:27.279	0.94389	0.94538			6
2025.03.05	00:44:29.160	0.94390	0.94539			6
2025.03.05	00:44:30.401	0.94389	0.94538			6
2025.03.05	00:44:32.586	0.94390	0.94539			6
2025.03.05	00:44:33.201	0.94389	0.94538			6
2025.03.05	00:44:33.720	0.94391	0.94539			6
2025.03.05	00:44:34.484	0.94390				2
2025.03.05	00:44:35.108	0.94389	0.94538			6
2025.03.05	00:44:36.163	0.94390	0.94539			6
2025.03.05	00:44:36.484	0.94389	0.94538			6
2025.03.05	00:44:38.775	0.94390	0.94539			6
2025.03.05	00:44:39.086	0.94391	0.94540			6
2025.03.05	00:44:57.427		0.94539			4
2025.03.05	00:44:57.993		0.94540			4
2025.03.05	00:45:00.957	0.94391				2
2025.03.05	00:45:01.866	0.94399	0.94520			6
2025.03.05	00:45:02.773	0.94401	0.94522			6
2025.03.05	00:45:04.286	0.94391	0.94540			6
2025.03.05	00:45:09.186	0.94409	0.94522			6
2025.03.05	00:45:13.997	0.94410				2
2025.03.05	00:45:28.101		0.94521			4
2025.03.05	00:45:54.358	0.94409	0.94522			6
2025.03.05	00:45:58.703	0.94410	0.94521			6
2025.03.05	00:46:07.129	0.94409	0.94520			6
2025.03.05	00:46:07.440	0.94411	0.94521			6
2025.03.05	00:46:19.370	0.94410	0.94520			6
2025.03.05	00:46:19.696	0.94409	0.94519			6
2025.03.05	00:46:22.361	0.94408	0.94517			6
2025.03.05	00:46:22.665	0.94409	0.94519			6
2025.03.05	00:46:23.004	0.94411				2
2025.03.05	00:46:42.932	0.94410	0.94518			6
2025.03.05	00:46:52.309		0.94517			4
2025.03.05	00:46:52.701		0.94518			4
2025.03.05	00:46:55.324		0.94517			4
2025.03.05	00:46:56.033	0.94409	0.94516			6
2025.03.05	00:46:56.345	0.94408	0.94515			6
2025.03.05	00:46:57.430	0.94406	0.94513			6
2025.03.05	00:46:57.853	0.94407				2
2025.03.05	00:47:00.900	0.94407				2
2025.03.05	00:47:02.031	0.94422	0.94507			6
2025.03.05	00:47:04.174	0.94407	0.94513			6
2025.03.05	00:47:09.415	0.94409	0.94515			6
2025.03.05	00:47:20.543	0.94407	0.94513			6
2025.03.05	00:47:27.432	0.94406	0.94511			6
2025.03.05	00:47:28.907		0.94512			4
2025.03.05	00:47:32.171	0.94405	0.94511			6
2025.03.05	00:47:32.528		0.94510			4
2025.03.05	00:47:33.090		0.94511			4
2025.03.05	00:47:33.497	0.94406	0.94512			6
2025.03.05	00:47:35.301	0.94405	0.94511			6
2025.03.05	00:47:36.089	0.94408	0.94514			6
2025.03.05	00:47:36.563		0.94513			4
2025.03.05	00:47:36.900	0.94406	0.94512			6
2025.03.05	00:47:37.241	0.94407	0.94513			6
2025.03.05	00:47:39.651	0.94408				2
2025.03.05	00:47:42.742	0.94407				2
2025.03.05	00:47:43.264	0.94409	0.94514			6
2025.03.05	00:48:00.197	0.94408				2
2025.03.05	00:48:09.798	0.94407	0.94513			6
2025.03.05	00:48:11.537		0.94512			4
2025.03.05	00:48:14.123	0.94404	0.94509			6
2025.03.05	00:48:17.458	0.94405				2
2025.03.05	00:48:18.124	0.94404	0.94508			6
2025.03.05	00:48:20.367	0.94405				2
2025.03.05	00:48:21.655	0.94406	0.94509			6
2025.03.05	00:48:23.161	0.94407	0.94510			6
2025.03.05	00:48:24.252	0.94406	0.94509			6
2025.03.05	00:48:26.900	0.94407				2
2025.03.05	00:48:31.466	0.94404	0.94507			6
2025.03.05	00:48:43.712	0.94405				2
2025.03.05	00:48:47.713	0.94407	0.94509			6
2025.03.05	00:48:51.202	0.94406	0.94508			6
2025.03.05	00:48:54.786	0.94407	0.94509			6
2025.03.05	00:48:57.798		0.94508			4
2025.03.05	00:49:00.227	0.94407				2
2025.03.05	00:49:06.806	0.94408				2
2025.03.05	00:49:07.919	0.94412	0.94511			6
2025.03.05	00:49:08.537	0.94413	0.94512			6
2025.03.05	00:49:14.578	0.94412	0.94510			6
2025.03.05	00:49:15.313		0.94511			4
2025.03.05	00:49:18.800	0.94413				2
2025.03.05	00:49:28.951		0.94512			4
2025.03.05	00:49:33.927		0.94511			4
2025.03.05	00:49:37.663		0.94512			4
2025.03.05	00:49:38.762	0.94414				2
2025.03.05	00:49:39.682	0.94415	0.94513			6
2025.03.05	00:49:48.871	0.94412	0.94510			6
2025.03.05	00:49:49.177	0.94414	0.94512			6
2025.03.05	00:49:50.899	0.94415	0.94513			6
2025.03.05	00:49:53.707	0.94416				2
2025.03.05	00:49:56.476	0.94412	0.94508			6
2025.03.05	00:49:56.792	0.94411	0.94509			6
2025.03.05	00:49:57.106	0.94412	0.94508			6
2025.03.05	00:49:58.368	0.94413	0.94509			6
2025.03.05	00:49:58.671	0.94412	0.94508			6
2025.03.05	00:49:58.997	0.94411	0.94507			6
2025.03.05	00:49:59.315	0.94412				2
2025.03.05	00:49:59.624		0.94506			4
2025.03.05	00:49:59.944		0.94507			4
2025.03.05	00:50:00.245	0.94412	0.94506			6
2025.03.05	00:50:00.551	0.94410	0.94510			6
2025.03.05	00:50:00.858	0.94413	0.94507			6
2025.03.05	00:50:01.998	0.94412				2
2025.03.05	00:50:02.314	0.94414	0.94509			6
2025.03.05	00:50:02.674	0.94413	0.94508			6
2025.03.05	00:50:03.306	0.94416	0.94510			6
2025.03.05	00:50:03.614	0.94412	0.94509			6
2025.03.05	00:50:04.703	0.94416	0.94510			6
2025.03.05	00:50:05.005	0.94413				2
2025.03.05	00:50:05.306	0.94411				2
2025.03.05	00:50:05.616	0.94416				2
2025.03.05	00:50:05.933	0.94413				2
2025.03.05	00:50:06.572	0.94411				2
2025.03.05	00:50:07.325	0.94417	0.94512			6
2025.03.05	00:50:11.303	0.94415	0.94510			6
2025.03.05	00:50:11.769	0.94416	0.94511			6
2025.03.05	00:50:12.123	0.94421	0.94516			6
2025.03.05	00:50:19.559	0.94420				2
2025.03.05	00:50:37.076		0.94517			4
2025.03.05	00:50:38.658	0.94417	0.94514			6
2025.03.05	00:50:39.038	0.94418	0.94515			6
2025.03.05	00:51:01.401	0.94417				2
2025.03.05	00:51:03.200		0.94516			4
2025.03.05	00:51:53.180	0.94407	0.94511			6
2025.03.05	00:51:53.620	0.94408	0.94510			6
2025.03.05	00:51:54.134	0.94404	0.94514			6
2025.03.05	00:51:56.597	0.94405				2
2025.03.05	00:52:00.173	0.94405				2
2025.03.05	00:52:01.098	0.94406				2
2025.03.05	00:52:08.130		0.94515			4
2025.03.05	00:52:08.899		0.94516			4
2025.03.05	00:52:13.698		0.94517			4
2025.03.05	00:52:16.071		0.94515			4
2025.03.05	00:52:18.176		0.94518			4
2025.03.05	00:52:20.422		0.94516			4
2025.03.05	00:52:21.689	0.94409	0.94513			6
2025.03.05	00:52:24.353		0.94510			4
2025.03.05	00:52:33.226	0.94408	0.94511			6
2025.03.05	00:52:39.655		0.94514			4
2025.03.05	00:52:39.964		0.94513			4
2025.03.05	00:52:43.071	0.94407				2
2025.03.05	00:52:46.413	0.94411	0.94516			6
2025.03.05	00:52:46.727	0.94412	0.94514			6
2025.03.05	00:52:48.353		0.94515			4
2025.03.05	00:52:49.861	0.94411				2
2025.03.05	00:52:52.364	0.94417	0.94519			6
2025.03.05	00:52:53.461	0.94416				2
2025.03.05	00:53:01.237	0.94416				2
2025.03.05	00:53:05.428		0.94520			4
2025.03.05	00:53:19.432	0.94417	0.94521			6
2025.03.05	00:53:19.746	0.94416	0.94520			6
2025.03.05	00:53:24.317	0.94415				2
2025.03.05	00:53:36.837		0.94521			4
2025.03.05	00:53:50.371	0.94414	0.94520			6
2025.03.05	00:53:52.690		0.94521			4
2025.03.05	00:53:54.294	0.94421	0.94527			6
2025.03.05	00:53:54.605	0.94422	0.94528			6
2025.03.05	00:53:56.635	0.94421	0.94527			6
2025.03.05	00:54:02.796	0.94420	0.94528			6
2025.03.05	00:54:04.135	0.94421	0.94527			6
2025.03.05	00:54:07.695	0.94420	0.94526			6
2025.03.05	00:54:07.999	0.94417	0.94525			6
2025.03.05	00:54:09.477		0.94526			4
2025.03.05	00:54:13.691	0.94419				2
2025.03.05	00:54:19.140	0.94418	0.94527			6
2025.03.05	00:54:20.897		0.94526			4
2025.03.05	00:54:24.546	0.94419	0.94529			6
2025.03.05	00:54:28.000	0.94421	0.94527			6
2025.03.05	00:54:34.624	0.94419	0.94525			6
2025.03.05	00:54:35.689	0.94420	0.94526			6
2025.03.05	00:54:36.686	0.94423	0.94529			6
2025.03.05	00:54:56.694	0.94424	0.94530			6
2025.03.05	00:55:00.502	0.94424				2
2025.03.05	00:55:23.598		0.94529			4
2025.03.05	00:55:25.697		0.94530			4
2025.03.05	00:55:33.202	0.94421	0.94527			6
2025.03.05	00:55:34.408	0.94426	0.94531			6
2025.03.05	00:55:50.644	0.94425				2
2025.03.05	00:55:53.301		0.94532			4
2025.03.05	00:56:00.394	0.94425				2
2025.03.05	00:56:37.277		0.94531			4
2025.03.05	00:56:41.498		0.94532			4
2025.03.05	00:56:57.797	0.94424	0.94533			6
2025.03.05	00:56:58.319	0.94423	0.94534			6
2025.03.05	00:57:02.362	0.94425	0.94532			6
2025.03.05	00:57:20.524	0.94424	0.94533			6
2025.03.05	00:57:20.853	0.94425	0.94532			6
2025.03.05	00:57:55.987		0.94537			4
2025.03.05	00:57:56.526	0.94424	0.94531			6
2025.03.05	00:58:00.264	0.94424				2
2025.03.05	00:58:02.723	0.94417	0.94525			6
2025.03.05	00:58:03.030	0.94421	0.94530			6
2025.03.05	00:58:05.204	0.94413	0.94523			6
2025.03.05	00:58:05.505	0.94414	0.94524			6
2025.03.05	00:58:07.399	0.94415				2
2025.03.05	00:58:09.031	0.94413	0.94522			6
2025.03.05	00:58:10.705		0.94521			4
2025.03.05	00:58:14.597	0.94414	0.94522			6
2025.03.05	00:58:22.632	0.94413	0.94521			6
2025.03.05	00:58:24.998	0.94406	0.94520			6
2025.03.05	00:58:25.315	0.94408	0.94519			6
2025.03.05	00:58:25.786	0.94411	0.94520			6
2025.03.05	00:58:31.308	0.94414	0.94524			6
2025.03.05	00:58:31.765		0.94523			4
2025.03.05	00:58:32.391		0.94524			4
2025.03.05	00:58:32.764	0.94413	0.94522			6
2025.03.05	00:58:33.513	0.94412				2
2025.03.05	00:58:36.260	0.94411	0.94520			6
2025.03.05	00:58:36.788	0.94412	0.94521			6
2025.03.05	00:58:46.726	0.94409	0.94525			6
2025.03.05	00:58:47.052		0.94519			4
2025.03.05	00:58:47.724	0.94408				2
2025.03.05	00:58:52.864	0.94410				2
2025.03.05	00:58:53.170	0.94403	0.94513			6
2025.03.05	00:58:53.897	0.94402				2
2025.03.05	00:58:54.207	0.94416	0.94526			6
2025.03.05	00:58:55.178	0.94417	0.94527			6
2025.03.05	00:59:00.067	0.94417				2
2025.03.05	00:59:00.559		0.94526			4
2025.03.05	00:59:04.398	0.94418				2
2025.03.05	00:59:06.656	0.94417				2
2025.03.05	00:59:06.965	0.94395	0.94515			6
2025.03.05	00:59:07.266	0.94391	0.94519			6
2025.03.05	00:59:08.064	0.94406				2
2025.03.05	00:59:08.809	0.94409	0.94520			6
2025.03.05	00:59:09.885		0.94521			4
2025.03.05	00:59:12.697	0.94408				2
2025.03.05	00:59:14.149	0.94406	0.94519			6
2025.03.05	00:59:15.158	0.94408	0.94522			6
2025.03.05	00:59:25.743		0.94523			4
2025.03.05	00:59:28.970	0.94407				2
2025.03.05	00:59:40.650	0.94408	0.94530			6
2025.03.05	00:59:40.966	0.94401	0.94528			6
2025.03.05	00:59:41.267	0.94411	0.94531			6
2025.03.05	00:59:49.452	0.94412	0.94532			6
2025.03.05	00:59:49.809		0.94533			4
2025.03.05	00:59:52.567	0.94411				2
2025.03.05	01:00:00.314	0.94384	0.94525			6
2025.03.05	01:00:00.626	0.94416	0.94522			6
2025.03.05	01:00:00.929	0.94418	0.94506			6
2025.03.05	01:00:01.229	0.94402	0.94503			6
2025.03.05	01:00:02.077	0.94407	0.94488			6
2025.03.05	01:00:02.395	0.94410	0.94506			6
2025.03.05	01:00:03.002	0.94409	0.94505			6
2025.03.05	01:00:04.517	0.94410	0.94496			6
2025.03.05	01:00:04.820		0.94498			4
2025.03.05	01:00:05.756	0.94412				2
2025.03.05	01:00:06.069	0.94415				2
2025.03.05	01:00:07.095	0.94423				2
2025.03.05	01:00:07.481	0.94427				2
2025.03.05	01:00:07.796	0.94438				2
2025.03.05	01:00:08.988	0.94434				2
2025.03.05	01:00:09.800	0.94440				2
2025.03.05	01:00:10.174	0.94441				2
2025.03.05	01:00:10.485	0.94445	0.94504			6
2025.03.05	01:00:11.105	0.94444				2
2025.03.05	01:00:13.304	0.94445				2
2025.03.05	01:00:13.683	0.94433	0.94545			6
2025.03.05	01:00:13.986		0.94525			4
2025.03.05	01:00:14.348	0.94432	0.94520			6
2025.03.05	01:00:15.536		0.94519			4
2025.03.05	01:00:16.899	0.94444	0.94532			6
2025.03.05	01:00:17.958		0.94531			4
2025.03.05	01:00:18.504	0.94442	0.94530			6
2025.03.05	01:00:18.999	0.94444	0.94531			6
2025.03.05	01:00:19.359	0.94442	0.94529			6
2025.03.05	01:00:20.938	0.94443				2
2025.03.05	01:00:21.280	0.94444	0.94531			6
2025.03.05	01:00:21.617	0.94445				2
2025.03.05	01:00:23.306	0.94446				2
2025.03.05	01:00:26.331	0.94447				2
2025.03.05	01:00:26.705	0.94446	0.94530			6
2025.03.05	01:00:27.045	0.94477	0.94535			6
2025.03.05	01:00:29.560	0.94478	0.94528			6
2025.03.05	01:00:29.898	0.94470	0.94529			6
2025.03.05	01:00:30.386	0.94473				2
2025.03.05	01:00:30.700	0.94474				2
2025.03.05	01:00:31.201	0.94470				2
2025.03.05	01:00:32.221	0.94475				2
2025.03.05	01:00:33.052	0.94481	0.94532			6
2025.03.05	01:00:33.891		0.94533			4
2025.03.05	01:00:34.207	0.94475	0.94529			6
2025.03.05	01:00:35.519	0.94476				2
2025.03.05	01:00:39.006	0.94472				2
2025.03.05	01:00:39.487	0.94476				2
2025.03.05	01:00:40.088		0.94525			4
2025.03.05	01:00:40.436	0.94479	0.94523			6
2025.03.05	01:00:40.809		0.94529			4
2025.03.05	01:00:41.935	0.94471				2
2025.03.05	01:00:43.723	0.94467	0.94518			6
2025.03.05	01:00:44.301	0.94477	0.94521			6
2025.03.05	01:00:44.797	0.94475				2
2025.03.05	01:00:45.108	0.94473	0.94519			6
2025.03.05	01:00:46.608	0.94472				2
2025.03.05	01:00:46.960		0.94521			4
2025.03.05	01:00:47.265		0.94519			4
2025.03.05	01:00:48.080	0.94471	0.94521			6
2025.03.05	01:00:49.077		0.94520			4
2025.03.05	01:00:49.811	0.94465	0.94517			6
2025.03.05	01:00:50.238	0.94463	0.94514			6
2025.03.05	01:00:50.840	0.94462				2
2025.03.05	01:00:52.252	0.94479				2
2025.03.05	01:00:52.578	0.94472				2
2025.03.05	01:00:54.390	0.94466				2
2025.03.05	01:00:55.169	0.94464				2
2025.03.05	01:00:59.895	0.94467				2
2025.03.05	01:01:00.236	0.94467				2
2025.03.05	01:01:02.389	0.94464	0.94510			6
2025.03.05	01:01:02.695	0.94467	0.94508			6
2025.03.05	01:01:03.425		0.94511			4
2025.03.05	01:01:06.012		0.94514			4
2025.03.05	01:01:13.398		0.94508			4
2025.03.05	01:01:16.400	0.94471	0.94509			6
2025.03.05	01:01:20.449	0.94470	0.94511			6
2025.03.05	01:01:20.900	0.94466	0.94509			6
2025.03.05	01:01:27.027	0.94468	0.94514			6
2025.03.05	01:01:28.755		0.94512			4
2025.03.05	01:01:32.742		0.94514			4
2025.03.05	01:01:34.203	0.94473				2
2025.03.05	01:01:35.299	0.94476	0.94518			6
2025.03.05	01:01:35.608	0.94482	0.94521			6
2025.03.05	01:01:38.213	0.94479				2
2025.03.05	01:01:38.869	0.94471	0.94520			6
2025.03.05	01:01:39.257		0.94519			4
2025.03.05	01:01:40.270	0.94479				2
2025.03.05	01:01:43.243	0.94477				2
2025.03.05	01:01:46.053	0.94475				2
2025.03.05	01:01:46.389	0.94486				2
2025.03.05	01:01:46.710	0.94490				2
2025.03.05	01:01:48.396	0.94491				2
2025.03.05	01:01:48.719	0.94489				2
2025.03.05	01:01:50.263	0.94490				2
2025.03.05	01:01:52.396	0.94491	0.94524			6
2025.03.05	01:01:52.709	0.94489				2
2025.03.05	01:01:53.514	0.94493				2
2025.03.05	01:01:53.833	0.94491				2
2025.03.05	01:01:54.214	0.94493				2
2025.03.05	01:01:55.870	0.94494	0.94520			6
2025.03.05	01:02:00.412	0.94493				2
2025.03.05	01:02:03.726	0.94501				2
2025.03.05	01:02:04.097	0.94495				2
2025.03.05	01:02:04.476	0.94496				2
2025.03.05	01:02:04.897	0.94493				2
2025.03.05	01:02:06.391	0.94492				2
2025.03.05	01:02:07.220	0.94490				2
2025.03.05	01:02:08.900	0.94492				2
2025.03.05	01:02:09.444	0.94494				2
2025.03.05	01:02:09.974	0.94493				2
2025.03.05	01:02:10.402	0.94495				2
2025.03.05	01:02:11.116		0.94527			4
2025.03.05	01:02:11.526	0.94497				2
2025.03.05	01:02:12.925	0.94499				2
2025.03.05	01:02:14.349	0.94496				2
2025.03.05	01:02:15.499	0.94497				2
2025.03.05	01:02:17.595	0.94496				2
2025.03.05	01:02:17.907	0.94494				2
2025.03.05	01:02:18.708	0.94500				2
2025.03.05	01:02:19.017	0.94498				2
2025.03.05	01:02:19.374	0.94496				2
2025.03.05	01:02:20.255	0.94497				2
2025.03.05	01:02:20.624	0.94496	0.94521			6
2025.03.05	01:02:21.003	0.94495				2
2025.03.05	01:02:22.105	0.94498				2
2025.03.05	01:02:22.425	0.94499				2
2025.03.05	01:02:23.153		0.94526			4
2025.03.05	01:02:24.066	0.94496	0.94527			6
2025.03.05	01:02:24.406	0.94495				2
2025.03.05	01:02:25.062	0.94497				2
2025.03.05	01:02:25.368	0.94499				2
2025.03.05	01:02:26.051	0.94504				2
2025.03.05	01:02:26.393	0.94503				2
2025.03.05	01:02:28.698	0.94501				2
2025.03.05	01:02:29.005	0.94497				2
2025.03.05	01:02:29.358	0.94499				2
2025.03.05	01:02:29.677	0.94501				2
2025.03.05	01:02:30.288	0.94499				2
2025.03.05	01:02:30.590	0.94505				2
2025.03.05	01:02:30.905	0.94503	0.94529			6
2025.03.05	01:02:31.220	0.94506				2
2025.03.05	01:02:31.526	0.94500				2
2025.03.05	01:02:31.888	0.94506				2
2025.03.05	01:02:32.679	0.94502				2
2025.03.05	01:02:32.996	0.94505				2
2025.03.05	01:02:33.300	0.94500				2
2025.03.05	01:02:33.629	0.94505				2
2025.03.05	01:02:33.944	0.94499	0.94525			6
2025.03.05	01:02:34.245	0.94504	0.94529			6
2025.03.05	01:02:34.547	0.94503				2
2025.03.05	01:02:34.852	0.94506				2
2025.03.05	01:02:35.219	0.94500				2
2025.03.05	01:02:35.527	0.94499				2
2025.03.05	01:02:36.219	0.94498				2
2025.03.05	01:02:37.108	0.94493	0.94525			6
2025.03.05	01:02:37.417	0.94494				2
2025.03.05	01:02:39.682	0.94493				2
2025.03.05	01:02:40.103	0.94494				2
2025.03.05	01:02:49.118	0.94495				2
2025.03.05	01:02:52.213	0.94494				2
2025.03.05	01:03:00.498	0.94495				2
2025.03.05	01:03:01.119	0.94491	0.94521			6
2025.03.05	01:03:02.708		0.94519			4
2025.03.05	01:03:08.523	0.94492	0.94520			6
2025.03.05	01:03:12.189	0.94495	0.94519			6
2025.03.05	01:03:12.506	0.94493				2
2025.03.05	01:03:26.818	0.94488	0.94514			6
2025.03.05	01:03:29.536	0.94484	0.94509			6
2025.03.05	01:03:32.600		0.94507			4
2025.03.05	01:03:32.906	0.94483				2
2025.03.05	01:03:35.568	0.94484				2
2025.03.05	01:03:37.102	0.94485				2
2025.03.05	01:03:39.200	0.94484				2
2025.03.05	01:03:39.523		0.94509			4
2025.03.05	01:03:39.925	0.94485				2
2025.03.05	01:03:42.138		0.94510			4
2025.03.05	01:03:42.498	0.94486				2
2025.03.05	01:03:43.698	0.94487				2
2025.03.05	01:03:44.389	0.94488				2
2025.03.05	01:03:44.933	0.94489	0.94513			6
2025.03.05	01:03:45.799	0.94488	0.94511			6
2025.03.05	01:03:46.212	0.94487				2
2025.03.05	01:03:47.503	0.94490	0.94514			6
2025.03.05	01:03:47.815	0.94488	0.94511			6
2025.03.05	01:03:48.143	0.94487				2
2025.03.05	01:03:53.898	0.94488				2
2025.03.05	01:03:54.403	0.94489				2
2025.03.05	01:03:56.304	0.94501	0.94508			6
2025.03.05	01:03:58.425	0.94489	0.94511			6
2025.03.05	01:04:00.520	0.94489	0.94510			6
2025.03.05	01:04:13.068	0.94490				2
2025.03.05	01:04:14.256		0.94513			4
2025.03.05	01:04:15.927	0.94492	0.94515			6
2025.03.05	01:04:19.235	0.94497	0.94517			6
2025.03.05	01:04:20.618	0.94499				2
2025.03.05	01:04:24.935	0.94505	0.94511			6
2025.03.05	01:04:25.547	0.94506	0.94512			6
2025.03.05	01:04:26.757	0.94507	0.94513			6
2025.03.05	01:04:27.060	0.94500	0.94519			6
2025.03.05	01:04:27.397	0.94503				2
2025.03.05	01:04:27.861	0.94502	0.94520			6
2025.03.05	01:04:29.566	0.94503				2
2025.03.05	01:04:30.183	0.94502				2
2025.03.05	01:04:33.027		0.94521			4
2025.03.05	01:04:33.428		0.94520			4
2025.03.05	01:04:33.909	0.94501				2
2025.03.05	01:04:35.761	0.94502				2
2025.03.05	01:04:47.077		0.94521			4
2025.03.05	01:04:49.895	0.94504	0.94523			6
2025.03.05	01:04:52.131	0.94506	0.94525			6
2025.03.05	01:04:53.536		0.94526			4
2025.03.05	01:04:54.555		0.94525			4
2025.03.05	01:04:55.432		0.94526			4
2025.03.05	01:04:56.470	0.94507				2
2025.03.05	01:04:58.388	0.94506				2
2025.03.05	01:05:00.197	0.94506				2
2025.03.05	01:05:01.835	0.94507				2
2025.03.05	01:05:02.299	0.94513				2
2025.03.05	01:05:03.385	0.94510	0.94524			6
2025.03.05	01:05:03.756	0.94511				2
2025.03.05	01:05:04.092	0.94512				2
2025.03.05	01:05:04.701	0.94511	0.94523			6
2025.03.05	01:05:05.256	0.94512	0.94524			6
2025.03.05	01:05:06.829	0.94511				2
2025.03.05	01:05:08.961	0.94508	0.94521			6
2025.03.05	01:05:09.398	0.94510				2
2025.03.05	01:05:09.798	0.94509				2
2025.03.05	01:05:10.409	0.94514	0.94529			6
2025.03.05	01:05:10.870	0.94513				2
2025.03.05	01:05:13.309	0.94519	0.94532			6
2025.03.05	01:05:14.951	0.94520				2
2025.03.05	01:05:16.974		0.94533			4
2025.03.05	01:05:17.346	0.94519				2
2025.03.05	01:05:21.761	0.94521				2
2025.03.05	01:05:23.270		0.94534			4
2025.03.05	01:05:23.579	0.94514				2
2025.03.05	01:05:24.339	0.94521				2
2025.03.05	01:05:25.943	0.94513				2
2025.03.05	01:05:26.264	0.94514				2
2025.03.05	01:05:26.708	0.94512				2
2025.03.05	01:05:28.100		0.94533			4
2025.03.05	01:05:32.639	0.94513	0.94534			6
2025.03.05	01:05:33.058	0.94511	0.94532			6
2025.03.05	01:05:35.315		0.94534			4
2025.03.05	01:05:35.941		0.94532			4
2025.03.05	01:05:37.893	0.94512	0.94531			6
2025.03.05	01:05:42.723		0.94532			4
2025.03.05	01:05:47.299		0.94531			4
2025.03.05	01:05:48.197	0.94513	0.94532			6
2025.03.05	01:05:50.535	0.94514				2
2025.03.05	01:05:50.898		0.94533			4
2025.03.05	01:05:51.725	0.94513				2
2025.03.05	01:05:52.101	0.94514				2
2025.03.05	01:06:00.293	0.94514				2
2025.03.05	01:06:07.187		0.94532			4
2025.03.05	01:06:14.898	0.94513				2
2025.03.05	01:06:15.501	0.94514				2
2025.03.05	01:06:15.807	0.94515	0.94534			6
2025.03.05	01:06:16.943	0.94516				2
2025.03.05	01:06:19.180	0.94515	0.94535			6
2025.03.05	01:06:20.494	0.94516	0.94538			6
2025.03.05	01:06:21.260	0.94523	0.94541			6
2025.03.05	01:06:22.009	0.94524	0.94542			6
2025.03.05	01:06:24.812	0.94523	0.94541			6
2025.03.05	01:06:25.680	0.94526	0.94544			6
2025.03.05	01:06:27.397	0.94523	0.94541			6
2025.03.05	01:06:28.353	0.94524	0.94543			6
2025.03.05	01:06:28.679		0.94542			4
2025.03.05	01:06:30.797	0.94525	0.94543			6
2025.03.05	01:06:31.456	0.94529	0.94549			6
2025.03.05	01:06:33.180	0.94524	0.94542			6
2025.03.05	01:06:37.448		0.94543			4
2025.03.05	01:06:41.214	0.94525	0.94542			6
2025.03.05	01:06:43.068	0.94524				2
2025.03.05	01:06:52.071	0.94522				2
2025.03.05	01:06:52.696		0.94541			4
2025.03.05	01:06:54.803		0.94542			4
2025.03.05	01:06:56.155	0.94523	0.94541			6
2025.03.05	01:06:56.856	0.94524	0.94542			6
2025.03.05	01:07:00.457	0.94523	0.94541			6
2025.03.05	01:07:05.660	0.94524	0.94542			6
2025.03.05	01:07:17.977	0.94525				2
2025.03.05	01:07:18.350	0.94528	0.94547			6
2025.03.05	01:07:19.098	0.94532	0.94550			6
2025.03.05	01:07:21.386	0.94533				2
2025.03.05	01:07:23.429	0.94543	0.94556			6
2025.03.05	01:07:23.745	0.94544				2
2025.03.05	01:07:24.398	0.94543				2
2025.03.05	01:07:25.161		0.94555			4
2025.03.05	01:07:26.265		0.94558			4
2025.03.05	01:07:26.595	0.94545				2
2025.03.05	01:07:26.950	0.94537	0.94552			6
2025.03.05	01:07:28.176	0.94536				2
2025.03.05	01:07:28.762	0.94540	0.94556			6
2025.03.05	01:07:29.437	0.94545	0.94563			6
2025.03.05	01:07:33.691		0.94560			4
2025.03.05	01:07:35.599	0.94544				2
2025.03.05	01:08:00.460	0.94547	0.94563			6
2025.03.05	01:08:04.477	0.94549	0.94565			6
2025.03.05	01:08:08.315	0.94553	0.94569			6
2025.03.05	01:08:26.485		0.94570			4
2025.03.05	01:08:27.375	0.94554				2
2025.03.05	01:08:31.713	0.94556	0.94572			6
2025.03.05	01:08:32.901		0.94573			4
2025.03.05	01:08:33.599	0.94565	0.94581			6
2025.03.05	01:08:34.560	0.94563	0.94580			6
2025.03.05	01:08:34.868	0.94562	0.94581			6
2025.03.05	01:08:35.962		0.94580			4
2025.03.05	01:08:41.031	0.94558	0.94575			6
2025.03.05	01:08:41.331	0.94557	0.94573			6
2025.03.05	01:08:42.002	0.94554	0.94570			6
2025.03.05	01:08:43.058	0.94553	0.94571			6
2025.03.05	01:08:44.299	0.94554	0.94570			6
2025.03.05	01:08:52.348	0.94553				2
2025.03.05	01:08:58.751	0.94559	0.94576			6
2025.03.05	01:09:00.323	0.94560				2
2025.03.05	01:09:01.289	0.94553	0.94571			6
2025.03.05	01:09:01.619	0.94554	0.94570			6
2025.03.05	01:09:02.299		0.94571			4
2025.03.05	01:09:04.835	0.94555	0.94573			6
2025.03.05	01:09:06.338	0.94561	0.94578			6
2025.03.05	01:09:08.130	0.94562	0.94579			6
2025.03.05	01:09:08.777	0.94563				2
2025.03.05	01:09:10.999	0.94564				2
2025.03.05	01:09:12.803	0.94563				2
2025.03.05	01:09:16.042	0.94558	0.94575			6
2025.03.05	01:09:18.625	0.94560	0.94576			6
2025.03.05	01:09:18.927	0.94558	0.94575			6
2025.03.05	01:09:20.248		0.94574			4
2025.03.05	01:09:21.260	0.94555	0.94573			6
2025.03.05	01:09:24.199	0.94561	0.94577			6
2025.03.05	01:09:28.352	0.94563	0.94578			6
2025.03.05	01:09:32.803		0.94579			4
2025.03.05	01:09:34.097		0.94580			4
2025.03.05	01:09:54.685	0.94568	0.94583			6
2025.03.05	01:09:55.661	0.94570	0.94587			6
2025.03.05	01:09:57.667	0.94587	0.94601			6
2025.03.05	01:09:58.290	0.94581	0.94597			6
2025.03.05	01:09:59.164	0.94579	0.94595			6
2025.03.05	01:09:59.600	0.94577	0.94594			6
2025.03.05	01:10:00.066	0.94595	0.94605			6
2025.03.05	01:10:00.386	0.94593	0.94610			6
2025.03.05	01:10:00.702		0.94608			4
2025.03.05	01:10:01.098	0.94592				2
2025.03.05	01:10:07.974	0.94599	0.94614			6
2025.03.05	01:10:08.349	0.94593	0.94609			6
2025.03.05	01:10:10.447	0.94592				2
2025.03.05	01:10:12.198	0.94605	0.94621			6
2025.03.05	01:10:12.501	0.94602	0.94619			6
2025.03.05	01:10:16.697	0.94603				2
2025.03.05	01:10:17.844	0.94602	0.94618			6
2025.03.05	01:10:18.929	0.94595	0.94610			6
2025.03.05	01:10:19.398		0.94609			4
2025.03.05	01:10:19.901	0.94596	0.94612			6
2025.03.05	01:10:20.225	0.94595	0.94610			6
2025.03.05	01:10:20.526	0.94594				2
2025.03.05	01:10:22.184		0.94609			4
2025.03.05	01:10:23.175	0.94611	0.94625			6
2025.03.05	01:10:23.516	0.94606	0.94622			6
2025.03.05	01:10:23.825	0.94604	0.94620			6
2025.03.05	01:10:24.798	0.94603				2
2025.03.05	01:10:25.913	0.94602	0.94619			6
2025.03.05	01:10:26.691	0.94603				2
2025.03.05	01:10:27.004	0.94604				2
2025.03.05	01:10:29.160	0.94607	0.94623			6
2025.03.05	01:10:30.890	0.94606	0.94621			6
2025.03.05	01:10:31.257	0.94604	0.94620			6
2025.03.05	01:10:33.505		0.94619			4
2025.03.05	01:10:34.736	0.94605	0.94623			6
2025.03.05	01:10:36.137		0.94621			4
2025.03.05	01:10:37.174	0.94604	0.94620			6
2025.03.05	01:10:39.297	0.94605	0.94621			6
2025.03.05	01:10:39.807		0.94620			4
2025.03.05	01:10:41.932		0.94622			4
2025.03.05	01:10:42.263	0.94608	0.94623			6
2025.03.05	01:10:42.779	0.94606	0.94622			6
2025.03.05	01:10:43.434	0.94607	0.94623			6
2025.03.05	01:10:45.108	0.94618	0.94632			6
2025.03.05	01:10:45.725	0.94607	0.94623			6
2025.03.05	01:10:47.002		0.94622			4
2025.03.05	01:10:47.898	0.94609	0.94624			6
2025.03.05	01:10:48.545	0.94608	0.94623			6
2025.03.05	01:10:49.278	0.94607				2
2025.03.05	01:10:50.368	0.94613	0.94629			6
2025.03.05	01:10:56.367	0.94616	0.94632			6
2025.03.05	01:10:57.167	0.94614	0.94629			6
2025.03.05	01:11:00.353	0.94613				2
2025.03.05	01:11:04.180	0.94612				2
2025.03.05	01:11:04.697	0.94613				2
2025.03.05	01:11:07.398	0.94611				2
2025.03.05	01:11:13.209	0.94623	0.94636			6
2025.03.05	01:11:13.568	0.94625				2
2025.03.05	01:11:13.869	0.94621				2
2025.03.05	01:11:14.672		0.94637			4
2025.03.05	01:11:16.958		0.94636			4
2025.03.05	01:11:21.047		0.94632			4
2025.03.05	01:11:27.531	0.94622	0.94635			6
2025.03.05	01:11:30.641		0.94633			4
2025.03.05	01:11:31.240		0.94635			4
2025.03.05	01:11:31.548		0.94634			4
2025.03.05	01:11:32.660		0.94635			4
2025.03.05	01:11:34.343		0.94633			4
2025.03.05	01:11:35.546		0.94635			4
2025.03.05	01:11:44.445		0.94636			4
2025.03.05	01:11:44.899	0.94621	0.94634			6
2025.03.05	01:11:45.235	0.94622				2
2025.03.05	01:11:49.368		0.94635			4
2025.03.05	01:11:49.742		0.94634			4
2025.03.05	01:11:50.830		0.94635			4
2025.03.05	01:11:52.405		0.94634			4
2025.03.05	01:11:53.208	0.94628				2
2025.03.05	01:11:53.508	0.94629				2
2025.03.05	01:11:53.829		0.94640			4
2025.03.05	01:11:54.333		0.94639			4
2025.03.05	01:11:55.088		0.94640			4
2025.03.05	01:11:55.405	0.94628	0.94639			6
2025.03.05	01:11:57.880	0.94640	0.94649			6
2025.03.05	01:11:58.190	0.94641				2
2025.03.05	01:11:58.540		0.94650			4
2025.03.05	01:11:58.949	0.94639				2
2025.03.05	01:11:59.406	0.94635	0.94645			6
2025.03.05	01:11:59.723	0.94636				2
2025.03.05	01:12:00.024	0.94636	0.94648			6
2025.03.05	01:12:00.363		0.94646			4
2025.03.05	01:12:00.716	0.94634				2
2025.03.05	01:12:01.838	0.94635				2
2025.03.05	01:12:02.269		0.94647			4
2025.03.05	01:12:05.432		0.94649			4
2025.03.05	01:12:05.880	0.94639	0.94651			6
2025.03.05	01:12:06.358		0.94650			4
2025.03.05	01:12:07.888	0.94636	0.94651			6
2025.03.05	01:12:09.956	0.94637				2
2025.03.05	01:12:11.108		0.94652			4
2025.03.05	01:12:11.507	0.94639	0.94653			6
2025.03.05	01:12:14.135	0.94642	0.94657			6
2025.03.05	01:12:18.687	0.94652	0.94663			6
2025.03.05	01:12:19.012		0.94661			4
2025.03.05	01:12:19.874		0.94662			4
2025.03.05	01:12:21.947		0.94663			4
2025.03.05	01:12:25.293		0.94662			4
2025.03.05	01:12:27.847	0.94653	0.94663			6
2025.03.05	01:12:39.100	0.94652				2
2025.03.05	01:12:40.699		0.94662			4
2025.03.05	01:12:42.840	0.94653	0.94663			6
2025.03.05	01:12:44.521	0.94652				2
2025.03.05	01:12:45.846	0.94650	0.94659			6
2025.03.05	01:12:46.203	0.94651	0.94661			6
2025.03.05	01:12:46.505		0.94662			4
2025.03.05	01:12:47.897	0.94667	0.94676			6
2025.03.05	01:12:48.225	0.94666				2
2025.03.05	01:12:48.608	0.94665				2
2025.03.05	01:12:49.423	0.94663				2
2025.03.05	01:12:49.727	0.94661				2
2025.03.05	01:12:50.321	0.94662				2
2025.03.05	01:12:54.244	0.94661	0.94675			6
2025.03.05	01:12:55.388	0.94662				2
2025.03.05	01:12:56.355	0.94670	0.94677			6
2025.03.05	01:12:56.659		0.94680			4
2025.03.05	01:12:56.968		0.94684			4
2025.03.05	01:12:57.298	0.94666	0.94679			6
2025.03.05	01:12:58.101	0.94665	0.94680			6
2025.03.05	01:12:59.533		0.94679			4
2025.03.05	01:13:00.039	0.94665				2
2025.03.05	01:13:00.354	0.94664	0.94680			6
2025.03.05	01:13:02.875		0.94681			4
2025.03.05	01:13:08.043		0.94680			4
2025.03.05	01:13:09.611	0.94665				2
2025.03.05	01:13:09.996		0.94681			4
2025.03.05	01:13:11.588	0.94664				2
2025.03.05	01:13:13.072		0.94682			4
2025.03.05	01:13:14.304		0.94681			4
2025.03.05	01:13:14.609	0.94665				2
2025.03.05	01:13:15.073	0.94664				2
2025.03.05	01:13:15.472	0.94665	0.94680			6
2025.03.05	01:13:18.501	0.94664	0.94681			6
2025.03.05	01:13:19.330	0.94663	0.94678			6
2025.03.05	01:13:22.553	0.94662				2
2025.03.05	01:13:24.499	0.94663				2
2025.03.05	01:13:26.044	0.94662	0.94677			6
2025.03.05	01:13:26.654	0.94663	0.94679			6
2025.03.05	01:13:27.798	0.94664				2
2025.03.05	01:13:29.002	0.94663				2
2025.03.05	01:13:30.839	0.94662	0.94677			6
2025.03.05	01:13:31.397	0.94664				2
2025.03.05	01:13:32.300	0.94663	0.94678			6
2025.03.05	01:13:34.099		0.94677			4
2025.03.05	01:13:34.872	0.94664	0.94681			6
2025.03.05	01:13:38.298	0.94663				2
2025.03.05	01:13:42.129	0.94664	0.94680			6
2025.03.05	01:13:43.579	0.94663				2
2025.03.05	01:13:43.886		0.94679			4
2025.03.05	01:13:44.596	0.94662	0.94678			6
2025.03.05	01:13:46.925	0.94675	0.94684			6
2025.03.05	01:13:47.531	0.94661	0.94677			6
2025.03.05	01:13:48.883		0.94676			4
2025.03.05	01:13:51.851	0.94677	0.94690			6
2025.03.05	01:13:52.238	0.94675	0.94689			6
2025.03.05	01:13:52.546	0.94671	0.94687			6
2025.03.05	01:13:52.897	0.94670				2
2025.03.05	01:13:56.323	0.94671	0.94686			6
2025.03.05	01:14:00.199	0.94671				2
2025.03.05	01:14:00.508	0.94672	0.94685			6
2025.03.05	01:14:00.817	0.94673	0.94686			6
2025.03.05	01:14:02.059		0.94687			4
2025.03.05	01:14:02.410	0.94669	0.94685			6
2025.03.05	01:14:02.726		0.94684			4
2025.03.05	01:14:03.930	0.94668	0.94681			6
2025.03.05	01:14:07.482	0.94664	0.94677			6
2025.03.05	01:14:08.407	0.94663	0.94676			6
2025.03.05	01:14:11.134	0.94666	0.94679			6
2025.03.05	01:14:12.367	0.94667	0.94681			6
2025.03.05	01:14:12.802	0.94669	0.94684			6
2025.03.05	01:14:13.457	0.94666	0.94681			6
2025.03.05	01:14:14.311		0.94682			4
2025.03.05	01:14:19.557	0.94665				2
2025.03.05	01:14:22.233	0.94667				2
2025.03.05	01:14:22.553	0.94669	0.94683			6
2025.03.05	01:14:25.472	0.94667	0.94682			6
2025.03.05	01:14:25.788	0.94664	0.94680			6
2025.03.05	01:14:26.122	0.94663				2
2025.03.05	01:14:26.461		0.94677			4
2025.03.05	01:14:26.989		0.94680			4
2025.03.05	01:14:30.967	0.94665				2
2025.03.05	01:14:31.287		0.94681			4
2025.03.05	01:14:32.298		0.94680			4
2025.03.05	01:14:34.402		0.94681			4
2025.03.05	01:14:35.431	0.94668	0.94682			6
2025.03.05	01:14:37.757	0.94667	0.94681			6
2025.03.05	01:14:43.903		0.94683			4
2025.03.05	01:14:44.928	0.94669	0.94682			6
2025.03.05	01:14:46.721	0.94668				2
2025.03.05	01:14:47.837	0.94667				2
2025.03.05	01:14:49.055		0.94680			4
2025.03.05	01:14:49.399	0.94668				2
2025.03.05	01:14:51.197	0.94667				2
2025.03.05	01:14:53.554	0.94666	0.94677			6
2025.03.05	01:14:55.922	0.94665	0.94676			6
2025.03.05	01:14:57.999	0.94664	0.94674			6
2025.03.05	01:15:00.128	0.94663	0.94673			6
2025.03.05	01:15:00.435	0.94661				2
2025.03.05	01:15:00.763	0.94662				2
2025.03.05	01:15:01.397	0.94659	0.94669			6
2025.03.05	01:15:03.999	0.94658	0.94668			6
2025.03.05	01:15:05.191	0.94659	0.94671			6
2025.03.05	01:15:05.909	0.94658	0.94669			6
2025.03.05	01:15:11.971	0.94644	0.94659			6
2025.03.05	01:15:12.287		0.94657			4
2025.03.05	01:15:15.298	0.94643	0.94656			6
2025.03.05	01:15:15.608		0.94657			4
2025.03.05	01:15:18.811	0.94642	0.94656			6
2025.03.05	01:15:19.135	0.94641	0.94655			6
2025.03.05	01:15:19.468	0.94642				2
2025.03.05	01:15:20.321	0.94641				2
2025.03.05	01:15:21.094	0.94640	0.94653			6
2025.03.05	01:15:23.147	0.94642	0.94656			6
2025.03.05	01:15:23.448	0.94640	0.94654			6
2025.03.05	01:15:25.684	0.94641	0.94655			6
2025.03.05	01:15:26.005	0.94640	0.94654			6
2025.03.05	01:15:39.502		0.94651			4
2025.03.05	01:15:39.823	0.94638				2
2025.03.05	01:15:42.300	0.94639				2
2025.03.05	01:15:44.746	0.94638	0.94650			6
2025.03.05	01:15:45.052	0.94637				2
2025.03.05	01:15:45.723	0.94636				2
2025.03.05	01:15:46.349	0.94632	0.94646			6
2025.03.05	01:15:48.161	0.94631				2
2025.03.05	01:15:52.061	0.94639	0.94652			6
2025.03.05	01:15:52.361	0.94642	0.94656			6
2025.03.05	01:15:53.124	0.94643				2
2025.03.05	01:15:54.217	0.94641	0.94654			6
2025.03.05	01:15:54.525	0.94642	0.94655			6
2025.03.05	01:15:58.124	0.94641				2
2025.03.05	01:15:59.021	0.94655	0.94662			6
2025.03.05	01:15:59.700	0.94648	0.94659			6
2025.03.05	01:16:00.023	0.94648				2
2025.03.05	01:16:00.664	0.94651	0.94661			6
2025.03.05	01:16:00.986	0.94650				2
2025.03.05	01:16:02.623	0.94649	0.94663			6
2025.03.05	01:16:02.925	0.94650				2
2025.03.05	01:16:08.153	0.94649				2
2025.03.05	01:16:08.514	0.94650				2
2025.03.05	01:16:08.877	0.94649				2
2025.03.05	01:16:09.589	0.94650				2
2025.03.05	01:16:12.318	0.94649				2
2025.03.05	01:16:12.624	0.94650				2
2025.03.05	01:16:14.319	0.94649				2
2025.03.05	01:16:14.642	0.94650				2
2025.03.05	01:16:19.093	0.94649				2
2025.03.05	01:16:19.422	0.94648				2
2025.03.05	01:16:19.725	0.94647	0.94661			6
2025.03.05	01:16:20.039	0.94648	0.94659			6
2025.03.05	01:16:20.357		0.94658			4
2025.03.05	01:16:20.723	0.94647				2
2025.03.05	01:16:30.286	0.94649	0.94661			6
2025.03.05	01:16:32.418	0.94648				2
2025.03.05	01:16:32.784	0.94649				2
2025.03.05	01:16:34.349	0.94648				2
2025.03.05	01:16:34.687	0.94649				2
2025.03.05	01:16:39.838	0.94648	0.94659			6
2025.03.05	01:16:41.151	0.94647	0.94658			6
2025.03.05	01:16:43.166	0.94649	0.94659			6
2025.03.05	01:16:44.279	0.94652	0.94664			6
2025.03.05	01:16:44.585		0.94665			4
2025.03.05	01:16:44.894	0.94653	0.94666			6
2025.03.05	01:16:46.012	0.94652	0.94665			6
2025.03.05	01:16:46.325		0.94666			4
2025.03.05	01:16:47.000		0.94665			4
2025.03.05	01:16:48.400	0.94653	0.94666			6
2025.03.05	01:16:51.198	0.94652				2
2025.03.05	01:17:00.799	0.94652				2
2025.03.05	01:17:11.264	0.94651	0.94665			6
2025.03.05	01:17:15.803		0.94666			4
2025.03.05	01:17:21.538		0.94664			4
2025.03.05	01:17:21.870	0.94652				2
2025.03.05	01:17:25.728		0.94665			4
2025.03.05	01:17:26.154	0.94654	0.94668			6
2025.03.05	01:17:26.529	0.94657	0.94669			6
2025.03.05	01:17:26.847	0.94653	0.94668			6
2025.03.05	01:17:27.498	0.94654				2
2025.03.05	01:17:28.100	0.94655	0.94667			6
2025.03.05	01:17:30.649	0.94660	0.94673			6
2025.03.05	01:17:36.498	0.94661				2
2025.03.05	01:17:38.754		0.94672			4
2025.03.05	01:17:39.672	0.94660				2
2025.03.05	01:17:40.678	0.94661	0.94673			6
2025.03.05	01:17:41.305		0.94672			4
2025.03.05	01:17:43.186		0.94673			4
2025.03.05	01:17:48.199		0.94672			4
2025.03.05	01:17:48.505	0.94659	0.94671			6
2025.03.05	01:17:49.998	0.94660				2
2025.03.05	01:17:51.199	0.94659				2
2025.03.05	01:17:52.811		0.94670			4
2025.03.05	01:17:53.274		0.94671			4
2025.03.05	01:17:57.065	0.94655	0.94667			6
2025.03.05	01:17:57.367	0.94654				2
2025.03.05	01:17:58.202	0.94653				2
2025.03.05	01:18:00.024	0.94653				2
2025.03.05	01:18:00.466	0.94648	0.94661			6
2025.03.05	01:18:00.788	0.94647	0.94659			6
2025.03.05	01:18:01.099	0.94648	0.94661			6
2025.03.05	01:18:01.406	0.94647	0.94659			6
2025.03.05	01:18:02.281	0.94646				2
2025.03.05	01:18:02.897	0.94648	0.94661			6
2025.03.05	01:18:03.201	0.94649				2
2025.03.05	01:18:04.998	0.94648				2
2025.03.05	01:18:05.824	0.94647	0.94659			6
2025.03.05	01:18:06.221	0.94648	0.94661			6
2025.03.05	01:18:06.899	0.94643	0.94655			6
2025.03.05	01:18:07.717		0.94657			4
2025.03.05	01:18:09.078	0.94642	0.94654			6
2025.03.05	01:18:09.389	0.94641	0.94655			6
2025.03.05	01:18:09.713		0.94656			4
2025.03.05	01:18:12.197	0.94642				2
2025.03.05	01:18:13.706	0.94641				2
2025.03.05	01:18:14.808	0.94640	0.94653			6
2025.03.05	01:18:21.291		0.94655			4
2025.03.05	01:18:22.064	0.94638	0.94651			6
2025.03.05	01:18:22.402	0.94636	0.94649			6
2025.03.05	01:18:24.611	0.94642	0.94656			6
2025.03.05	01:18:25.526	0.94641	0.94657			6
2025.03.05	01:18:29.441		0.94656			4
2025.03.05	01:18:30.198	0.94639	0.94655			6
2025.03.05	01:18:30.508	0.94640	0.94656			6
2025.03.05	01:18:31.126	0.94641				2
2025.03.05	01:18:31.457	0.94639				2
2025.03.05	01:18:31.809	0.94638	0.94653			6
2025.03.05	01:18:34.183	0.94651	0.94667			6
2025.03.05	01:18:34.561	0.94647	0.94660			6
2025.03.05	01:18:34.866	0.94646	0.94658			6
2025.03.05	01:18:36.316	0.94645				2
2025.03.05	01:18:39.727		0.94657			4
2025.03.05	01:18:42.230	0.94642	0.94656			6
2025.03.05	01:18:42.549	0.94641	0.94657			6
2025.03.05	01:18:42.909		0.94658			4
2025.03.05	01:18:45.150	0.94642				2
2025.03.05	01:18:50.018	0.94644	0.94657			6
2025.03.05	01:18:50.326	0.94643	0.94658			6
2025.03.05	01:18:50.646		0.94657			4
2025.03.05	01:18:51.378		0.94658			4
2025.03.05	01:18:54.069		0.94659			4
2025.03.05	01:18:55.699		0.94658			4
2025.03.05	01:18:57.159	0.94642	0.94659			6
2025.03.05	01:18:58.182	0.94643	0.94658			6
2025.03.05	01:18:58.548	0.94644				2
2025.03.05	01:18:59.320	0.94643	0.94659			6
2025.03.05	01:19:00.312	0.94643				2
2025.03.05	01:19:01.402	0.94642				2
2025.03.05	01:19:03.784		0.94658			4
2025.03.05	01:19:04.464		0.94659			4
2025.03.05	01:19:07.727	0.94640	0.94656			6
2025.03.05	01:19:08.461	0.94641	0.94655			6
2025.03.05	01:19:09.676	0.94638	0.94651			6
2025.03.05	01:19:10.677	0.94635	0.94648			6
2025.03.05	01:19:16.404	0.94636	0.94649			6
2025.03.05	01:19:22.257	0.94640	0.94653			6
2025.03.05	01:19:22.752		0.94654			4
2025.03.05	01:19:24.424		0.94653			4
2025.03.05	01:19:26.945	0.94638	0.94651			6
2025.03.05	01:19:31.050	0.94637	0.94650			6
2025.03.05	01:19:32.346	0.94636	0.94649			6
2025.03.05	01:19:33.765		0.94650			4
2025.03.05	01:19:34.099	0.94637				2
2025.03.05	01:19:37.478	0.94636	0.94649			6
2025.03.05	01:19:39.728	0.94634	0.94647			6
2025.03.05	01:19:41.957	0.94635	0.94648			6
2025.03.05	01:19:54.678	0.94641	0.94654			6
2025.03.05	01:19:55.335	0.94636	0.94649			6
2025.03.05	01:19:56.382	0.94635	0.94648			6
2025.03.05	01:19:57.835	0.94634	0.94647			6
2025.03.05	01:19:58.147	0.94633	0.94648			6
2025.03.05	01:19:58.462	0.94631	0.94647			6
2025.03.05	01:19:59.560	0.94629	0.94644			6
2025.03.05	01:19:59.866	0.94627	0.94642			6
2025.03.05	01:20:00.318	0.94627				2
2025.03.05	01:20:00.682	0.94622	0.94637			6
2025.03.05	01:20:01.124	0.94620				2
2025.03.05	01:20:02.428	0.94619	0.94634			6
2025.03.05	01:20:02.731	0.94618	0.94631			6
2025.03.05	01:20:03.408		0.94632			4
2025.03.05	01:20:06.442		0.94633			4
2025.03.05	01:20:07.812	0.94610	0.94622			6
2025.03.05	01:20:08.132	0.94607	0.94620			6
2025.03.05	01:20:08.559	0.94606	0.94621			6
2025.03.05	01:20:08.867	0.94603	0.94616			6
2025.03.05	01:20:09.872		0.94617			4
2025.03.05	01:20:12.157		0.94616			4
2025.03.05	01:20:12.467	0.94604	0.94618			6
2025.03.05	01:20:13.720	0.94603				2
2025.03.05	01:20:14.074	0.94602				2
2025.03.05	01:20:14.395	0.94603				2
2025.03.05	01:20:21.294	0.94601	0.94616			6
2025.03.05	01:20:21.613	0.94600	0.94617			6
2025.03.05	01:20:23.733	0.94602				2
2025.03.05	01:20:27.393		0.94616			4
2025.03.05	01:20:29.068	0.94603				2
2025.03.05	01:20:30.319	0.94604	0.94617			6
2025.03.05	01:20:30.691	0.94603	0.94618			6
2025.03.05	01:20:31.789	0.94605	0.94617			6
2025.03.05	01:20:37.166	0.94608	0.94619			6
2025.03.05	01:20:37.521	0.94605				2
2025.03.05	01:20:37.840	0.94609	0.94626			6
2025.03.05	01:20:41.412	0.94619	0.94631			6
2025.03.05	01:20:42.023	0.94610	0.94627			6
2025.03.05	01:20:42.330	0.94613	0.94628			6
2025.03.05	01:20:44.299	0.94614				2
2025.03.05	01:20:47.073		0.94629			4
2025.03.05	01:20:48.106		0.94628			4
2025.03.05	01:20:49.063	0.94612	0.94629			6
2025.03.05	01:20:50.598		0.94628			4
2025.03.05	01:20:54.229	0.94610	0.94626			6
2025.03.05	01:20:55.901	0.94608				2
2025.03.05	01:20:59.938		0.94620			4
2025.03.05	01:21:00.363	0.94608	0.94619			6
2025.03.05	01:21:01.017		0.94620			4
2025.03.05	01:21:02.939		0.94621			4
2025.03.05	01:21:03.866		0.94620			4
2025.03.05	01:21:06.862	0.94609				2
2025.03.05	01:21:07.397		0.94621			4
2025.03.05	01:21:08.266		0.94620			4
2025.03.05	01:21:09.789	0.94610	0.94625			6
2025.03.05	01:21:10.100		0.94626			4
2025.03.05	01:21:11.478	0.94612	0.94627			6
2025.03.05	01:21:11.787	0.94614	0.94626			6
2025.03.05	01:21:14.807	0.94619	0.94635			6
2025.03.05	01:21:15.266	0.94623	0.94636			6
2025.03.05	01:21:16.493		0.94635			4
2025.03.05	01:21:17.045		0.94637			4
2025.03.05	01:21:18.126	0.94624	0.94636			6
2025.03.05	01:21:20.029		0.94635			4
2025.03.05	01:21:21.672	0.94623	0.94634			6
2025.03.05	01:21:24.221	0.94621	0.94632			6
2025.03.05	01:21:24.588	0.94619	0.94630			6
2025.03.05	01:21:25.151	0.94620	0.94631			6
2025.03.05	01:21:25.484		0.94630			4
2025.03.05	01:21:27.143	0.94619				2
2025.03.05	01:21:27.726	0.94621	0.94633			6
2025.03.05	01:21:34.011	0.94622				2
2025.03.05	01:21:34.471	0.94620	0.94631			6
2025.03.05	01:21:34.786	0.94622	0.94632			6
2025.03.05	01:21:36.557	0.94620	0.94631			6
2025.03.05	01:21:37.400	0.94619				2
2025.03.05	01:21:38.661	0.94624	0.94634			6
2025.03.05	01:21:42.776	0.94625	0.94637			6
2025.03.05	01:21:44.352	0.94626				2
2025.03.05	01:21:48.353	0.94627	0.94639			6
2025.03.05	01:21:51.500	0.94625	0.94636			6
2025.03.05	01:21:52.688		0.94637			4
2025.03.05	01:21:53.014	0.94624	0.94635			6
2025.03.05	01:21:57.794	0.94625	0.94637			6
2025.03.05	01:21:58.104		0.94638			4
2025.03.05	01:21:59.003	0.94626				2
2025.03.05	01:21:59.848	0.94629				2
2025.03.05	01:22:00.300	0.94629	0.94639			6
2025.03.05	01:22:00.704		0.94638			4
2025.03.05	01:22:01.467		0.94639			4
2025.03.05	01:22:02.800	0.94625	0.94636			6
2025.03.05	01:22:03.276		0.94635			4
2025.03.05	01:22:04.005	0.94626	0.94636			6
2025.03.05	01:22:07.924		0.94635			4
2025.03.05	01:22:10.712	0.94625	0.94636			6
2025.03.05	01:22:13.597	0.94627	0.94639			6
2025.03.05	01:22:18.627	0.94626	0.94638			6
2025.03.05	01:22:55.817		0.94639			4
2025.03.05	01:22:58.101		0.94638			4
2025.03.05	01:23:00.497	0.94626				2
2025.03.05	01:23:04.718	0.94622	0.94636			6
2025.03.05	01:23:05.080	0.94620	0.94634			6
2025.03.05	01:23:07.099	0.94619				2
2025.03.05	01:23:08.586	0.94612	0.94628			6
2025.03.05	01:23:08.894		0.94625			4
2025.03.05	01:23:09.841	0.94611				2
2025.03.05	01:23:12.359	0.94610	0.94626			6
2025.03.05	01:23:12.664		0.94625			4
2025.03.05	01:23:13.441	0.94608	0.94624			6
2025.03.05	01:23:13.752	0.94606	0.94618			6
2025.03.05	01:23:14.390	0.94605	0.94617			6
2025.03.05	01:23:15.690	0.94604	0.94616			6
2025.03.05	01:23:16.007	0.94605	0.94617			6
2025.03.05	01:23:16.437	0.94604	0.94618			6
2025.03.05	01:23:17.388	0.94605				2
2025.03.05	01:23:19.942	0.94607	0.94619			6
2025.03.05	01:23:20.643	0.94603	0.94616			6
2025.03.05	01:23:24.800	0.94602				2
2025.03.05	01:23:25.172	0.94603				2
2025.03.05	01:23:27.040	0.94602				2
2025.03.05	01:23:28.180	0.94603				2
2025.03.05	01:23:34.920	0.94602				2
2025.03.05	01:23:35.641		0.94617			4
2025.03.05	01:23:36.725		0.94615			4
2025.03.05	01:23:38.178		0.94616			4
2025.03.05	01:23:40.593	0.94594	0.94608			6
2025.03.05	01:23:42.935	0.94592				2
2025.03.05	01:23:43.660	0.94591	0.94607			6
2025.03.05	01:23:44.297	0.94589	0.94606			6
2025.03.05	01:23:44.624	0.94590	0.94605			6
2025.03.05	01:23:45.050		0.94604			4
2025.03.05	01:23:47.005		0.94605			4
2025.03.05	01:23:51.201	0.94589				2
2025.03.05	01:23:52.999	0.94588	0.94602			6
2025.03.05	01:23:55.747	0.94587	0.94601			6
2025.03.05	01:23:56.136	0.94581	0.94597			6
2025.03.05	01:23:56.511	0.94580	0.94596			6
2025.03.05	01:23:57.152	0.94579	0.94593			6
2025.03.05	01:23:57.499	0.94578	0.94592			6
2025.03.05	01:23:58.324	0.94579	0.94593			6
2025.03.05	01:23:58.626	0.94578				2
2025.03.05	01:23:58.949	0.94579				2
2025.03.05	01:24:00.323	0.94580	0.94594			6
2025.03.05	01:24:01.139	0.94579	0.94593			6
2025.03.05	01:24:01.447		0.94594			4
2025.03.05	01:24:01.813	0.94578	0.94591			6
2025.03.05	01:24:02.135		0.94590			4
2025.03.05	01:24:03.711		0.94593			4
2025.03.05	01:24:05.064	0.94579				2
2025.03.05	01:24:05.385		0.94594			4
2025.03.05	01:24:07.950	0.94580	0.94593			6
2025.03.05	01:24:08.295	0.94575	0.94589			6
2025.03.05	01:24:08.606	0.94576	0.94590			6
2025.03.05	01:24:08.990	0.94578	0.94592			6
2025.03.05	01:24:09.967	0.94570	0.94585			6
2025.03.05	01:24:10.290		0.94586			4
2025.03.05	01:24:10.946		0.94587			4
2025.03.05	01:24:12.464	0.94571				2
2025.03.05	01:24:12.765	0.94570				2
2025.03.05	01:24:13.184	0.94572				2
2025.03.05	01:24:13.504	0.94570	0.94588			6
2025.03.05	01:24:17.083	0.94572	0.94587			6
2025.03.05	01:24:18.844	0.94570	0.94588			6
2025.03.05	01:24:20.115		0.94587			4
2025.03.05	01:24:20.831	0.94569	0.94584			6
2025.03.05	01:24:21.139	0.94561	0.94574			6
2025.03.05	01:24:21.445	0.94558	0.94572			6
2025.03.05	01:24:22.678	0.94557	0.94571			6
2025.03.05	01:24:24.876		0.94570			4
2025.03.05	01:24:26.349	0.94558	0.94571			6
2025.03.05	01:24:26.965	0.94557				2
2025.03.05	01:24:28.661	0.94556				2
2025.03.05	01:24:29.241	0.94550	0.94565			6
2025.03.05	01:24:30.709	0.94549	0.94564			6
2025.03.05	01:24:32.743	0.94548	0.94562			6
2025.03.05	01:24:36.266	0.94547	0.94561			6
2025.03.05	01:24:36.932	0.94548	0.94563			6
2025.03.05	01:24:37.761	0.94547	0.94562			6
2025.03.05	01:24:38.828	0.94548				2
2025.03.05	01:24:39.888	0.94545	0.94558			6
2025.03.05	01:24:40.321	0.94547	0.94560			6
2025.03.05	01:24:40.631	0.94540	0.94554			6
2025.03.05	01:24:42.842	0.94538	0.94553			6
2025.03.05	01:24:46.351	0.94537	0.94549			6
2025.03.05	01:24:46.666		0.94551			4
2025.03.05	01:24:48.106	0.94536	0.94549			6
2025.03.05	01:24:48.460	0.94537	0.94551			6
2025.03.05	01:24:49.282		0.94552			4
2025.03.05	01:24:51.119		0.94551			4
2025.03.05	01:24:53.478	0.94534	0.94547			6
2025.03.05	01:24:53.847	0.94537	0.94552			6
2025.03.05	01:24:54.195	0.94533	0.94547			6
2025.03.05	01:24:54.742		0.94546			4
2025.03.05	01:25:00.589	0.94538	0.94552			6
2025.03.05	01:25:00.906	0.94542	0.94555			6
2025.03.05	01:25:01.226	0.94541				2
2025.03.05	01:25:01.846	0.94540				2
2025.03.05	01:25:02.185	0.94541				2
2025.03.05	01:25:03.413	0.94540				2
2025.03.05	01:25:07.302	0.94541				2
2025.03.05	01:25:08.513	0.94545	0.94558			6
2025.03.05	01:25:08.924	0.94543	0.94556			6
2025.03.05	01:25:09.251	0.94544	0.94558			6
2025.03.05	01:25:09.973	0.94543				2
2025.03.05	01:25:10.286	0.94541	0.94556			6
2025.03.05	01:25:11.909	0.94538	0.94552			6
2025.03.05	01:25:14.028	0.94539	0.94553			6
2025.03.05	01:25:14.872	0.94537	0.94551			6
2025.03.05	01:25:17.040		0.94550			4
2025.03.05	01:25:18.005		0.94551			4
2025.03.05	01:25:20.004		0.94550			4
2025.03.05	01:25:20.715	0.94536				2
2025.03.05	01:25:21.059	0.94535	0.94547			6
2025.03.05	01:25:21.956		0.94550			4
2025.03.05	01:25:22.566	0.94534	0.94547			6
2025.03.05	01:25:27.587	0.94533	0.94544			6
2025.03.05	01:25:28.113		0.94545			4
2025.03.05	01:25:28.997	0.94534				2
2025.03.05	01:25:30.014	0.94537	0.94547			6
2025.03.05	01:25:30.358	0.94534	0.94545			6
2025.03.05	01:25:35.657	0.94535				2
2025.03.05	01:25:36.343	0.94537	0.94547			6
2025.03.05	01:25:37.052	0.94534	0.94545			6
2025.03.05	01:25:44.443	0.94537				2
2025.03.05	01:25:47.194	0.94534	0.94544			6
2025.03.05	01:25:47.531	0.94533	0.94543			6
2025.03.05	01:25:50.655	0.94530	0.94542			6
2025.03.05	01:25:50.967	0.94532	0.94543			6
2025.03.05	01:25:51.797	0.94533				2
2025.03.05	01:25:57.885	0.94536	0.94545			6
2025.03.05	01:25:58.201	0.94532	0.94546			6
2025.03.05	01:25:58.506	0.94536				2
2025.03.05	01:25:58.826	0.94538	0.94547			6
2025.03.05	01:26:00.363	0.94538	0.94548			6
2025.03.05	01:26:01.264	0.94533	0.94546			6
2025.03.05	01:26:03.374	0.94534	0.94547			6
2025.03.05	01:26:03.722	0.94536	0.94550			6
2025.03.05	01:26:06.843		0.94549			4
2025.03.05	01:26:07.498	0.94534	0.94547			6
2025.03.05	01:26:09.067	0.94535				2
2025.03.05	01:26:10.384	0.94536	0.94549			6
2025.03.05	01:26:11.393		0.94548			4
2025.03.05	01:26:15.671	0.94542	0.94554			6
2025.03.05	01:26:17.913	0.94543	0.94555			6
2025.03.05	01:26:19.134		0.94556			4
2025.03.05	01:26:20.325	0.94546				2
2025.03.05	01:26:21.124	0.94545				2
2025.03.05	01:26:21.562		0.94557			4
2025.03.05	01:26:25.393		0.94556			4
2025.03.05	01:26:28.151	0.94544				2
2025.03.05	01:26:30.440	0.94543				2
2025.03.05	01:26:32.897	0.94544				2
2025.03.05	01:26:34.346	0.94546	0.94559			6
2025.03.05	01:26:34.666	0.94548				2
2025.03.05	01:26:35.049	0.94549				2
2025.03.05	01:26:36.202	0.94548	0.94560			6
2025.03.05	01:26:36.850	0.94549	0.94562			6
2025.03.05	01:26:37.184		0.94561			4
2025.03.05	01:26:38.838	0.94556	0.94566			6
2025.03.05	01:26:39.197	0.94555				2
2025.03.05	01:26:40.360	0.94559	0.94570			6
2025.03.05	01:26:45.463	0.94561	0.94574			6
2025.03.05	01:26:45.889	0.94563				2
2025.03.05	01:26:46.221	0.94562	0.94575			6
2025.03.05	01:26:47.053	0.94564	0.94577			6
2025.03.05	01:26:47.384	0.94570	0.94582			6
2025.03.05	01:26:49.259	0.94571	0.94583			6
2025.03.05	01:26:49.598		0.94582			4
2025.03.05	01:26:52.100	0.94570				2
2025.03.05	01:26:54.360		0.94583			4
2025.03.05	01:27:00.425	0.94570				2
2025.03.05	01:27:08.979	0.94568	0.94579			6
2025.03.05	01:27:09.673		0.94580			4
2025.03.05	01:27:10.337	0.94566	0.94579			6
2025.03.05	01:27:16.123	0.94569	0.94582			6
2025.03.05	01:27:16.425	0.94568	0.94579			6
2025.03.05	01:27:23.298		0.94582			4
2025.03.05	01:27:23.604	0.94569				2
2025.03.05	01:27:26.898	0.94570				2
2025.03.05	01:27:29.900	0.94569				2
2025.03.05	01:27:30.231	0.94568	0.94579			6
2025.03.05	01:27:32.543	0.94569	0.94582			6
2025.03.05	01:27:35.350	0.94570	0.94580			6
2025.03.05	01:27:35.684	0.94569	0.94582			6
2025.03.05	01:27:36.715	0.94570				2
2025.03.05	01:27:39.621	0.94569	0.94581			6
2025.03.05	01:27:39.931	0.94570				2
2025.03.05	01:27:40.354	0.94569				2
2025.03.05	01:27:40.709		0.94580			4
2025.03.05	01:27:41.613	0.94570				2
2025.03.05	01:27:42.352	0.94569				2
2025.03.05	01:27:42.668	0.94570				2
2025.03.05	01:27:43.685	0.94569				2
2025.03.05	01:27:45.071		0.94579			4
2025.03.05	01:27:49.245		0.94580			4
2025.03.05	01:27:49.577	0.94568				2
2025.03.05	01:27:54.597	0.94569	0.94583			6
2025.03.05	01:27:54.906	0.94570				2
2025.03.05	01:28:00.460	0.94563	0.94577			6
2025.03.05	01:28:01.564	0.94564				2
2025.03.05	01:28:06.200	0.94563	0.94576			6
2025.03.05	01:28:06.808	0.94562	0.94575			6
2025.03.05	01:28:07.578	0.94563				2
2025.03.05	01:28:10.814	0.94560	0.94573			6
2025.03.05	01:28:13.037	0.94562	0.94575			6
2025.03.05	01:28:13.486	0.94561	0.94574			6
2025.03.05	01:28:18.882		0.94575			4
2025.03.05	01:28:19.912	0.94559	0.94570			6
2025.03.05	01:28:20.988	0.94560	0.94573			6
2025.03.05	01:28:23.000	0.94561				2
2025.03.05	01:28:24.662	0.94559	0.94572			6
2025.03.05	01:28:24.980	0.94560				2
2025.03.05	01:28:26.299	0.94561				2
2025.03.05	01:28:28.573		0.94573			4
2025.03.05	01:28:30.258		0.94574			4
2025.03.05	01:28:31.537	0.94562	0.94575			6
2025.03.05	01:28:37.853	0.94563				2
2025.03.05	01:28:38.466	0.94564	0.94577			6
2025.03.05	01:28:46.255	0.94567	0.94579			6
2025.03.05	01:28:48.871	0.94568				2
2025.03.05	01:28:50.041	0.94567				2
2025.03.05	01:28:51.209	0.94569	0.94582			6
2025.03.05	01:28:52.012	0.94570	0.94583			6
2025.03.05	01:28:54.408	0.94571				2
2025.03.05	01:28:56.109	0.94570				2
2025.03.05	01:28:57.178		0.94584			4
2025.03.05	01:28:58.999	0.94569				2
2025.03.05	01:29:00.670	0.94569				2
2025.03.05	01:29:01.483		0.94582			4
2025.03.05	01:29:02.260	0.94568	0.94579			6
2025.03.05	01:29:02.601	0.94567				2
2025.03.05	01:29:04.416	0.94566				2
2025.03.05	01:29:04.880	0.94561	0.94575			6
2025.03.05	01:29:15.799	0.94562				2
2025.03.05	01:29:21.310	0.94563	0.94576			6
2025.03.05	01:29:22.490	0.94569	0.94583			6
2025.03.05	01:29:22.805		0.94584			4
2025.03.05	01:29:25.860	0.94570				2
2025.03.05	01:29:28.400	0.94569				2
2025.03.05	01:29:29.950	0.94570				2
2025.03.05	01:29:31.398	0.94569				2
2025.03.05	01:29:32.008	0.94570				2
2025.03.05	01:29:32.960	0.94569				2
2025.03.05	01:29:41.000	0.94573	0.94587			6
2025.03.05	01:29:41.306	0.94572	0.94585			6
2025.03.05	01:29:43.474	0.94571				2
2025.03.05	01:29:44.843	0.94570	0.94583			6
2025.03.05	01:29:45.165		0.94584			4
2025.03.05	01:29:52.699	0.94571	0.94585			6
2025.03.05	01:29:54.409	0.94573				2
2025.03.05	01:29:56.346	0.94572				2
2025.03.05	01:29:56.687	0.94573				2
2025.03.05	01:29:57.518	0.94576	0.94588			6
2025.03.05	01:30:00.228	0.94572	0.94582			6
2025.03.05	01:30:00.904	0.94571				2
2025.03.05	01:30:02.093	0.94572	0.94579			6
2025.03.05	01:30:04.214	0.94571	0.94582			6
2025.03.05	01:30:04.576	0.94569	0.94580			6
2025.03.05	01:30:05.213	0.94570				2
2025.03.05	01:30:08.170		0.94578			4
2025.03.05	01:30:08.809		0.94579			4
2025.03.05	01:30:10.167		0.94578			4
2025.03.05	01:30:11.275		0.94579			4
2025.03.05	01:30:15.242		0.94577			4
2025.03.05	01:30:15.547	0.94569				2
2025.03.05	01:30:19.606		0.94579			4
2025.03.05	01:30:21.141	0.94571				2
2025.03.05	01:30:22.201		0.94580			4
2025.03.05	01:30:22.507	0.94569	0.94579			6
2025.03.05	01:30:22.842	0.94570				2
2025.03.05	01:30:25.329	0.94579	0.94588			6
2025.03.05	01:30:25.701		0.94589			4
2025.03.05	01:30:30.428		0.94590			4
2025.03.05	01:30:34.857	0.94581	0.94591			6
2025.03.05	01:30:35.211	0.94579				2
2025.03.05	01:30:36.198	0.94580	0.94592			6
2025.03.05	01:30:37.098	0.94579	0.94590			6
2025.03.05	01:30:38.358		0.94589			4
2025.03.05	01:30:38.668		0.94588			4
2025.03.05	01:30:39.441		0.94587			4
2025.03.05	01:30:40.221	0.94575	0.94586			6
2025.03.05	01:30:43.753	0.94572	0.94584			6
2025.03.05	01:30:46.398	0.94574	0.94586			6
2025.03.05	01:30:49.775	0.94577	0.94587			6
2025.03.05	01:30:50.220	0.94575				2
2025.03.05	01:30:53.259	0.94578				2
2025.03.05	01:30:56.286	0.94574	0.94586			6
2025.03.05	01:31:00.364	0.94574				2
2025.03.05	01:31:03.869	0.94572	0.94584			6
2025.03.05	01:31:08.432	0.94579	0.94590			6
2025.03.05	01:31:09.169	0.94580	0.94592			6
2025.03.05	01:31:09.533	0.94581	0.94593			6
2025.03.05	01:31:09.834		0.94594			4
2025.03.05	01:31:16.306	0.94579	0.94593			6
2025.03.05	01:31:17.191		0.94591			4
2025.03.05	01:31:18.216		0.94588			4
2025.03.05	01:31:25.429		0.94589			4
2025.03.05	01:31:25.926		0.94591			4
2025.03.05	01:31:28.090	0.94578	0.94589			6
2025.03.05	01:31:34.730		0.94588			4
2025.03.05	01:31:35.663		0.94589			4
2025.03.05	01:31:36.200	0.94576	0.94588			6
2025.03.05	01:31:36.528	0.94574	0.94586			6
2025.03.05	01:31:41.380	0.94580	0.94592			6
2025.03.05	01:31:44.103	0.94579	0.94591			6
2025.03.05	01:31:44.599	0.94580	0.94594			6
2025.03.05	01:31:44.908	0.94582	0.94596			6
2025.03.05	01:31:47.378	0.94581	0.94595			6
2025.03.05	01:31:49.037	0.94579	0.94589			6
2025.03.05	01:31:52.068	0.94580	0.94592			6
2025.03.05	01:31:53.243		0.94593			4
2025.03.05	01:31:56.413		0.94592			4
2025.03.05	01:32:00.863	0.94580	0.94593			6
2025.03.05	01:32:01.535		0.94590			4
2025.03.05	01:32:02.405	0.94577	0.94588			6
2025.03.05	01:32:02.715	0.94578				2
2025.03.05	01:32:03.650		0.94586			4
2025.03.05	01:32:05.712	0.94573				2
2025.03.05	01:32:06.470	0.94572	0.94585			6
2025.03.05	01:32:12.817		0.94584			4
2025.03.05	01:32:13.902	0.94573	0.94586			6
2025.03.05	01:32:19.532	0.94579	0.94590			6
2025.03.05	01:32:22.988		0.94591			4
2025.03.05	01:32:24.729		0.94590			4
2025.03.05	01:32:27.412		0.94591			4
2025.03.05	01:32:29.592	0.94580	0.94593			6
2025.03.05	01:32:35.558		0.94594			4
2025.03.05	01:32:36.748	0.94581	0.94595			6
2025.03.05	01:32:38.033		0.94594			4
2025.03.05	01:32:38.408	0.94579	0.94592			6
2025.03.05	01:32:41.301		0.94591			4
2025.03.05	01:32:42.064	0.94578	0.94586			6
2025.03.05	01:32:42.409		0.94584			4
2025.03.05	01:32:42.713	0.94571				2
2025.03.05	01:32:43.057	0.94570	0.94581			6
2025.03.05	01:32:45.571	0.94568	0.94577			6
2025.03.05	01:32:45.968	0.94563	0.94575			6
2025.03.05	01:32:47.078	0.94560	0.94571			6
2025.03.05	01:32:49.769		0.94569			4
2025.03.05	01:32:50.102		0.94568			4
2025.03.05	01:32:56.963	0.94559	0.94569			6
2025.03.05	01:32:57.372	0.94560	0.94571			6
2025.03.05	01:32:59.248		0.94573			4
2025.03.05	01:33:00.206	0.94560	0.94571			6
2025.03.05	01:33:00.606		0.94570			4
2025.03.05	01:33:02.942	0.94558				2
2025.03.05	01:33:03.326		0.94572			4
2025.03.05	01:33:03.630	0.94557	0.94569			6
2025.03.05	01:33:04.804		0.94571			4
2025.03.05	01:33:11.029	0.94550	0.94562			6
2025.03.05	01:33:11.646	0.94549	0.94558			6
2025.03.05	01:33:17.768		0.94560			4
2025.03.05	01:33:18.321		0.94559			4
2025.03.05	01:33:28.210	0.94551	0.94560			6
2025.03.05	01:33:28.526		0.94562			4
2025.03.05	01:33:45.449		0.94564			4
2025.03.05	01:33:49.166		0.94563			4
2025.03.05	01:33:56.273	0.94550				2
2025.03.05	01:34:01.244	0.94550				2
2025.03.05	01:34:02.726	0.94560	0.94574			6
2025.03.05	01:34:03.539	0.94561	0.94575			6
2025.03.05	01:34:11.441	0.94560	0.94571			6
2025.03.05	01:34:12.245		0.94573			4
2025.03.05	01:34:14.987		0.94572			4
2025.03.05	01:34:18.350		0.94574			4
2025.03.05	01:34:21.199		0.94573			4
2025.03.05	01:34:30.578		0.94570			4
2025.03.05	01:34:30.958		0.94572			4
2025.03.05	01:34:41.515		0.94571			4
2025.03.05	01:34:41.974	0.94558	0.94566			6
2025.03.05	01:34:43.124	0.94551	0.94563			6
2025.03.05	01:34:43.456	0.94550				2
2025.03.05	01:34:46.181	0.94551				2
2025.03.05	01:34:50.126	0.94547	0.94557			6
2025.03.05	01:34:50.432		0.94558			4
2025.03.05	01:34:52.338		0.94556			4
2025.03.05	01:34:52.725		0.94555			4
2025.03.05	01:34:55.892	0.94543				2
2025.03.05	01:34:56.844	0.94542				2
2025.03.05	01:34:59.373	0.94545	0.94556			6
2025.03.05	01:35:00.497	0.94545	0.94558			6
2025.03.05	01:35:00.895		0.94557			4
2025.03.05	01:35:02.281		0.94555			4
2025.03.05	01:35:07.451	0.94542	0.94554			6
2025.03.05	01:35:12.807		0.94555			4
2025.03.05	01:35:20.877	0.94541				2
2025.03.05	01:35:22.843	0.94539	0.94552			6
2025.03.05	01:35:23.752	0.94540	0.94551			6
2025.03.05	01:35:26.300	0.94541	0.94553			6
2025.03.05	01:35:29.851	0.94539	0.94551			6
2025.03.05	01:35:31.520	0.94540	0.94552			6
2025.03.05	01:35:35.297	0.94539				2
2025.03.05	01:35:39.956	0.94547	0.94557			6
2025.03.05	01:35:40.271		0.94559			4
2025.03.05	01:36:00.640	0.94547				2
2025.03.05	01:36:04.573		0.94560			4
2025.03.05	01:36:05.980	0.94548	0.94561			6
2025.03.05	01:36:07.190	0.94547	0.94559			6
2025.03.05	01:36:07.941		0.94560			4
2025.03.05	01:36:18.430	0.94540	0.94550			6
2025.03.05	01:36:28.426	0.94534	0.94546			6
2025.03.05	01:36:28.729		0.94548			4
2025.03.05	01:36:29.800	0.94532	0.94546			6
2025.03.05	01:36:39.465	0.94533				2
2025.03.05	01:36:40.584	0.94532	0.94545			6
2025.03.05	01:36:42.017	0.94533	0.94546			6
2025.03.05	01:36:44.169	0.94534	0.94545			6
2025.03.05	01:36:45.608		0.94546			4
2025.03.05	01:36:48.289		0.94545			4
2025.03.05	01:36:49.143	0.94539	0.94550			6
2025.03.05	01:36:50.712	0.94534	0.94545			6
2025.03.05	01:36:56.087		0.94546			4
2025.03.05	01:36:56.783	0.94535	0.94547			6
2025.03.05	01:36:57.543	0.94538	0.94549			6
2025.03.05	01:36:57.847	0.94539	0.94550			6
2025.03.05	01:36:58.207		0.94551			4
2025.03.05	01:37:00.363	0.94539				2
2025.03.05	01:37:00.799	0.94534	0.94547			6
2025.03.05	01:37:01.878		0.94546			4
2025.03.05	01:37:02.190		0.94547			4
2025.03.05	01:37:07.229	0.94538	0.94549			6
2025.03.05	01:37:07.657	0.94533	0.94546			6
2025.03.05	01:37:08.985	0.94537	0.94547			6
2025.03.05	01:37:10.024	0.94548	0.94559			6
2025.03.05	01:37:10.326	0.94549				2
2025.03.05	01:37:11.964		0.94560			4
2025.03.05	01:37:12.589		0.94559			4
2025.03.05	01:37:14.724		0.94558			4
2025.03.05	01:37:29.603		0.94559			4
2025.03.05	01:37:33.636	0.94551	0.94563			6
2025.03.05	01:37:36.798	0.94552				2
2025.03.05	01:37:40.057	0.94554	0.94565			6
2025.03.05	01:37:40.365		0.94566			4
2025.03.05	01:37:41.001	0.94558				2
2025.03.05	01:37:41.548	0.94555				2
2025.03.05	01:37:50.281	0.94565	0.94577			6
2025.03.05	01:37:50.588	0.94564	0.94576			6
2025.03.05	01:37:51.648	0.94565				2
2025.03.05	01:37:54.667	0.94564				2
2025.03.05	01:37:55.724	0.94565				2
2025.03.05	01:37:58.948	0.94564				2
2025.03.05	01:38:00.461	0.94565	0.94577			6
2025.03.05	01:38:04.300	0.94568	0.94579			6
2025.03.05	01:38:08.477	0.94569				2
2025.03.05	01:38:11.328	0.94568				2
2025.03.05	01:38:13.998	0.94569				2
2025.03.05	01:38:16.507	0.94568				2
2025.03.05	01:38:17.526	0.94567	0.94578			6
2025.03.05	01:38:17.828	0.94568				2
2025.03.05	01:38:20.721	0.94567				2
2025.03.05	01:38:23.596	0.94568				2
2025.03.05	01:38:25.945	0.94566	0.94577			6
2025.03.05	01:38:31.691		0.94576			4
2025.03.05	01:38:38.580		0.94575			4
2025.03.05	01:38:39.728	0.94565	0.94576			6
2025.03.05	01:38:41.474	0.94562	0.94572			6
2025.03.05	01:38:44.919		0.94571			4
2025.03.05	01:38:47.869	0.94564	0.94573			6
2025.03.05	01:38:49.668		0.94574			4
2025.03.05	01:38:57.551		0.94575			4
2025.03.05	01:38:59.599	0.94565				2
2025.03.05	01:39:00.217	0.94565				2
2025.03.05	01:39:00.623	0.94564				2
2025.03.05	01:39:08.704	0.94561	0.94573			6
2025.03.05	01:39:09.080	0.94562	0.94572			6
2025.03.05	01:39:10.251	0.94561	0.94571			6
2025.03.05	01:39:10.575	0.94562	0.94572			6
2025.03.05	01:39:14.245	0.94563	0.94574			6
2025.03.05	01:39:14.548	0.94564	0.94575			6
2025.03.05	01:39:16.485	0.94563				2
2025.03.05	01:39:16.943	0.94562	0.94574			6
2025.03.05	01:39:22.097	0.94563				2
2025.03.05	01:39:26.504	0.94564	0.94576			6
2025.03.05	01:39:26.981	0.94565				2
2025.03.05	01:39:28.097	0.94566				2
2025.03.05	01:39:31.107	0.94564	0.94575			6
2025.03.05	01:39:31.430	0.94563				2
2025.03.05	01:39:40.497		0.94574			4
2025.03.05	01:40:00.197	0.94563				2
2025.03.05	01:40:01.993	0.94562	0.94573			6
2025.03.05	01:40:04.093		0.94572			4
2025.03.05	01:40:08.552	0.94561				2
2025.03.05	01:40:09.798	0.94562				2
2025.03.05	01:40:10.201	0.94561	0.94571			6
2025.03.05	01:40:10.637	0.94562				2
2025.03.05	01:40:12.954		0.94572			4
2025.03.05	01:40:15.144	0.94564	0.94575			6
2025.03.05	01:40:16.007	0.94563	0.94573			6
2025.03.05	01:40:16.397	0.94562				2
2025.03.05	01:40:18.068	0.94561	0.94572			6
2025.03.05	01:40:18.761	0.94560	0.94571			6
2025.03.05	01:40:19.067	0.94563	0.94573			6
2025.03.05	01:40:21.690	0.94562				2
2025.03.05	01:40:23.297	0.94563				2
2025.03.05	01:40:29.075	0.94562	0.94571			6
2025.03.05	01:40:36.052	0.94563	0.94572			6
2025.03.05	01:40:41.293		0.94573			4
2025.03.05	01:40:47.474	0.94562				2
2025.03.05	01:40:49.700	0.94563				2
2025.03.05	01:40:51.694	0.94562	0.94574			6
2025.03.05	01:40:53.553	0.94556	0.94566			6
2025.03.05	01:40:53.988		0.94567			4
2025.03.05	01:40:54.990		0.94566			4
2025.03.05	01:40:55.305		0.94565			4
2025.03.05	01:40:56.358		0.94566			4
2025.03.05	01:40:57.428	0.94555				2
2025.03.05	01:41:00.359	0.94556	0.94567			6
2025.03.05	01:41:01.398	0.94555	0.94566			6
2025.03.05	01:41:02.008	0.94556	0.94567			6
2025.03.05	01:41:02.325	0.94555	0.94566			6
2025.03.05	01:41:03.672		0.94565			4
2025.03.05	01:41:04.897	0.94553				2
2025.03.05	01:41:08.778	0.94549	0.94557			6
2025.03.05	01:41:10.830	0.94547	0.94556			6
2025.03.05	01:41:14.042		0.94557			4
2025.03.05	01:41:28.925		0.94558			4
2025.03.05	01:41:31.275	0.94548	0.94561			6
2025.03.05	01:41:37.535		0.94562			4
2025.03.05	01:41:37.850	0.94549	0.94563			6
2025.03.05	01:41:44.872		0.94562			4
2025.03.05	01:41:45.537	0.94551	0.94564			6
2025.03.05	01:41:50.575		0.94563			4
2025.03.05	01:41:51.777	0.94552	0.94564			6
2025.03.05	01:42:00.458	0.94551	0.94562			6
2025.03.05	01:42:05.741	0.94548	0.94557			6
2025.03.05	01:42:07.045		0.94559			4
2025.03.05	01:42:08.058		0.94558			4
2025.03.05	01:42:09.188	0.94545	0.94556			6
2025.03.05	01:42:09.505	0.94546				2
2025.03.05	01:42:09.834		0.94557			4
2025.03.05	01:42:11.881		0.94558			4
2025.03.05	01:42:12.185	0.94545	0.94557			6
2025.03.05	01:42:12.488	0.94546	0.94556			6
2025.03.05	01:42:13.577		0.94558			4
2025.03.05	01:42:14.390	0.94545	0.94556			6
2025.03.05	01:42:15.491		0.94557			4
2025.03.05	01:42:18.788		0.94556			4
2025.03.05	01:42:20.345		0.94555			4
2025.03.05	01:42:20.991	0.94544				2
2025.03.05	01:42:21.469		0.94557			4
2025.03.05	01:42:22.677	0.94545				2
2025.03.05	01:42:31.924	0.94546				2
2025.03.05	01:42:37.577		0.94556			4
2025.03.05	01:42:38.446		0.94558			4
2025.03.05	01:42:42.720		0.94555			4
2025.03.05	01:42:43.807	0.94543				2
2025.03.05	01:42:44.658		0.94554			4
2025.03.05	01:42:47.912	0.94545	0.94556			6
2025.03.05	01:42:48.988		0.94558			4
2025.03.05	01:42:53.874	0.94543	0.94556			6
2025.03.05	01:42:55.440		0.94555			4
2025.03.05	01:42:55.792	0.94542				2
2025.03.05	01:43:00.326	0.94542				2
2025.03.05	01:43:02.529	0.94552	0.94564			6
2025.03.05	01:43:03.560		0.94565			4
2025.03.05	01:43:13.351	0.94551	0.94563			6
2025.03.05	01:43:14.831	0.94554	0.94567			6
2025.03.05	01:43:16.306	0.94555	0.94568			6
2025.03.05	01:43:17.826	0.94554	0.94566			6
2025.03.05	01:43:19.088	0.94553	0.94565			6
2025.03.05	01:43:23.843	0.94552				2
2025.03.05	01:43:25.379	0.94555	0.94568			6
2025.03.05	01:43:28.905	0.94553	0.94566			6
2025.03.05	01:43:29.695	0.94550	0.94562			6
2025.03.05	01:43:31.964	0.94551	0.94563			6
2025.03.05	01:43:32.877	0.94550	0.94560			6
2025.03.05	01:43:38.418		0.94561			4
2025.03.05	01:43:44.562		0.94559			4
2025.03.05	01:43:46.435		0.94558			4
2025.03.05	01:43:51.415	0.94542	0.94554			6
2025.03.05	01:43:52.470	0.94541				2
2025.03.05	01:43:53.376		0.94553			4
2025.03.05	01:43:53.765		0.94551			4
2025.03.05	01:43:56.759		0.94549			4
2025.03.05	01:43:57.174	0.94540				2
2025.03.05	01:43:58.256	0.94539				2
2025.03.05	01:44:00.508	0.94539	0.94547			6
2025.03.05	01:44:00.827		0.94549			4
2025.03.05	01:44:01.514		0.94548			4
2025.03.05	01:44:03.548		0.94549			4
2025.03.05	01:44:07.375		0.94547			4
2025.03.05	01:44:14.085		0.94548			4
2025.03.05	01:44:14.524		0.94547			4
2025.03.05	01:44:26.669		0.94548			4
2025.03.05	01:44:36.848		0.94547			4
2025.03.05	01:44:42.340		0.94550			4
2025.03.05	01:44:43.653		0.94546			4
2025.03.05	01:44:45.702	0.94537				2
2025.03.05	01:44:58.136	0.94536				2
2025.03.05	01:45:00.179	0.94536				2
2025.03.05	01:45:02.628		0.94545			4
2025.03.05	01:45:06.124		0.94546			4
2025.03.05	01:45:08.351	0.94533	0.94545			6
2025.03.05	01:45:09.401	0.94534	0.94543			6
2025.03.05	01:45:18.407	0.94531	0.94540			6
2025.03.05	01:45:20.330		0.94541			4
2025.03.05	01:45:21.783		0.94540			4
2025.03.05	01:45:24.939		0.94539			4
2025.03.05	01:45:31.829		0.94540			4
2025.03.05	01:45:52.780		0.94541			4
2025.03.05	01:45:54.552		0.94542			4
2025.03.05	01:45:56.971	0.94529	0.94540			6
2025.03.05	01:45:57.309	0.94535	0.94546			6
2025.03.05	01:45:57.626	0.94538	0.94550			6
2025.03.05	01:45:59.327		0.94548			4
2025.03.05	01:46:00.352	0.94536	0.94547			6
2025.03.05	01:46:01.421	0.94539	0.94551			6
2025.03.05	01:46:01.728	0.94541	0.94553			6
2025.03.05	01:46:02.296	0.94540	0.94552			6
2025.03.05	01:46:02.606		0.94551			4
2025.03.05	01:46:04.878		0.94550			4
2025.03.05	01:46:08.099	0.94538				2
2025.03.05	01:46:08.826	0.94539	0.94549			6
2025.03.05	01:46:17.986		0.94552			4
2025.03.05	01:46:19.652	0.94537	0.94548			6
2025.03.05	01:46:20.184		0.94549			4
2025.03.05	01:46:30.647		0.94545			4
2025.03.05	01:46:31.942		0.94546			4
2025.03.05	01:46:43.684		0.94545			4
2025.03.05	01:46:51.781	0.94535				2
2025.03.05	01:46:52.653	0.94534				2
2025.03.05	01:46:55.443	0.94535				2
2025.03.05	01:46:58.074	0.94534				2
2025.03.05	01:47:00.521	0.94534				2
2025.03.05	01:47:01.842		0.94544			4
2025.03.05	01:47:05.537	0.94536				2
2025.03.05	01:47:05.984	0.94534				2
2025.03.05	01:47:14.422	0.94535	0.94545			6
2025.03.05	01:47:15.799	0.94534	0.94544			6
2025.03.05	01:47:25.132	0.94533				2
2025.03.05	01:47:28.570	0.94535	0.94546			6
2025.03.05	01:47:32.536	0.94534				2
2025.03.05	01:47:39.424		0.94545			4
2025.03.05	01:47:43.302	0.94538	0.94549			6
2025.03.05	01:47:44.999	0.94536	0.94546			6
2025.03.05	01:47:45.516	0.94537				2
2025.03.05	01:47:47.374	0.94536	0.94547			6
2025.03.05	01:47:48.049	0.94535	0.94546			6
2025.03.05	01:47:49.730	0.94532	0.94543			6
2025.03.05	01:47:59.307	0.94531				2
2025.03.05	01:48:01.399	0.94533	0.94544			6
2025.03.05	01:48:01.895	0.94532				2
2025.03.05	01:48:02.217	0.94531				2
2025.03.05	01:48:02.545		0.94543			4
2025.03.05	01:48:05.224		0.94544			4
2025.03.05	01:48:06.007	0.94533	0.94545			6
2025.03.05	01:48:06.852	0.94532				2
2025.03.05	01:48:07.214	0.94533				2
2025.03.05	01:48:09.158	0.94532				2
2025.03.05	01:48:16.115		0.94544			4
2025.03.05	01:48:16.432	0.94533	0.94545			6
2025.03.05	01:48:18.465		0.94543			4
2025.03.05	01:48:19.464	0.94534	0.94547			6
2025.03.05	01:48:22.203		0.94546			4
2025.03.05	01:48:23.656	0.94533				2
2025.03.05	01:48:26.797	0.94531	0.94543			6
2025.03.05	01:48:30.932		0.94544			4
2025.03.05	01:48:33.527	0.94532				2
2025.03.05	01:48:33.839	0.94531	0.94542			6
2025.03.05	01:48:36.109		0.94543			4
2025.03.05	01:48:36.935	0.94532	0.94545			6
2025.03.05	01:48:44.005		0.94544			4
2025.03.05	01:48:45.052	0.94531	0.94539			6
2025.03.05	01:48:45.363	0.94533	0.94542			6
2025.03.05	01:48:45.666	0.94531	0.94544			6
2025.03.05	01:48:47.044	0.94530	0.94540			6
2025.03.05	01:48:49.036		0.94542			4
2025.03.05	01:48:50.679		0.94541			4
2025.03.05	01:48:52.124		0.94538			4
2025.03.05	01:48:53.311		0.94542			4
2025.03.05	01:48:59.606		0.94541			4
2025.03.05	01:49:00.956	0.94530				2
2025.03.05	01:49:08.683		0.94542			4
2025.03.05	01:49:12.931	0.94534	0.94543			6
2025.03.05	01:49:19.477	0.94532				2
2025.03.05	01:49:23.277	0.94531	0.94537			6
2025.03.05	01:49:23.613	0.94529	0.94541			6
2025.03.05	01:49:27.199		0.94538			4
2025.03.05	01:49:27.505		0.94541			4
2025.03.05	01:49:28.348		0.94540			4
2025.03.05	01:49:30.386		0.94539			4
2025.03.05	01:49:31.492	0.94528	0.94540			6
2025.03.05	01:49:31.821		0.94539			4
2025.03.05	01:49:32.853	0.94529				2
2025.03.05	01:49:33.977		0.94542			4
2025.03.05	01:49:35.100		0.94539			4
2025.03.05	01:49:36.350	0.94533	0.94547			6
2025.03.05	01:49:47.118	0.94535				2
2025.03.05	01:49:52.471	0.94533	0.94545			6
2025.03.05	01:49:54.374		0.94546			4
2025.03.05	01:49:55.110	0.94534	0.94548			6
2025.03.05	01:50:01.105	0.94534				2
2025.03.05	01:50:02.129	0.94535				2
2025.03.05	01:50:04.155		0.94549			4
2025.03.05	01:50:06.444	0.94536	0.94550			6
2025.03.05	01:50:11.347	0.94539	0.94552			6
2025.03.05	01:50:11.649	0.94540	0.94554			6
2025.03.05	01:50:11.953		0.94553			4
2025.03.05	01:50:26.973	0.94539				2
2025.03.05	01:50:30.251		0.94550			4
2025.03.05	01:50:33.559		0.94549			4
2025.03.05	01:50:37.755	0.94537	0.94548			6
2025.03.05	01:50:40.429	0.94534	0.94546			6
2025.03.05	01:50:42.497		0.94545			4
2025.03.05	01:50:42.958		0.94546			4
2025.03.05	01:50:45.363		0.94545			4
2025.03.05	01:50:59.574		0.94547			4
2025.03.05	01:51:00.804	0.94534				2
2025.03.05	01:51:03.412		0.94544			4
2025.03.05	01:51:27.558	0.94532				2
2025.03.05	01:51:29.142	0.94538	0.94549			6
2025.03.05	01:51:29.569	0.94541				2
2025.03.05	01:51:31.384		0.94550			4
2025.03.05	01:51:31.898		0.94553			4
2025.03.05	01:51:32.409		0.94554			4
2025.03.05	01:51:39.790		0.94555			4
2025.03.05	01:51:46.545	0.94542	0.94553			6
2025.03.05	01:51:48.935		0.94551			4
2025.03.05	01:51:50.248	0.94543	0.94556			6
2025.03.05	01:51:55.297		0.94551			4
2025.03.05	01:52:00.940	0.94542				2
2025.03.05	01:52:04.978		0.94550			4
2025.03.05	01:52:17.915		0.94551			4
2025.03.05	01:52:21.812		0.94552			4
2025.03.05	01:52:24.434	0.94543	0.94554			6
2025.03.05	01:52:24.944		0.94551			4
2025.03.05	01:52:31.822	0.94542				2
2025.03.05	01:52:32.142	0.94541	0.94548			6
2025.03.05	01:52:32.454		0.94550			4
2025.03.05	01:52:34.547		0.94551			4
2025.03.05	01:52:40.574		0.94548			4
2025.03.05	01:52:42.702	0.94537				2
2025.03.05	01:52:43.588	0.94538				2
2025.03.05	01:52:47.439		0.94547			4
2025.03.05	01:52:50.999		0.94545			4
2025.03.05	01:52:51.305		0.94547			4
2025.03.05	01:52:52.385	0.94540	0.94551			6
2025.03.05	01:52:52.999	0.94542	0.94553			6
2025.03.05	01:52:54.349	0.94540	0.94551			6
2025.03.05	01:52:56.076	0.94539				2
2025.03.05	01:52:56.967	0.94540				2
2025.03.05	01:53:00.197	0.94541				2
2025.03.05	01:53:00.505	0.94539	0.94550			6
2025.03.05	01:53:06.265		0.94553			4
2025.03.05	01:53:16.296		0.94552			4
2025.03.05	01:53:16.640	0.94537	0.94549			6
2025.03.05	01:53:18.692	0.94536				2
2025.03.05	01:53:23.888	0.94535				2
2025.03.05	01:53:27.750	0.94533	0.94547			6
2025.03.05	01:53:29.648	0.94532				2
2025.03.05	01:53:32.731		0.94540			4
2025.03.05	01:53:38.948		0.94541			4
2025.03.05	01:53:41.508	0.94531				2
2025.03.05	01:53:42.446	0.94533	0.94544			6
2025.03.05	01:53:45.845	0.94535	0.94545			6
2025.03.05	01:53:47.933	0.94536	0.94547			6
2025.03.05	01:53:48.246	0.94537				2
2025.03.05	01:53:50.837		0.94546			4
2025.03.05	01:53:53.203		0.94549			4
2025.03.05	01:53:54.613	0.94536	0.94548			6
2025.03.05	01:53:55.659	0.94538				2
2025.03.05	01:53:56.349	0.94537				2
2025.03.05	01:54:00.335	0.94535	0.94547			6
2025.03.05	01:54:00.706		0.94545			4
2025.03.05	01:54:03.166		0.94544			4
2025.03.05	01:54:03.941	0.94534	0.94543			6
2025.03.05	01:54:06.060	0.94531	0.94541			6
2025.03.05	01:54:08.724		0.94540			4
2025.03.05	01:54:11.772	0.94532	0.94541			6
2025.03.05	01:54:18.494		0.94540			4
2025.03.05	01:54:28.748	0.94531				2
2025.03.05	01:54:33.116	0.94533	0.94542			6
2025.03.05	01:54:36.541	0.94534				2
2025.03.05	01:54:37.466	0.94531	0.94539			6
2025.03.05	01:54:41.091		0.94541			4
2025.03.05	01:54:41.407	0.94530				2
2025.03.05	01:54:43.446		0.94539			4
2025.03.05	01:54:46.921		0.94537			4
2025.03.05	01:54:50.899	0.94529	0.94536			6
2025.03.05	01:54:52.305		0.94538			4
2025.03.05	01:54:53.655		0.94536			4
2025.03.05	01:54:56.278		0.94535			4
2025.03.05	01:54:59.977		0.94533			4
2025.03.05	01:55:00.494	0.94528	0.94534			6
2025.03.05	01:55:08.507		0.94535			4
2025.03.05	01:55:10.084		0.94534			4
2025.03.05	01:55:11.227		0.94533			4
2025.03.05	01:55:25.138		0.94532			4
2025.03.05	01:55:28.344	0.94529				2
2025.03.05	01:55:34.380	0.94528	0.94531			6
2025.03.05	01:55:36.915	0.94524	0.94535			6
2025.03.05	01:55:37.266	0.94523	0.94533			6
2025.03.05	01:55:37.567	0.94521	0.94530			6
2025.03.05	01:55:38.620	0.94520				2
2025.03.05	01:55:41.484	0.94521				2
2025.03.05	01:55:42.182		0.94532			4
2025.03.05	01:55:44.382	0.94520				2
2025.03.05	01:55:44.730		0.94533			4
2025.03.05	01:55:47.731		0.94532			4
2025.03.05	01:55:48.379		0.94530			4
2025.03.05	01:55:51.960	0.94521	0.94535			6
2025.03.05	01:55:52.334	0.94524	0.94534			6
2025.03.05	01:55:52.699		0.94536			4
2025.03.05	01:55:55.504	0.94523	0.94537			6
2025.03.05	01:55:57.033	0.94522	0.94536			6
2025.03.05	01:55:59.161	0.94523				2
2025.03.05	01:56:00.538	0.94523				2
2025.03.05	01:56:02.596	0.94525	0.94535			6
2025.03.05	01:56:07.383	0.94546	0.94556			6
2025.03.05	01:56:07.701	0.94543				2
2025.03.05	01:56:08.709	0.94542				2
2025.03.05	01:56:14.370	0.94545				2
2025.03.05	01:56:14.799	0.94544				2
2025.03.05	01:56:15.199	0.94542				2
2025.03.05	01:56:16.120	0.94519	0.94532			6
2025.03.05	01:56:16.427	0.94515	0.94527			6
2025.03.05	01:56:17.071	0.94514	0.94528			6
2025.03.05	01:56:18.458	0.94515	0.94527			6
2025.03.05	01:56:20.521	0.94516	0.94525			6
2025.03.05	01:56:21.188	0.94515	0.94524			6
2025.03.05	01:56:21.930		0.94526			4
2025.03.05	01:56:22.317		0.94528			4
2025.03.05	01:56:25.876		0.94527			4
2025.03.05	01:56:26.316	0.94513				2
2025.03.05	01:56:28.354	0.94514	0.94524			6
2025.03.05	01:56:29.687	0.94512	0.94526			6
2025.03.05	01:56:31.381		0.94527			4
2025.03.05	01:56:31.743		0.94523			4
2025.03.05	01:56:32.419	0.94513	0.94527			6
2025.03.05	01:56:33.035	0.94514	0.94525			6
2025.03.05	01:56:33.347		0.94524			4
2025.03.05	01:56:35.718	0.94517	0.94525			6
2025.03.05	01:56:40.997		0.94526			4
2025.03.05	01:56:41.380		0.94527			4
2025.03.05	01:56:42.036		0.94526			4
2025.03.05	01:56:43.025	0.94515	0.94525			6
2025.03.05	01:56:43.407	0.94516				2
2025.03.05	01:56:46.999		0.94524			4
2025.03.05	01:56:50.360	0.94511	0.94522			6
2025.03.05	01:56:51.835	0.94508	0.94517			6
2025.03.05	01:56:52.294	0.94509	0.94516			6
2025.03.05	01:56:52.595	0.94508	0.94518			6
2025.03.05	01:56:52.906	0.94507	0.94515			6
2025.03.05	01:56:53.275	0.94506	0.94516			6
2025.03.05	01:56:53.586	0.94505	0.94515			6
2025.03.05	01:56:53.897		0.94514			4
2025.03.05	01:56:54.724	0.94507	0.94515			6
2025.03.05	01:56:57.001	0.94513	0.94521			6
2025.03.05	01:56:57.343	0.94518	0.94524			6
2025.03.05	01:56:57.646		0.94526			4
2025.03.05	01:57:00.254	0.94517	0.94527			6
2025.03.05	01:57:00.800		0.94526			4
2025.03.05	01:57:03.130	0.94515				2
2025.03.05	01:57:06.204	0.94517	0.94525			6
2025.03.05	01:57:07.104		0.94526			4
2025.03.05	01:57:09.798		0.94525			4
2025.03.05	01:57:12.726	0.94518	0.94526			6
2025.03.05	01:57:16.698		0.94527			4
2025.03.05	01:57:21.542		0.94526			4
2025.03.05	01:57:30.863		0.94527			4
2025.03.05	01:57:32.160	0.94519				2
2025.03.05	01:57:34.212	0.94520	0.94528			6
2025.03.05	01:57:36.519	0.94519				2
2025.03.05	01:57:37.121	0.94521				2
2025.03.05	01:57:38.908	0.94519	0.94527			6
2025.03.05	01:57:39.281	0.94521	0.94529			6
2025.03.05	01:57:40.174	0.94520	0.94528			6
2025.03.05	01:57:41.231	0.94523	0.94532			6
2025.03.05	01:57:44.475		0.94533			4
2025.03.05	01:57:45.319	0.94521	0.94532			6
2025.03.05	01:57:47.898		0.94533			4
2025.03.05	01:57:50.305		0.94532			4
2025.03.05	01:57:52.998	0.94519	0.94527			6
2025.03.05	01:57:53.644		0.94528			4
2025.03.05	01:57:55.395	0.94517				2
2025.03.05	01:57:57.392	0.94518	0.94527			6
2025.03.05	01:57:59.572		0.94526			4
2025.03.05	01:58:00.073	0.94518				2
2025.03.05	01:58:00.476	0.94517	0.94525			6
2025.03.05	01:58:00.876	0.94516				2
2025.03.05	01:58:04.095	0.94517				2
2025.03.05	01:58:05.655	0.94518				2
2025.03.05	01:58:06.199	0.94517	0.94526			6
2025.03.05	01:58:06.812	0.94518				2
2025.03.05	01:58:08.147	0.94517				2
2025.03.05	01:58:09.188	0.94515	0.94525			6
2025.03.05	01:58:16.212	0.94517				2
2025.03.05	01:58:18.162	0.94515	0.94526			6
2025.03.05	01:58:18.510	0.94517	0.94525			6
2025.03.05	01:58:21.894	0.94516				2
2025.03.05	01:58:22.375	0.94518	0.94528			6
2025.03.05	01:58:23.077	0.94517	0.94527			6
2025.03.05	01:58:23.380		0.94528			4
2025.03.05	01:58:25.983	0.94518				2
2025.03.05	01:58:28.023	0.94517	0.94529			6
2025.03.05	01:58:28.334		0.94528			4
2025.03.05	01:58:30.653	0.94519	0.94529			6
2025.03.05	01:58:32.341		0.94530			4
2025.03.05	01:58:33.315	0.94518	0.94528			6
2025.03.05	01:58:33.863	0.94515				2
2025.03.05	01:58:34.652	0.94514	0.94526			6
2025.03.05	01:58:41.485	0.94515	0.94525			6
2025.03.05	01:58:41.862	0.94514				2
2025.03.05	01:58:43.531	0.94516	0.94526			6
2025.03.05	01:58:46.103	0.94517	0.94527			6
2025.03.05	01:58:49.146	0.94514	0.94525			6
2025.03.05	01:58:57.762	0.94517	0.94526			6
2025.03.05	01:58:58.071		0.94527			4
2025.03.05	01:59:00.472	0.94517				2
2025.03.05	01:59:01.482	0.94518	0.94532			6
2025.03.05	01:59:01.853	0.94522	0.94534			6
2025.03.05	01:59:02.163	0.94520	0.94533			6
