<DATE>	<TIME>	<BID>	<ASK>	<LAST>	<VOLUME>	<FLAGS>
2025.02.04	00:00:00.230	0.94126	0.94250			6
2025.02.04	00:00:00.544	0.94102	0.94253			6
2025.02.04	00:05:00.853	0.94035	0.94213			6
2025.02.04	00:05:01.161	0.94049				2
2025.02.04	00:05:01.476	0.94116	0.94338			6
2025.02.04	00:05:02.384	0.94110	0.94211			6
2025.02.04	00:05:37.645	0.94111				2
2025.02.04	00:06:00.705	0.94111				2
2025.02.04	00:06:03.121	0.94110	0.94211			6
2025.02.04	00:06:31.303		0.94206			4
2025.02.04	00:07:03.120	0.94110				2
2025.02.04	00:07:20.683	0.94111				2
2025.02.04	00:07:38.355		0.94206			4
2025.02.04	00:08:05.086	0.94111				2
2025.02.04	00:08:42.773		0.94206			4
2025.02.04	00:09:00.441	0.94111				2
2025.02.04	00:09:16.307		0.94207			4
2025.02.04	00:09:40.678	0.94110				2
2025.02.04	00:10:00.409	0.94110				2
2025.02.04	00:10:13.401	0.94098	0.94219			6
2025.02.04	00:10:55.616	0.94110	0.94207			6
2025.02.04	00:10:57.917	0.94098	0.94219			6
2025.02.04	00:10:58.842	0.94110	0.94207			6
2025.02.04	00:11:00.677	0.94110				2
2025.02.04	00:11:02.939	0.94098	0.94219			6
2025.02.04	00:11:03.883	0.94110	0.94207			6
2025.02.04	00:11:07.714	0.94098	0.94219			6
2025.02.04	00:11:08.623	0.94110	0.94207			6
2025.02.04	00:11:12.501	0.94098	0.94219			6
2025.02.04	00:11:13.712	0.94110	0.94207			6
2025.02.04	00:11:17.594	0.94098	0.94219			6
2025.02.04	00:11:18.500	0.94110	0.94207			6
2025.02.04	00:12:00.193	0.94110				2
2025.02.04	00:12:19.394		0.94207			4
2025.02.04	00:13:00.836	0.94110				2
2025.02.04	00:13:10.598	0.94109				2
2025.02.04	00:13:15.496	0.94098				2
2025.02.04	00:13:19.695		0.94207			4
2025.02.04	00:13:24.817	0.94108				2
2025.02.04	00:13:47.895	0.94107				2
2025.02.04	00:14:00.685	0.94107				2
2025.02.04	00:14:20.292		0.94207			4
2025.02.04	00:15:00.811	0.94107				2
2025.02.04	00:16:51.880	0.94107	0.94207			6
2025.02.04	00:17:00.835	0.94107				2
2025.02.04	00:17:52.715		0.94207			4
2025.02.04	00:18:00.679	0.94107				2
2025.02.04	00:18:53.438		0.94207			4
2025.02.04	00:19:00.835	0.94107				2
2025.02.04	00:19:53.593		0.94207			4
2025.02.04	00:20:00.639	0.94107				2
2025.02.04	00:20:54.492		0.94207			4
2025.02.04	00:21:00.679	0.94107				2
2025.02.04	00:21:17.189	0.94108				2
2025.02.04	00:21:22.895	0.94111				2
2025.02.04	00:21:55.093		0.94207			4
2025.02.04	00:22:00.686	0.94111				2
2025.02.04	00:22:20.509	0.94108				2
2025.02.04	00:22:55.162		0.94207			4
2025.02.04	00:23:00.066	0.94108				2
2025.02.04	00:23:51.793	0.94107				2
2025.02.04	00:23:54.667	0.94108				2
2025.02.04	00:23:55.392		0.94207			4
2025.02.04	00:24:00.013	0.94108				2
2025.02.04	00:24:24.508	0.94109				2
2025.02.04	00:24:25.462	0.94108				2
2025.02.04	00:24:26.084	0.94109				2
2025.02.04	00:24:26.702	0.94108				2
2025.02.04	00:24:27.322	0.94109				2
2025.02.04	00:24:27.623	0.94108				2
2025.02.04	00:24:28.242	0.94109				2
2025.02.04	00:24:28.863	0.94108				2
2025.02.04	00:24:29.166	0.94109				2
2025.02.04	00:24:29.787	0.94108				2
2025.02.04	00:24:30.408	0.94109				2
2025.02.04	00:24:31.027	0.94108				2
2025.02.04	00:24:31.646	0.94109				2
2025.02.04	00:24:31.948	0.94108				2
2025.02.04	00:24:32.568	0.94109				2
2025.02.04	00:24:33.189	0.94108				2
2025.02.04	00:24:33.808	0.94109				2
2025.02.04	00:24:34.742	0.94108				2
2025.02.04	00:24:35.362	0.94109				2
2025.02.04	00:24:35.662	0.94108				2
2025.02.04	00:24:36.283	0.94109				2
2025.02.04	00:24:36.903	0.94108				2
2025.02.04	00:24:37.522	0.94109				2
2025.02.04	00:24:38.143	0.94108				2
2025.02.04	00:24:38.446	0.94109				2
2025.02.04	00:24:39.066	0.94108				2
2025.02.04	00:24:39.687	0.94109				2
2025.02.04	00:24:40.302	0.94108				2
2025.02.04	00:24:40.607	0.94109				2
2025.02.04	00:24:40.910	0.94108				2
2025.02.04	00:24:41.212	0.94109				2
2025.02.04	00:24:41.831	0.94108				2
2025.02.04	00:24:42.761	0.94109				2
2025.02.04	00:24:43.069	0.94108				2
2025.02.04	00:24:43.689	0.94109				2
2025.02.04	00:24:43.995	0.94108				2
2025.02.04	00:24:44.608	0.94109				2
2025.02.04	00:24:45.235	0.94108				2
2025.02.04	00:24:45.848	0.94109				2
2025.02.04	00:24:46.163	0.94108				2
2025.02.04	00:24:46.467	0.94109				2
2025.02.04	00:24:46.783	0.94108				2
2025.02.04	00:24:47.084	0.94109				2
2025.02.04	00:24:48.622	0.94108				2
2025.02.04	00:24:49.242	0.94109				2
2025.02.04	00:24:49.550	0.94108				2
2025.02.04	00:24:50.163	0.94109				2
2025.02.04	00:24:50.472	0.94108				2
2025.02.04	00:24:51.086	0.94109				2
2025.02.04	00:24:51.711	0.94108				2
2025.02.04	00:24:52.327	0.94109				2
2025.02.04	00:24:52.950	0.94108				2
2025.02.04	00:24:53.568	0.94109				2
2025.02.04	00:24:54.195	0.94108				2
2025.02.04	00:24:55.428	0.94109	0.94207			6
2025.02.04	00:24:56.382	0.94108				2
2025.02.04	00:24:57.002	0.94109				2
2025.02.04	00:24:57.777	0.94108				2
2025.02.04	00:24:58.401	0.94109				2
2025.02.04	00:24:59.341	0.94108				2
2025.02.04	00:24:59.962	0.94109				2
2025.02.04	00:25:00.263	0.94108				2
2025.02.04	00:25:00.566	0.94109				2
2025.02.04	00:25:00.870	0.94108				2
2025.02.04	00:25:01.490	0.94109				2
2025.02.04	00:25:02.109	0.94108				2
2025.02.04	00:25:02.732	0.94109				2
2025.02.04	00:25:03.667	0.94108				2
2025.02.04	00:25:04.287	0.94109				2
2025.02.04	00:25:04.594	0.94108				2
2025.02.04	00:25:05.207	0.94109				2
2025.02.04	00:25:05.828	0.94108				2
2025.02.04	00:25:06.142	0.94109				2
2025.02.04	00:25:06.447	0.94108				2
2025.02.04	00:25:06.756	0.94109				2
2025.02.04	00:25:07.702	0.94108				2
2025.02.04	00:25:08.322	0.94109				2
2025.02.04	00:25:08.941	0.94108				2
2025.02.04	00:25:10.206	0.94109				2
2025.02.04	00:25:10.515	0.94108				2
2025.02.04	00:25:11.132	0.94109				2
2025.02.04	00:25:11.752	0.94108				2
2025.02.04	00:25:12.368	0.94109				2
2025.02.04	00:25:12.989	0.94108				2
2025.02.04	00:25:13.607	0.94109				2
2025.02.04	00:25:13.914	0.94108				2
2025.02.04	00:25:14.531	0.94109				2
2025.02.04	00:25:15.467	0.94108				2
2025.02.04	00:25:15.782	0.94109				2
2025.02.04	00:25:16.402	0.94108				2
2025.02.04	00:25:16.707	0.94109				2
2025.02.04	00:25:17.328	0.94108				2
2025.02.04	00:25:17.954	0.94109				2
2025.02.04	00:25:18.582	0.94108				2
2025.02.04	00:25:19.202	0.94109				2
2025.02.04	00:25:20.142	0.94108				2
2025.02.04	00:25:20.446	0.94109				2
2025.02.04	00:25:21.076	0.94108				2
2025.02.04	00:25:21.383	0.94111				2
2025.02.04	00:25:27.770	0.94108				2
2025.02.04	00:25:39.271	0.94110				2
2025.02.04	00:25:39.911	0.94108				2
2025.02.04	00:25:46.273		0.94206			4
2025.02.04	00:25:56.148	0.94111				2
2025.02.04	00:26:00.178	0.94111				2
2025.02.04	00:26:43.782		0.94215			4
2025.02.04	00:26:49.401	0.94115	0.94212			6
2025.02.04	00:26:59.893		0.94207			4
2025.02.04	00:27:00.308	0.94115				2
2025.02.04	00:27:54.780		0.94206			4
2025.02.04	00:28:00.276	0.94115				2
2025.02.04	00:28:01.020	0.94112				2
2025.02.04	00:28:06.609	0.94115				2
2025.02.04	00:28:55.700		0.94206			4
2025.02.04	00:29:00.011	0.94115				2
2025.02.04	00:29:56.301		0.94206			4
2025.02.04	00:30:00.309	0.94115				2
2025.02.04	00:30:16.508	0.94112				2
2025.02.04	00:30:36.010	0.94108				2
2025.02.04	00:30:39.910		0.94208			4
2025.02.04	00:31:00.271	0.94108				2
2025.02.04	00:31:40.096		0.94208			4
2025.02.04	00:32:00.275	0.94108				2
2025.02.04	00:32:41.709		0.94208			4
2025.02.04	00:33:00.911	0.94108				2
2025.02.04	00:33:24.915		0.94212			4
2025.02.04	00:34:00.631	0.94108				2
2025.02.04	00:34:19.810		0.94208			4
2025.02.04	00:35:00.314	0.94108				2
2025.02.04	00:35:20.708		0.94208			4
2025.02.04	00:36:00.309	0.94108				2
2025.02.04	00:36:20.710		0.94208			4
2025.02.04	00:36:47.587		0.94215			4
2025.02.04	00:36:50.566	0.94112				2
2025.02.04	00:36:53.626	0.94119				2
2025.02.04	00:36:54.072	0.94118				2
2025.02.04	00:36:56.707	0.94119				2
2025.02.04	00:37:01.821	0.94124				2
2025.02.04	00:37:03.066		0.94209			4
2025.02.04	00:37:04.211		0.94208			4
2025.02.04	00:37:05.062		0.94215			4
2025.02.04	00:37:05.407	0.94125				2
2025.02.04	00:37:11.410	0.94126				2
2025.02.04	00:37:15.193		0.94207			4
2025.02.04	00:37:15.882	0.94127	0.94215			6
2025.02.04	00:37:21.315	0.94128				2
2025.02.04	00:37:26.409	0.94134				2
2025.02.04	00:37:30.310	0.94135				2
2025.02.04	00:37:36.308	0.94136				2
2025.02.04	00:37:38.701	0.94138				2
2025.02.04	00:37:39.013	0.94136				2
2025.02.04	00:37:39.612	0.94135				2
2025.02.04	00:37:44.709	0.94136				2
2025.02.04	00:37:48.922	0.94126				2
2025.02.04	00:37:51.321	0.94127				2
2025.02.04	00:37:52.296	0.94130				2
2025.02.04	00:37:57.309	0.94131				2
2025.02.04	00:38:00.010	0.94131				2
2025.02.04	00:38:00.655	0.94130				2
2025.02.04	00:38:02.533	0.94129				2
2025.02.04	00:38:04.014	0.94136				2
2025.02.04	00:38:05.029	0.94141				2
2025.02.04	00:38:09.343	0.94136				2
2025.02.04	00:38:10.519	0.94138				2
2025.02.04	00:38:11.718	0.94141				2
2025.02.04	00:38:16.212		0.94215			4
2025.02.04	00:38:20.108	0.94142				2
2025.02.04	00:38:21.385	0.94141				2
2025.02.04	00:38:22.389	0.94142				2
2025.02.04	00:38:26.710	0.94143				2
2025.02.04	00:38:27.176	0.94136				2
2025.02.04	00:38:27.676	0.94134	0.94206			6
2025.02.04	00:38:30.022	0.94135	0.94215			6
2025.02.04	00:38:45.525	0.94136				2
2025.02.04	00:38:45.912	0.94137				2
2025.02.04	00:38:50.777	0.94139				2
2025.02.04	00:38:59.111	0.94140				2
2025.02.04	00:39:00.286	0.94140				2
2025.02.04	00:39:04.989	0.94142				2
2025.02.04	00:39:06.310	0.94143				2
2025.02.04	00:39:12.009	0.94144				2
2025.02.04	00:39:22.514	0.94145				2
2025.02.04	00:39:30.910		0.94215			4
2025.02.04	00:39:36.547	0.94146				2
2025.02.04	00:39:37.749	0.94141				2
2025.02.04	00:39:38.412	0.94142				2
2025.02.04	00:40:00.013	0.94142				2
2025.02.04	00:40:30.718	0.94140				2
2025.02.04	00:40:31.213		0.94215			4
2025.02.04	00:40:32.549	0.94139				2
2025.02.04	00:40:39.597	0.94141				2
2025.02.04	00:40:47.909	0.94140				2
2025.02.04	00:40:50.001	0.94141				2
2025.02.04	00:41:01.510	0.94141				2
2025.02.04	00:41:09.524	0.94108				2
2025.02.04	00:41:15.010		0.94206			4
2025.02.04	00:41:16.412		0.94211			4
2025.02.04	00:41:30.086		0.94215			4
2025.02.04	00:41:40.340		0.94213			4
2025.02.04	00:41:45.123	0.94111	0.94215			6
2025.02.04	00:41:45.609	0.94112				2
2025.02.04	00:41:46.832	0.94128				2
2025.02.04	00:41:47.415	0.94129				2
2025.02.04	00:41:48.017	0.94132				2
2025.02.04	00:41:51.310	0.94133				2
2025.02.04	00:41:56.262	0.94132				2
2025.02.04	00:41:57.071	0.94135				2
2025.02.04	00:41:58.132	0.94137				2
2025.02.04	00:41:59.088		0.94214			4
2025.02.04	00:42:00.812	0.94137				2
2025.02.04	00:42:01.390	0.94138				2
2025.02.04	00:42:13.210	0.94137				2
2025.02.04	00:42:17.316	0.94138				2
2025.02.04	00:42:19.303	0.94137				2
2025.02.04	00:42:22.398	0.94138				2
2025.02.04	00:42:27.017	0.94139				2
2025.02.04	00:42:33.633	0.94138				2
2025.02.04	00:42:35.109	0.94139				2
2025.02.04	00:42:50.115	0.94140				2
2025.02.04	00:42:52.396	0.94141				2
2025.02.04	00:42:54.091		0.94215			4
2025.02.04	00:42:56.710	0.94142				2
2025.02.04	00:43:00.316	0.94142				2
2025.02.04	00:43:01.405	0.94143				2
2025.02.04	00:43:02.563	0.94142				2
2025.02.04	00:43:03.610	0.94143				2
2025.02.04	00:43:10.375	0.94142				2
2025.02.04	00:43:12.440	0.94141				2
2025.02.04	00:43:14.118	0.94142				2
2025.02.04	00:43:19.210	0.94143				2
2025.02.04	00:43:20.378	0.94142				2
2025.02.04	00:43:22.812	0.94143				2
2025.02.04	00:43:29.416	0.94144				2
2025.02.04	00:43:32.005	0.94143				2
2025.02.04	00:43:37.512	0.94144				2
2025.02.04	00:43:55.201	0.94145	0.94215			6
2025.02.04	00:44:00.308	0.94145				2
2025.02.04	00:44:02.690	0.94144				2
2025.02.04	00:44:07.211	0.94145				2
2025.02.04	00:44:08.711	0.94146				2
2025.02.04	00:44:17.113	0.94145				2
2025.02.04	00:44:17.708	0.94146				2
2025.02.04	00:44:24.701	0.94140				2
2025.02.04	00:44:25.210	0.94137				2
2025.02.04	00:44:35.110	0.94135				2
2025.02.04	00:44:36.310	0.94136				2
2025.02.04	00:44:47.018	0.94138				2
2025.02.04	00:44:56.111		0.94215			4
2025.02.04	00:45:01.510	0.94138				2
2025.02.04	00:45:02.121	0.94114	0.94235			6
2025.02.04	00:45:03.942	0.94138	0.94215			6
2025.02.04	00:45:07.949	0.94156	0.94197			6
2025.02.04	00:45:12.610	0.94157				2
2025.02.04	00:45:16.510		0.94203			4
2025.02.04	00:45:17.413	0.94158				2
2025.02.04	00:45:31.914	0.94159				2
2025.02.04	00:45:39.090		0.94204			4
2025.02.04	00:45:46.809	0.94160				2
2025.02.04	00:46:00.319	0.94160				2
2025.02.04	00:46:32.613	0.94129	0.94195			6
2025.02.04	00:46:36.620		0.94172			4
2025.02.04	00:46:36.923		0.94173			4
2025.02.04	00:46:37.510		0.94172			4
2025.02.04	00:46:47.713		0.94171			4
2025.02.04	00:46:57.617		0.94177			4
2025.02.04	00:47:00.678	0.94129				2
2025.02.04	00:47:02.122	0.94111	0.94196			6
2025.02.04	00:47:03.982	0.94129	0.94177			6
2025.02.04	00:47:07.034		0.94179			4
2025.02.04	00:47:08.429		0.94181			4
2025.02.04	00:47:11.712		0.94182			4
2025.02.04	00:47:12.143		0.94188			4
2025.02.04	00:47:13.146		0.94190			4
2025.02.04	00:47:14.418		0.94191			4
2025.02.04	00:47:27.332		0.94193			4
2025.02.04	00:47:27.842		0.94194			4
2025.02.04	00:47:40.105		0.94195			4
2025.02.04	00:47:42.309		0.94197			4
2025.02.04	00:47:54.169		0.94198			4
2025.02.04	00:47:57.361		0.94199			4
2025.02.04	00:48:00.681	0.94129				2
2025.02.04	00:48:06.010		0.94200			4
2025.02.04	00:48:12.359		0.94201			4
2025.02.04	00:48:36.395	0.94124				2
2025.02.04	00:48:36.923		0.94199			4
2025.02.04	00:48:48.926		0.94198			4
2025.02.04	00:49:00.682	0.94124				2
2025.02.04	00:49:01.210		0.94199			4
2025.02.04	00:49:02.651		0.94198			4
2025.02.04	00:49:03.008		0.94199			4
2025.02.04	00:49:04.922		0.94190			4
2025.02.04	00:49:36.767		0.94197			4
2025.02.04	00:49:37.177		0.94205			4
2025.02.04	00:49:58.939		0.94201			4
2025.02.04	00:50:00.010	0.94124				2
2025.02.04	00:50:01.825		0.94202			4
2025.02.04	00:50:27.135		0.94188			4
2025.02.04	00:50:57.103		0.94199			4
2025.02.04	00:51:00.010	0.94124				2
2025.02.04	00:51:12.016		0.94200			4
2025.02.04	00:51:13.211		0.94202			4
2025.02.04	00:51:16.514		0.94201			4
2025.02.04	00:51:28.509		0.94200			4
2025.02.04	00:51:35.115		0.94203			4
2025.02.04	00:51:43.235		0.94204			4
2025.02.04	00:51:47.709		0.94203			4
2025.02.04	00:52:00.314	0.94126				2
2025.02.04	00:52:21.310		0.94202			4
2025.02.04	00:52:25.761		0.94203			4
2025.02.04	00:52:28.331		0.94202			4
2025.02.04	00:52:29.459		0.94196			4
2025.02.04	00:53:00.680	0.94126				2
2025.02.04	00:53:34.514		0.94196			4
2025.02.04	00:53:42.012		0.94195			4
2025.02.04	00:53:43.055		0.94196			4
2025.02.04	00:53:52.608		0.94195			4
2025.02.04	00:53:53.118		0.94194			4
2025.02.04	00:54:00.908	0.94126				2
2025.02.04	00:54:03.319		0.94193			4
2025.02.04	00:54:06.105		0.94196			4
2025.02.04	00:54:29.688		0.94197			4
2025.02.04	00:55:00.804	0.94126				2
2025.02.04	00:55:01.801		0.94196			4
2025.02.04	00:55:12.331		0.94197			4
2025.02.04	00:55:12.908		0.94198			4
2025.02.04	00:55:20.225		0.94197			4
2025.02.04	00:55:21.615		0.94196			4
2025.02.04	00:55:27.609		0.94195			4
2025.02.04	00:55:40.812		0.94194			4
2025.02.04	00:55:43.512		0.94193			4
2025.02.04	00:55:50.330		0.94194			4
2025.02.04	00:55:52.606		0.94195			4
2025.02.04	00:56:01.701	0.94126				2
2025.02.04	00:56:16.208		0.94194			4
2025.02.04	00:56:21.013		0.94195			4
2025.02.04	00:56:22.214		0.94194			4
2025.02.04	00:56:22.616		0.94193			4
2025.02.04	00:56:31.811		0.94192			4
2025.02.04	00:56:42.308		0.94191			4
2025.02.04	00:56:43.233		0.94192			4
2025.02.04	00:56:45.121	0.94128				2
2025.02.04	00:56:50.202		0.94191			4
2025.02.04	00:56:58.235		0.94192			4
2025.02.04	00:57:00.910	0.94128				2
2025.02.04	00:57:08.112		0.94191			4
2025.02.04	00:57:14.696		0.94192			4
2025.02.04	00:57:18.533		0.94195			4
2025.02.04	00:57:19.090		0.94194			4
2025.02.04	00:57:20.411		0.94187			4
2025.02.04	00:57:22.709		0.94184			4
2025.02.04	00:57:23.671		0.94185			4
2025.02.04	00:57:25.877		0.94186			4
2025.02.04	00:57:27.320		0.94187			4
2025.02.04	00:57:29.617		0.94171			4
2025.02.04	00:57:31.612		0.94173			4
2025.02.04	00:57:31.985		0.94171			4
2025.02.04	00:57:32.389		0.94173			4
2025.02.04	00:57:33.151		0.94176			4
2025.02.04	00:57:33.625		0.94178			4
2025.02.04	00:57:38.115		0.94179			4
2025.02.04	00:57:43.025	0.94129	0.94181			6
2025.02.04	00:57:43.523		0.94182			4
2025.02.04	00:57:43.948		0.94197			4
2025.02.04	00:57:47.015		0.94181			4
2025.02.04	00:57:47.424		0.94182			4
2025.02.04	00:57:48.018		0.94179			4
2025.02.04	00:57:49.786		0.94183			4
2025.02.04	00:57:50.119		0.94188			4
2025.02.04	00:57:50.526		0.94193			4
2025.02.04	00:58:00.149	0.94129				2
2025.02.04	00:58:00.938		0.94197			4
2025.02.04	00:58:05.354		0.94189			4
2025.02.04	00:58:07.345		0.94193			4
2025.02.04	00:58:08.110		0.94192			4
2025.02.04	00:58:08.731		0.94194			4
2025.02.04	00:58:10.271		0.94195			4
2025.02.04	00:58:12.009		0.94197			4
2025.02.04	00:58:47.705		0.94200			4
2025.02.04	00:58:52.209		0.94201			4
2025.02.04	00:58:54.008		0.94200			4
2025.02.04	00:58:55.955		0.94201			4
2025.02.04	00:58:57.019		0.94202			4
2025.02.04	00:59:00.402	0.94129				2
2025.02.04	00:59:20.977		0.94204			4
2025.02.04	00:59:22.385		0.94203			4
2025.02.04	00:59:24.103		0.94204			4
2025.02.04	00:59:25.505		0.94202			4
2025.02.04	00:59:30.678		0.94204			4
2025.02.04	00:59:31.513		0.94205			4
2025.02.04	00:59:32.429		0.94183			4
2025.02.04	00:59:33.620		0.94213			4
2025.02.04	00:59:34.026		0.94211			4
2025.02.04	00:59:35.484		0.94212			4
2025.02.04	00:59:38.099		0.94208			4
2025.02.04	01:00:00.325	0.94130	0.94213			6
2025.02.04	01:00:00.625		0.94202			4
2025.02.04	01:00:01.431		0.94198			4
2025.02.04	01:00:01.762		0.94187			4
2025.02.04	01:00:02.409	0.94140	0.94194			6
2025.02.04	01:00:02.719	0.94141	0.94195			6
2025.02.04	01:00:03.630	0.94133	0.94186			6
2025.02.04	01:00:03.932	0.94130	0.94183			6
2025.02.04	01:00:04.233		0.94192			4
2025.02.04	01:00:04.543	0.94131	0.94188			6
2025.02.04	01:00:05.358	0.94127	0.94185			6
2025.02.04	01:00:06.310	0.94134				2
2025.02.04	01:00:06.622	0.94133				2
2025.02.04	01:00:06.926	0.94134				2
2025.02.04	01:00:07.273	0.94130				2
2025.02.04	01:00:07.642	0.94135				2
2025.02.04	01:00:07.942	0.94131				2
2025.02.04	01:00:08.394	0.94128				2
2025.02.04	01:00:09.611	0.94129				2
2025.02.04	01:00:10.602	0.94127				2
2025.02.04	01:00:11.572	0.94128				2
2025.02.04	01:00:13.002	0.94127				2
2025.02.04	01:00:13.838	0.94137				2
2025.02.04	01:00:15.658	0.94131				2
2025.02.04	01:00:15.975	0.94143				2
2025.02.04	01:00:16.937		0.94187			4
2025.02.04	01:00:18.143	0.94131				2
2025.02.04	01:00:20.726	0.94130				2
2025.02.04	01:00:21.033	0.94128				2
2025.02.04	01:00:21.419	0.94129				2
2025.02.04	01:00:21.864	0.94128				2
2025.02.04	01:00:24.983	0.94133	0.94184			6
2025.02.04	01:00:27.912	0.94130	0.94185			6
2025.02.04	01:00:28.232	0.94129				2
2025.02.04	01:00:30.392	0.94130				2
2025.02.04	01:00:30.703	0.94129				2
2025.02.04	01:00:32.456	0.94130				2
2025.02.04	01:00:34.697	0.94143	0.94184			6
2025.02.04	01:00:35.677	0.94144				2
2025.02.04	01:00:38.045	0.94145	0.94180			6
2025.02.04	01:00:39.639	0.94155	0.94183			6
2025.02.04	01:00:46.209	0.94154	0.94184			6
2025.02.04	01:00:46.567		0.94189			4
2025.02.04	01:00:48.748	0.94155	0.94183			6
2025.02.04	01:00:49.683		0.94188			4
2025.02.04	01:00:53.800	0.94154	0.94183			6
2025.02.04	01:01:00.319	0.94154				2
2025.02.04	01:01:00.910	0.94152				2
2025.02.04	01:01:08.862	0.94154	0.94188			6
2025.02.04	01:01:10.220		0.94187			4
2025.02.04	01:01:10.739		0.94188			4
2025.02.04	01:01:11.048	0.94156	0.94187			6
2025.02.04	01:01:11.408		0.94188			4
2025.02.04	01:01:11.751		0.94183			4
2025.02.04	01:01:12.609	0.94157				2
2025.02.04	01:01:12.943	0.94156				2
2025.02.04	01:01:15.133	0.94157				2
2025.02.04	01:01:15.437	0.94156				2
2025.02.04	01:01:17.332	0.94162				2
2025.02.04	01:01:17.633	0.94159				2
2025.02.04	01:01:17.950	0.94157				2
2025.02.04	01:01:18.269	0.94154				2
2025.02.04	01:01:19.103	0.94153	0.94178			6
2025.02.04	01:01:19.603	0.94156	0.94180			6
2025.02.04	01:01:20.998	0.94155				2
2025.02.04	01:01:21.521	0.94153	0.94172			6
2025.02.04	01:01:21.845		0.94171			4
2025.02.04	01:01:22.177	0.94150	0.94167			6
2025.02.04	01:01:22.496	0.94149	0.94169			6
2025.02.04	01:01:22.810		0.94167			4
2025.02.04	01:01:25.365		0.94169			4
2025.02.04	01:01:27.638	0.94151	0.94170			6
2025.02.04	01:01:28.004		0.94169			4
2025.02.04	01:01:28.389	0.94150	0.94168			6
2025.02.04	01:01:28.808	0.94151				2
2025.02.04	01:01:31.880	0.94150	0.94167			6
2025.02.04	01:01:33.190	0.94149				2
2025.02.04	01:01:33.565	0.94153	0.94170			6
2025.02.04	01:01:35.509	0.94150	0.94167			6
2025.02.04	01:01:35.829		0.94166			4
2025.02.04	01:01:37.835		0.94168			4
2025.02.04	01:01:38.309	0.94152	0.94178			6
2025.02.04	01:01:39.461	0.94145	0.94176			6
2025.02.04	01:01:39.766	0.94148	0.94171			6
2025.02.04	01:01:40.210		0.94173			4
2025.02.04	01:01:40.680	0.94153	0.94174			6
2025.02.04	01:01:41.071	0.94146	0.94176			6
2025.02.04	01:01:49.210	0.94144	0.94173			6
2025.02.04	01:01:49.516		0.94176			4
2025.02.04	01:01:52.186	0.94145				2
2025.02.04	01:01:52.812	0.94144				2
2025.02.04	01:01:55.719	0.94142	0.94171			6
2025.02.04	01:01:57.629	0.94146	0.94176			6
2025.02.04	01:02:00.395	0.94146				2
2025.02.04	01:02:03.594	0.94145				2
2025.02.04	01:02:04.166	0.94143	0.94174			6
2025.02.04	01:02:07.829	0.94144	0.94171			6
2025.02.04	01:02:09.045	0.94146	0.94170			6
2025.02.04	01:02:10.930	0.94151	0.94171			6
2025.02.04	01:02:12.190	0.94150				2
2025.02.04	01:02:20.861	0.94147				2
2025.02.04	01:02:26.050	0.94150				2
2025.02.04	01:02:29.364	0.94149				2
2025.02.04	01:02:31.469	0.94150				2
2025.02.04	01:02:32.352	0.94148				2
2025.02.04	01:02:33.523	0.94150				2
2025.02.04	01:02:37.778	0.94153				2
2025.02.04	01:02:38.428	0.94148	0.94173			6
2025.02.04	01:02:39.009		0.94172			4
2025.02.04	01:02:40.512	0.94149				2
2025.02.04	01:02:40.817	0.94147				2
2025.02.04	01:02:41.181	0.94148				2
2025.02.04	01:02:42.391	0.94147				2
2025.02.04	01:02:42.912	0.94150				2
2025.02.04	01:02:43.221	0.94140	0.94171			6
2025.02.04	01:02:43.544	0.94144	0.94170			6
2025.02.04	01:02:46.509		0.94169			4
2025.02.04	01:02:47.076	0.94140	0.94166			6
2025.02.04	01:02:47.407	0.94139				2
2025.02.04	01:02:47.730	0.94135	0.94168			6
2025.02.04	01:02:48.039		0.94169			4
2025.02.04	01:02:48.373		0.94170			4
2025.02.04	01:02:48.750		0.94171			4
2025.02.04	01:02:50.106		0.94170			4
2025.02.04	01:02:51.138		0.94171			4
2025.02.04	01:02:51.836		0.94169			4
2025.02.04	01:02:54.311		0.94166			4
2025.02.04	01:02:54.663		0.94168			4
2025.02.04	01:02:55.507	0.94137	0.94167			6
2025.02.04	01:03:00.397	0.94136				2
2025.02.04	01:03:04.810	0.94138	0.94166			6
2025.02.04	01:03:05.122	0.94134				2
2025.02.04	01:03:07.109	0.94136	0.94164			6
2025.02.04	01:03:12.624	0.94150	0.94158			6
2025.02.04	01:03:14.457	0.94136	0.94164			6
2025.02.04	01:03:33.310	0.94138				2
2025.02.04	01:03:34.068		0.94165			4
2025.02.04	01:03:35.309	0.94140	0.94167			6
2025.02.04	01:03:45.321	0.94152	0.94170			6
2025.02.04	01:03:45.624	0.94146	0.94174			6
2025.02.04	01:03:50.385	0.94145	0.94172			6
2025.02.04	01:03:57.504	0.94142	0.94169			6
2025.02.04	01:03:57.861	0.94134	0.94175			6
2025.02.04	01:04:00.297	0.94134				2
2025.02.04	01:04:00.603		0.94174			4
2025.02.04	01:04:07.038	0.94137	0.94172			6
2025.02.04	01:04:07.398		0.94171			4
2025.02.04	01:04:09.161		0.94172			4
2025.02.04	01:04:09.699		0.94173			4
2025.02.04	01:04:13.569		0.94172			4
2025.02.04	01:04:15.708		0.94173			4
2025.02.04	01:04:16.385		0.94172			4
2025.02.04	01:04:23.164	0.94141	0.94168			6
2025.02.04	01:04:35.475	0.94139	0.94166			6
2025.02.04	01:04:36.903	0.94143	0.94170			6
2025.02.04	01:04:45.741	0.94141	0.94168			6
2025.02.04	01:05:00.372	0.94141				2
2025.02.04	01:05:16.219	0.94139	0.94166			6
2025.02.04	01:05:17.655	0.94154	0.94161			6
2025.02.04	01:05:19.480	0.94139	0.94166			6
2025.02.04	01:05:22.433	0.94145	0.94170			6
2025.02.04	01:05:22.742	0.94143				2
2025.02.04	01:05:23.063	0.94151				2
2025.02.04	01:05:23.378	0.94150				2
2025.02.04	01:05:23.686	0.94143				2
2025.02.04	01:05:24.246	0.94152				2
2025.02.04	01:05:28.510	0.94153				2
2025.02.04	01:05:28.827	0.94154				2
2025.02.04	01:05:29.142	0.94143				2
2025.02.04	01:05:29.455	0.94152				2
2025.02.04	01:05:29.762	0.94143				2
2025.02.04	01:05:30.078	0.94152				2
2025.02.04	01:05:30.426	0.94153				2
2025.02.04	01:05:30.853	0.94151				2
2025.02.04	01:05:31.159	0.94152				2
2025.02.04	01:05:32.793	0.94143				2
2025.02.04	01:05:33.925	0.94148				2
2025.02.04	01:05:34.230	0.94143				2
2025.02.04	01:05:34.578	0.94151				2
2025.02.04	01:05:35.223	0.94143				2
2025.02.04	01:05:35.528	0.94151				2
2025.02.04	01:05:35.830	0.94143				2
2025.02.04	01:05:38.480	0.94154				2
2025.02.04	01:05:38.782	0.94143				2
2025.02.04	01:05:39.123	0.94152				2
2025.02.04	01:05:39.440	0.94155	0.94173			6
2025.02.04	01:05:39.865	0.94156				2
2025.02.04	01:05:41.113	0.94155	0.94171			6
2025.02.04	01:05:44.496	0.94156				2
2025.02.04	01:05:46.433	0.94158				2
2025.02.04	01:05:47.340		0.94173			4
2025.02.04	01:05:48.129	0.94157				2
2025.02.04	01:05:51.560	0.94156				2
2025.02.04	01:05:52.913	0.94157				2
2025.02.04	01:05:55.906	0.94146				2
2025.02.04	01:05:56.208	0.94153	0.94171			6
2025.02.04	01:05:56.523	0.94154				2
2025.02.04	01:05:59.417	0.94152				2
2025.02.04	01:06:01.191	0.94154				2
2025.02.04	01:06:02.077	0.94155				2
2025.02.04	01:06:05.890	0.94154				2
2025.02.04	01:06:06.356	0.94150				2
2025.02.04	01:06:10.513	0.94146	0.94169			6
2025.02.04	01:06:10.826	0.94145				2
2025.02.04	01:06:11.277		0.94167			4
2025.02.04	01:06:12.345	0.94144				2
2025.02.04	01:06:14.297	0.94145				2
2025.02.04	01:06:15.675	0.94144				2
2025.02.04	01:06:21.010	0.94146				2
2025.02.04	01:06:22.193	0.94145				2
2025.02.04	01:06:23.113	0.94147				2
2025.02.04	01:06:24.829	0.94146				2
2025.02.04	01:06:25.963	0.94144				2
2025.02.04	01:06:26.348	0.94147				2
2025.02.04	01:06:45.427	0.94149	0.94165			6
2025.02.04	01:06:45.965	0.94148				2
2025.02.04	01:06:46.636	0.94145	0.94163			6
2025.02.04	01:06:47.033	0.94147				2
2025.02.04	01:06:47.877	0.94145	0.94164			6
2025.02.04	01:06:48.850		0.94163			4
2025.02.04	01:06:49.310	0.94144				2
2025.02.04	01:06:49.815	0.94142				2
2025.02.04	01:06:50.127	0.94145				2
2025.02.04	01:06:50.909	0.94146	0.94165			6
2025.02.04	01:06:51.264	0.94147				2
2025.02.04	01:06:51.866	0.94146				2
2025.02.04	01:06:53.807	0.94147				2
2025.02.04	01:06:54.343	0.94146				2
2025.02.04	01:07:00.379	0.94146				2
2025.02.04	01:07:03.583	0.94144	0.94163			6
2025.02.04	01:07:04.580	0.94145				2
2025.02.04	01:07:05.102	0.94144				2
2025.02.04	01:07:05.924	0.94145				2
2025.02.04	01:07:06.352	0.94147				2
2025.02.04	01:07:07.521		0.94161			4
2025.02.04	01:07:08.109	0.94144				2
2025.02.04	01:07:08.448	0.94142				2
2025.02.04	01:07:10.727	0.94143				2
2025.02.04	01:07:14.068	0.94145				2
2025.02.04	01:07:16.071	0.94139	0.94165			6
2025.02.04	01:07:16.374	0.94142				2
2025.02.04	01:07:16.679	0.94145				2
2025.02.04	01:07:17.072	0.94141				2
2025.02.04	01:07:17.386	0.94147				2
2025.02.04	01:07:17.706	0.94146				2
2025.02.04	01:07:18.077	0.94147				2
2025.02.04	01:07:18.395	0.94148				2
2025.02.04	01:07:18.738	0.94146				2
2025.02.04	01:07:20.106	0.94141	0.94166			6
2025.02.04	01:07:20.409	0.94147				2
2025.02.04	01:07:20.861	0.94146				2
2025.02.04	01:07:21.299	0.94144				2
2025.02.04	01:07:22.347	0.94145				2
2025.02.04	01:07:22.686	0.94141				2
2025.02.04	01:07:23.695	0.94146				2
2025.02.04	01:07:24.029	0.94145				2
2025.02.04	01:07:24.338	0.94141				2
2025.02.04	01:07:25.043	0.94146				2
2025.02.04	01:07:25.397	0.94145				2
2025.02.04	01:07:25.702	0.94141				2
2025.02.04	01:07:26.023	0.94146				2
2025.02.04	01:07:27.213	0.94141				2
2025.02.04	01:07:28.127	0.94144				2
2025.02.04	01:07:28.443	0.94141				2
2025.02.04	01:07:28.795	0.94146				2
2025.02.04	01:07:29.127	0.94141				2
2025.02.04	01:07:30.731		0.94168			4
2025.02.04	01:07:33.703	0.94139	0.94166			6
2025.02.04	01:07:34.204	0.94143	0.94170			6
2025.02.04	01:07:34.929	0.94139	0.94166			6
2025.02.04	01:07:37.257	0.94147	0.94168			6
2025.02.04	01:07:37.593	0.94148	0.94170			6
2025.02.04	01:07:37.971	0.94147				2
2025.02.04	01:07:38.693	0.94148				2
2025.02.04	01:07:39.005	0.94150	0.94172			6
2025.02.04	01:07:39.364		0.94170			4
2025.02.04	01:07:39.790	0.94149	0.94172			6
2025.02.04	01:07:40.148	0.94151	0.94170			6
2025.02.04	01:07:40.581	0.94150				2
2025.02.04	01:07:40.882		0.94172			4
2025.02.04	01:07:41.278	0.94151				2
2025.02.04	01:07:42.557	0.94150				2
2025.02.04	01:07:44.957	0.94151				2
2025.02.04	01:07:47.351	0.94152				2
2025.02.04	01:07:48.825		0.94174			4
2025.02.04	01:07:49.217	0.94148	0.94172			6
2025.02.04	01:08:00.429	0.94148				2
2025.02.04	01:08:01.153		0.94174			4
2025.02.04	01:08:01.517	0.94149	0.94176			6
2025.02.04	01:08:02.349	0.94148	0.94172			6
2025.02.04	01:08:04.893	0.94145				2
2025.02.04	01:08:07.468	0.94147	0.94174			6
2025.02.04	01:08:12.781	0.94146	0.94173			6
2025.02.04	01:08:14.451	0.94148	0.94175			6
2025.02.04	01:08:16.440	0.94149	0.94178			6
2025.02.04	01:08:16.750	0.94151				2
2025.02.04	01:08:17.112	0.94149				2
2025.02.04	01:08:19.034	0.94150	0.94176			6
2025.02.04	01:08:20.981	0.94152				2
2025.02.04	01:08:21.281	0.94151				2
2025.02.04	01:08:21.983	0.94150				2
2025.02.04	01:08:23.869	0.94153				2
2025.02.04	01:08:26.228	0.94152				2
2025.02.04	01:08:29.861		0.94179			4
2025.02.04	01:08:30.364	0.94153				2
2025.02.04	01:08:31.056	0.94150				2
2025.02.04	01:08:33.435		0.94176			4
2025.02.04	01:08:34.730		0.94174			4
2025.02.04	01:08:36.604		0.94172			4
2025.02.04	01:08:38.242		0.94174			4
2025.02.04	01:08:45.193		0.94173			4
2025.02.04	01:08:50.596		0.94175			4
2025.02.04	01:09:00.010	0.94150				2
2025.02.04	01:09:01.621		0.94177			4
2025.02.04	01:09:04.264	0.94148	0.94175			6
2025.02.04	01:09:04.661	0.94149	0.94179			6
2025.02.04	01:09:05.325	0.94161				2
2025.02.04	01:09:05.722	0.94162				2
2025.02.04	01:09:06.063	0.94150				2
2025.02.04	01:09:06.368	0.94153				2
2025.02.04	01:09:08.227	0.94154				2
2025.02.04	01:09:08.540	0.94153				2
2025.02.04	01:09:12.085	0.94159				2
2025.02.04	01:09:12.583	0.94160				2
2025.02.04	01:09:12.978	0.94159				2
2025.02.04	01:09:13.327	0.94172	0.94189			6
2025.02.04	01:09:13.644	0.94151	0.94182			6
2025.02.04	01:09:13.945	0.94171	0.94198			6
2025.02.04	01:09:14.247	0.94173	0.94200			6
2025.02.04	01:09:14.558	0.94176	0.94203			6
2025.02.04	01:09:14.876		0.94201			4
2025.02.04	01:09:16.830	0.94175	0.94199			6
2025.02.04	01:09:22.094	0.94174	0.94201			6
2025.02.04	01:09:24.304	0.94180	0.94204			6
2025.02.04	01:09:24.923	0.94178				2
2025.02.04	01:09:27.805	0.94177	0.94200			6
2025.02.04	01:09:28.121	0.94176	0.94201			6
2025.02.04	01:09:28.428	0.94177				2
2025.02.04	01:09:28.744	0.94178	0.94204			6
2025.02.04	01:09:29.054	0.94176	0.94203			6
2025.02.04	01:09:30.623		0.94200			4
2025.02.04	01:09:32.752		0.94203			4
2025.02.04	01:09:33.797	0.94171	0.94198			6
2025.02.04	01:09:34.211	0.94172				2
2025.02.04	01:09:34.808	0.94175				2
2025.02.04	01:09:36.373		0.94201			4
2025.02.04	01:09:38.124	0.94174				2
2025.02.04	01:09:39.113	0.94179	0.94197			6
2025.02.04	01:09:41.446	0.94177	0.94195			6
2025.02.04	01:09:41.800	0.94178	0.94196			6
2025.02.04	01:09:42.778	0.94180	0.94198			6
2025.02.04	01:09:43.308	0.94178	0.94196			6
2025.02.04	01:09:46.179	0.94177	0.94195			6
2025.02.04	01:09:49.070	0.94175	0.94198			6
2025.02.04	01:09:49.866	0.94176	0.94200			6
2025.02.04	01:09:50.412	0.94179	0.94197			6
2025.02.04	01:09:51.104	0.94177	0.94195			6
2025.02.04	01:09:54.374	0.94176	0.94194			6
2025.02.04	01:09:58.679	0.94179	0.94197			6
2025.02.04	01:10:00.365	0.94181	0.94199			6
2025.02.04	01:10:01.088	0.94182	0.94200			6
2025.02.04	01:10:02.383	0.94181	0.94199			6
2025.02.04	01:10:03.793	0.94178	0.94196			6
2025.02.04	01:10:04.098	0.94177	0.94195			6
2025.02.04	01:10:04.421	0.94175	0.94193			6
2025.02.04	01:10:06.232	0.94174	0.94192			6
2025.02.04	01:10:07.529	0.94178	0.94196			6
2025.02.04	01:10:11.581	0.94176	0.94194			6
2025.02.04	01:10:12.173	0.94178	0.94196			6
2025.02.04	01:10:13.752	0.94177	0.94195			6
2025.02.04	01:10:14.128	0.94180	0.94198			6
2025.02.04	01:10:15.554	0.94178	0.94196			6
2025.02.04	01:10:18.147	0.94175	0.94193			6
2025.02.04	01:10:18.499	0.94173	0.94191			6
2025.02.04	01:10:18.814	0.94175	0.94193			6
2025.02.04	01:10:21.389	0.94174	0.94192			6
2025.02.04	01:10:23.671	0.94173	0.94191			6
2025.02.04	01:10:28.430	0.94174	0.94192			6
2025.02.04	01:10:29.823	0.94173	0.94191			6
2025.02.04	01:10:31.155	0.94171	0.94189			6
2025.02.04	01:10:32.874	0.94173	0.94191			6
2025.02.04	01:10:33.945	0.94169	0.94189			6
2025.02.04	01:10:35.396	0.94171				2
2025.02.04	01:10:36.367	0.94170				2
2025.02.04	01:10:37.883	0.94172	0.94190			6
2025.02.04	01:10:40.208	0.94173	0.94192			6
2025.02.04	01:10:45.614	0.94171	0.94189			6
2025.02.04	01:10:49.234	0.94172	0.94190			6
2025.02.04	01:10:53.278	0.94174	0.94192			6
2025.02.04	01:11:00.611	0.94174				2
2025.02.04	01:11:03.699	0.94171	0.94189			6
2025.02.04	01:11:12.626	0.94170				2
2025.02.04	01:11:13.126	0.94171				2
2025.02.04	01:11:15.629	0.94167	0.94188			6
2025.02.04	01:11:15.940	0.94169	0.94189			6
2025.02.04	01:11:16.344	0.94170				2
2025.02.04	01:11:19.942	0.94168				2
2025.02.04	01:11:22.595	0.94170				2
2025.02.04	01:11:22.898	0.94171				2
2025.02.04	01:11:26.421	0.94170				2
2025.02.04	01:11:27.073	0.94172	0.94188			6
2025.02.04	01:11:27.611		0.94189			4
2025.02.04	01:11:34.864		0.94187			4
2025.02.04	01:11:39.828		0.94189			4
2025.02.04	01:11:40.921	0.94177	0.94194			6
2025.02.04	01:11:41.948	0.94174	0.94192			6
2025.02.04	01:11:42.291	0.94177				2
2025.02.04	01:11:43.644	0.94176				2
2025.02.04	01:11:45.448	0.94177	0.94194			6
2025.02.04	01:11:46.590	0.94178				2
2025.02.04	01:11:50.321	0.94176	0.94193			6
2025.02.04	01:11:54.221	0.94179	0.94197			6
2025.02.04	01:11:54.525	0.94177	0.94195			6
2025.02.04	01:11:54.841		0.94194			4
2025.02.04	01:11:56.550	0.94178				2
2025.02.04	01:11:56.863		0.94195			4
2025.02.04	01:11:58.731	0.94177				2
2025.02.04	01:12:00.311	0.94177				2
2025.02.04	01:12:01.810	0.94176	0.94192			6
2025.02.04	01:12:02.125	0.94175	0.94191			6
2025.02.04	01:12:02.437	0.94176	0.94192			6
2025.02.04	01:12:11.879	0.94173	0.94191			6
2025.02.04	01:12:13.508	0.94176				2
2025.02.04	01:12:13.812	0.94173				2
2025.02.04	01:12:14.134	0.94175				2
2025.02.04	01:12:16.356	0.94172	0.94189			6
2025.02.04	01:12:18.259	0.94171				2
2025.02.04	01:12:18.636	0.94172				2
2025.02.04	01:12:29.575	0.94171				2
2025.02.04	01:12:33.023	0.94176	0.94192			6
2025.02.04	01:12:35.472	0.94178	0.94194			6
2025.02.04	01:12:37.211	0.94177				2
2025.02.04	01:12:37.546	0.94178	0.94195			6
2025.02.04	01:12:38.069	0.94177				2
2025.02.04	01:12:39.275	0.94178				2
2025.02.04	01:12:40.062	0.94179				2
2025.02.04	01:12:40.946	0.94177				2
2025.02.04	01:12:41.327	0.94180				2
2025.02.04	01:12:41.980	0.94177				2
2025.02.04	01:12:42.833	0.94181				2
2025.02.04	01:12:43.502	0.94176	0.94194			6
2025.02.04	01:12:44.331	0.94178				2
2025.02.04	01:12:47.405	0.94180	0.94198			6
2025.02.04	01:12:48.609	0.94173	0.94189			6
2025.02.04	01:12:48.915	0.94177	0.94193			6
2025.02.04	01:12:50.369	0.94179	0.94197			6
2025.02.04	01:12:54.734	0.94181	0.94198			6
2025.02.04	01:12:55.057	0.94176	0.94194			6
2025.02.04	01:12:55.362		0.94193			4
2025.02.04	01:12:57.575	0.94181	0.94195			6
2025.02.04	01:12:58.348	0.94180	0.94197			6
2025.02.04	01:13:00.228	0.94180				2
2025.02.04	01:13:12.012	0.94181				2
2025.02.04	01:13:13.455	0.94182				2
2025.02.04	01:13:16.108	0.94180				2
2025.02.04	01:13:16.411		0.94198			4
2025.02.04	01:13:23.408	0.94185				2
2025.02.04	01:13:25.077	0.94186	0.94200			6
2025.02.04	01:13:27.829	0.94184				2
2025.02.04	01:13:30.358	0.94183				2
2025.02.04	01:13:34.265	0.94182	0.94199			6
2025.02.04	01:13:36.093		0.94200			4
2025.02.04	01:13:37.070	0.94184				2
2025.02.04	01:13:40.710	0.94182				2
2025.02.04	01:13:41.416		0.94199			4
2025.02.04	01:13:49.875		0.94200			4
2025.02.04	01:13:52.560	0.94184				2
2025.02.04	01:13:55.298	0.94183				2
2025.02.04	01:13:57.310	0.94182				2
2025.02.04	01:13:58.188	0.94184				2
2025.02.04	01:14:00.483	0.94184				2
2025.02.04	01:14:00.881	0.94185				2
2025.02.04	01:14:01.809	0.94184				2
2025.02.04	01:14:03.139	0.94183				2
2025.02.04	01:14:04.733	0.94181	0.94198			6
2025.02.04	01:14:05.122	0.94182				2
2025.02.04	01:14:06.996	0.94184	0.94199			6
2025.02.04	01:14:16.354	0.94183				2
2025.02.04	01:14:17.850	0.94184				2
2025.02.04	01:14:22.198	0.94181				2
2025.02.04	01:14:22.963	0.94184				2
2025.02.04	01:14:25.320		0.94200			4
2025.02.04	01:14:26.746	0.94183				2
2025.02.04	01:14:27.642	0.94182				2
2025.02.04	01:14:28.389	0.94183				2
2025.02.04	01:14:32.144	0.94182				2
2025.02.04	01:14:32.649	0.94183				2
2025.02.04	01:14:33.053		0.94198			4
2025.02.04	01:14:33.804	0.94184	0.94201			6
2025.02.04	01:14:34.120	0.94183				2
2025.02.04	01:14:37.105		0.94200			4
2025.02.04	01:14:38.955	0.94188	0.94203			6
2025.02.04	01:14:39.600	0.94185				2
2025.02.04	01:14:40.314	0.94188				2
2025.02.04	01:14:42.280	0.94187				2
2025.02.04	01:14:45.715	0.94185	0.94200			6
2025.02.04	01:14:46.387	0.94186				2
2025.02.04	01:14:46.812	0.94185				2
2025.02.04	01:14:50.262	0.94182				2
2025.02.04	01:14:50.769	0.94185				2
2025.02.04	01:14:56.692	0.94182				2
2025.02.04	01:15:00.009	0.94182				2
2025.02.04	01:15:00.330		0.94198			4
2025.02.04	01:15:00.698	0.94180				2
2025.02.04	01:15:01.729	0.94182				2
2025.02.04	01:15:02.466	0.94180				2
2025.02.04	01:15:03.483	0.94178	0.94196			6
2025.02.04	01:15:06.009	0.94177	0.94195			6
2025.02.04	01:15:06.313	0.94174	0.94190			6
2025.02.04	01:15:06.624		0.94192			4
2025.02.04	01:15:06.991	0.94177	0.94194			6
2025.02.04	01:15:11.539	0.94176				2
2025.02.04	01:15:11.970	0.94178	0.94196			6
2025.02.04	01:15:14.553	0.94176	0.94193			6
2025.02.04	01:15:16.677	0.94177				2
2025.02.04	01:15:16.987		0.94195			4
2025.02.04	01:15:25.163		0.94193			4
2025.02.04	01:15:29.327	0.94175	0.94192			6
2025.02.04	01:15:30.345	0.94177	0.94193			6
2025.02.04	01:15:30.662		0.94194			4
2025.02.04	01:15:31.425	0.94176				2
2025.02.04	01:15:34.215	0.94177				2
2025.02.04	01:15:36.884	0.94176				2
2025.02.04	01:15:37.409	0.94177				2
2025.02.04	01:15:41.123	0.94179	0.94195			6
2025.02.04	01:15:43.870	0.94180				2
2025.02.04	01:15:45.310	0.94179				2
2025.02.04	01:15:45.975	0.94182	0.94196			6
2025.02.04	01:15:46.277	0.94184	0.94197			6
2025.02.04	01:15:46.614	0.94185				2
2025.02.04	01:15:48.008	0.94184				2
2025.02.04	01:15:48.665		0.94199			4
2025.02.04	01:15:56.965	0.94181				2
2025.02.04	01:16:00.270	0.94182				2
2025.02.04	01:16:02.359	0.94184				2
2025.02.04	01:16:03.078	0.94182				2
2025.02.04	01:16:05.183	0.94181				2
2025.02.04	01:16:07.554	0.94182				2
2025.02.04	01:16:08.904	0.94181				2
2025.02.04	01:16:22.554	0.94179	0.94197			6
2025.02.04	01:16:23.137	0.94178	0.94196			6
2025.02.04	01:16:23.579	0.94179	0.94197			6
2025.02.04	01:16:32.953	0.94181	0.94199			6
2025.02.04	01:16:37.802	0.94178	0.94196			6
2025.02.04	01:16:42.885	0.94179	0.94197			6
2025.02.04	01:16:54.287	0.94180	0.94198			6
2025.02.04	01:16:54.821		0.94197			4
2025.02.04	01:16:55.734		0.94198			4
2025.02.04	01:17:00.381	0.94180				2
2025.02.04	01:17:07.478	0.94179	0.94197			6
2025.02.04	01:17:09.998	0.94180	0.94198			6
2025.02.04	01:17:13.443	0.94175	0.94193			6
2025.02.04	01:17:16.481	0.94176	0.94194			6
2025.02.04	01:17:16.904	0.94173	0.94191			6
2025.02.04	01:17:17.206	0.94176	0.94194			6
2025.02.04	01:17:17.914	0.94175	0.94193			6
2025.02.04	01:17:20.215	0.94176	0.94194			6
2025.02.04	01:17:20.585	0.94177	0.94195			6
2025.02.04	01:17:23.419	0.94176	0.94194			6
2025.02.04	01:17:23.722	0.94175	0.94193			6
2025.02.04	01:17:24.060		0.94192			4
2025.02.04	01:17:24.389		0.94193			4
2025.02.04	01:17:35.689	0.94176	0.94194			6
2025.02.04	01:17:41.208	0.94175	0.94193			6
2025.02.04	01:17:42.741	0.94176				2
2025.02.04	01:17:46.810	0.94175				2
2025.02.04	01:17:48.989	0.94176				2
2025.02.04	01:17:50.045	0.94177	0.94195			6
2025.02.04	01:18:00.007	0.94179	0.94196			6
2025.02.04	01:18:00.358	0.94175	0.94192			6
2025.02.04	01:18:00.671	0.94174	0.94189			6
2025.02.04	01:18:01.288		0.94192			4
2025.02.04	01:18:02.958		0.94191			4
2025.02.04	01:18:03.349		0.94192			4
2025.02.04	01:18:08.355	0.94175	0.94193			6
2025.02.04	01:18:08.704	0.94178	0.94195			6
2025.02.04	01:18:11.721	0.94175	0.94193			6
2025.02.04	01:18:12.697	0.94178	0.94196			6
2025.02.04	01:18:14.965	0.94179				2
2025.02.04	01:18:15.309	0.94178				2
2025.02.04	01:18:19.849	0.94179				2
2025.02.04	01:18:20.184	0.94178				2
2025.02.04	01:18:20.711	0.94179				2
2025.02.04	01:18:24.815	0.94180	0.94198			6
2025.02.04	01:18:25.679	0.94181				2
2025.02.04	01:18:29.071	0.94182				2
2025.02.04	01:18:31.519	0.94181				2
2025.02.04	01:18:31.867	0.94182				2
2025.02.04	01:18:32.866	0.94177	0.94195			6
2025.02.04	01:18:33.590	0.94178				2
2025.02.04	01:18:33.904	0.94176	0.94193			6
2025.02.04	01:18:34.992		0.94194			4
2025.02.04	01:18:35.303		0.94193			4
2025.02.04	01:18:38.803	0.94167	0.94184			6
2025.02.04	01:18:42.011		0.94185			4
2025.02.04	01:18:42.804		0.94184			4
2025.02.04	01:18:44.000		0.94183			4
2025.02.04	01:18:44.484	0.94166				2
2025.02.04	01:18:44.833		0.94184			4
2025.02.04	01:18:46.093		0.94183			4
2025.02.04	01:18:46.435	0.94164	0.94182			6
2025.02.04	01:18:47.109	0.94163	0.94181			6
2025.02.04	01:18:48.975	0.94161	0.94179			6
2025.02.04	01:18:49.765	0.94163	0.94181			6
2025.02.04	01:18:58.324		0.94180			4
2025.02.04	01:18:58.690		0.94181			4
2025.02.04	01:19:00.482	0.94163				2
2025.02.04	01:19:03.591	0.94164	0.94182			6
2025.02.04	01:19:04.686		0.94180			4
2025.02.04	01:19:04.990	0.94163				2
2025.02.04	01:19:06.522		0.94179			4
2025.02.04	01:19:07.171		0.94180			4
2025.02.04	01:19:08.082		0.94179			4
2025.02.04	01:19:08.710		0.94180			4
2025.02.04	01:19:09.053	0.94164	0.94179			6
2025.02.04	01:19:09.848		0.94182			4
2025.02.04	01:19:10.202		0.94181			4
2025.02.04	01:19:11.609		0.94182			4
2025.02.04	01:19:12.349	0.94165				2
2025.02.04	01:19:13.326	0.94164	0.94181			6
2025.02.04	01:19:13.961		0.94180			4
2025.02.04	01:19:14.712	0.94166	0.94183			6
2025.02.04	01:19:15.413	0.94167				2
2025.02.04	01:19:15.829	0.94166				2
2025.02.04	01:19:17.582	0.94165	0.94181			6
2025.02.04	01:19:19.943	0.94164	0.94180			6
2025.02.04	01:19:21.066	0.94166	0.94182			6
2025.02.04	01:19:23.925	0.94165	0.94181			6
2025.02.04	01:19:24.528	0.94162	0.94179			6
2025.02.04	01:19:24.910	0.94163				2
2025.02.04	01:19:27.680	0.94161	0.94178			6
2025.02.04	01:19:29.804		0.94177			4
2025.02.04	01:19:33.022	0.94165	0.94181			6
2025.02.04	01:19:33.336	0.94164	0.94180			6
2025.02.04	01:19:38.797	0.94163	0.94179			6
2025.02.04	01:19:41.531		0.94178			4
2025.02.04	01:19:42.538		0.94179			4
2025.02.04	01:19:43.813		0.94178			4
2025.02.04	01:19:45.622		0.94179			4
2025.02.04	01:19:47.652		0.94178			4
2025.02.04	01:19:48.586		0.94179			4
2025.02.04	01:19:49.029	0.94160	0.94176			6
2025.02.04	01:19:49.769		0.94177			4
2025.02.04	01:19:50.679		0.94178			4
2025.02.04	01:19:50.984		0.94175			4
2025.02.04	01:19:51.619	0.94159				2
2025.02.04	01:19:52.713	0.94161	0.94176			6
2025.02.04	01:19:53.161	0.94160				2
2025.02.04	01:19:54.180	0.94159				2
2025.02.04	01:19:54.493		0.94175			4
2025.02.04	01:19:54.805	0.94156	0.94172			6
2025.02.04	01:20:00.366	0.94156				2
2025.02.04	01:20:01.510	0.94158	0.94173			6
2025.02.04	01:20:01.821	0.94160	0.94175			6
2025.02.04	01:20:02.122	0.94161				2
2025.02.04	01:20:03.423	0.94162				2
2025.02.04	01:20:04.348		0.94176			4
2025.02.04	01:20:04.905	0.94161	0.94175			6
2025.02.04	01:20:05.722	0.94160				2
2025.02.04	01:20:06.111	0.94161	0.94174			6
2025.02.04	01:20:06.501	0.94160	0.94175			6
2025.02.04	01:20:06.923	0.94161				2
2025.02.04	01:20:07.370		0.94174			4
2025.02.04	01:20:09.010	0.94160				2
2025.02.04	01:20:11.502	0.94161				2
2025.02.04	01:20:13.720	0.94160				2
2025.02.04	01:20:14.315	0.94161				2
2025.02.04	01:20:14.698	0.94160				2
2025.02.04	01:20:15.047	0.94159	0.94176			6
2025.02.04	01:20:15.385	0.94160				2
2025.02.04	01:20:18.657		0.94173			4
2025.02.04	01:20:19.280		0.94174			4
2025.02.04	01:20:20.357	0.94159				2
2025.02.04	01:20:20.763	0.94160	0.94175			6
2025.02.04	01:20:22.271		0.94174			4
2025.02.04	01:20:23.227	0.94159				2
2025.02.04	01:20:24.257	0.94160				2
2025.02.04	01:20:28.630	0.94159	0.94175			6
2025.02.04	01:20:29.493		0.94174			4
2025.02.04	01:20:29.902	0.94158	0.94175			6
2025.02.04	01:20:31.376	0.94159				2
2025.02.04	01:20:32.711		0.94174			4
2025.02.04	01:20:33.105		0.94175			4
2025.02.04	01:20:35.155	0.94160	0.94174			6
2025.02.04	01:20:36.307	0.94159	0.94176			6
2025.02.04	01:20:40.278		0.94175			4
2025.02.04	01:20:40.665	0.94158	0.94174			6
2025.02.04	01:20:43.418	0.94159				2
2025.02.04	01:20:44.928	0.94158				2
2025.02.04	01:20:45.718	0.94157				2
2025.02.04	01:20:46.022	0.94160				2
2025.02.04	01:20:47.725	0.94161				2
2025.02.04	01:20:48.664		0.94173			4
2025.02.04	01:20:48.971	0.94156	0.94172			6
2025.02.04	01:20:50.029		0.94173			4
2025.02.04	01:20:50.845	0.94157				2
2025.02.04	01:20:51.309	0.94156				2
2025.02.04	01:20:55.210	0.94157				2
2025.02.04	01:20:56.344	0.94158				2
2025.02.04	01:20:56.710	0.94159				2
2025.02.04	01:20:57.136	0.94152	0.94168			6
2025.02.04	01:20:57.450	0.94160	0.94178			6
2025.02.04	01:20:57.776	0.94161				2
2025.02.04	01:20:59.243	0.94160				2
2025.02.04	01:21:00.078	0.94164	0.94179			6
2025.02.04	01:21:00.382	0.94165	0.94180			6
2025.02.04	01:21:01.261		0.94179			4
2025.02.04	01:21:01.710	0.94164				2
2025.02.04	01:21:02.107	0.94160	0.94177			6
2025.02.04	01:21:02.634		0.94174			4
2025.02.04	01:21:04.129	0.94161	0.94173			6
2025.02.04	01:21:05.191	0.94160	0.94172			6
2025.02.04	01:21:05.517	0.94159				2
2025.02.04	01:21:05.885	0.94160	0.94174			6
2025.02.04	01:21:08.655	0.94161				2
2025.02.04	01:21:09.090	0.94159	0.94172			6
2025.02.04	01:21:15.655	0.94158	0.94170			6
2025.02.04	01:21:15.996		0.94171			4
2025.02.04	01:21:19.535	0.94157	0.94169			6
2025.02.04	01:21:21.143	0.94158	0.94170			6
2025.02.04	01:21:23.498	0.94157				2
2025.02.04	01:21:25.566	0.94158				2
2025.02.04	01:21:25.884		0.94171			4
2025.02.04	01:21:26.226	0.94157				2
2025.02.04	01:21:28.390	0.94158				2
2025.02.04	01:21:28.724	0.94159	0.94172			6
2025.02.04	01:21:29.383	0.94160	0.94174			6
2025.02.04	01:21:30.376		0.94173			4
2025.02.04	01:21:30.859	0.94159				2
2025.02.04	01:21:31.376	0.94160				2
2025.02.04	01:21:33.353	0.94159	0.94171			6
2025.02.04	01:21:34.396	0.94158				2
2025.02.04	01:21:36.736	0.94159				2
2025.02.04	01:21:37.499	0.94158				2
2025.02.04	01:21:37.857	0.94159				2
2025.02.04	01:21:38.205	0.94158	0.94170			6
2025.02.04	01:21:39.370		0.94171			4
2025.02.04	01:21:42.203	0.94156	0.94168			6
2025.02.04	01:21:44.347	0.94155				2
2025.02.04	01:21:49.291	0.94156				2
2025.02.04	01:21:49.932		0.94169			4
2025.02.04	01:21:52.578	0.94155	0.94167			6
2025.02.04	01:21:54.609	0.94154	0.94168			6
2025.02.04	01:21:57.540		0.94167			4
2025.02.04	01:21:59.301	0.94155				2
2025.02.04	01:22:00.083	0.94155				2
2025.02.04	01:22:01.484		0.94168			4
2025.02.04	01:22:01.794		0.94167			4
2025.02.04	01:22:13.128		0.94168			4
2025.02.04	01:22:13.458	0.94158	0.94171			6
2025.02.04	01:22:15.445	0.94159				2
2025.02.04	01:22:16.447		0.94172			4
2025.02.04	01:22:16.794	0.94160	0.94173			6
2025.02.04	01:22:17.362	0.94159	0.94172			6
2025.02.04	01:22:18.300	0.94160				2
2025.02.04	01:22:19.713	0.94159				2
2025.02.04	01:22:21.878	0.94160				2
2025.02.04	01:22:23.339	0.94159				2
2025.02.04	01:22:25.996	0.94158	0.94170			6
2025.02.04	01:22:27.309	0.94159				2
2025.02.04	01:22:30.064	0.94157				2
2025.02.04	01:22:30.377	0.94158				2
2025.02.04	01:22:32.304	0.94159				2
2025.02.04	01:22:33.187	0.94158				2
2025.02.04	01:22:34.545	0.94157				2
2025.02.04	01:22:34.857	0.94159				2
2025.02.04	01:22:35.697	0.94158				2
2025.02.04	01:22:36.117	0.94159				2
2025.02.04	01:22:37.202	0.94157				2
2025.02.04	01:22:39.522	0.94156				2
2025.02.04	01:22:39.875	0.94157	0.94169			6
2025.02.04	01:22:42.388	0.94153	0.94166			6
2025.02.04	01:22:48.591		0.94164			4
2025.02.04	01:22:49.811	0.94152				2
2025.02.04	01:22:50.356	0.94153	0.94165			6
2025.02.04	01:22:52.226		0.94164			4
2025.02.04	01:22:54.516		0.94165			4
2025.02.04	01:22:56.405	0.94152				2
2025.02.04	01:22:57.406	0.94153				2
2025.02.04	01:22:58.362		0.94166			4
2025.02.04	01:23:00.010	0.94154	0.94167			6
2025.02.04	01:23:00.322	0.94155				2
2025.02.04	01:23:00.647		0.94166			4
2025.02.04	01:23:03.852	0.94153	0.94165			6
2025.02.04	01:23:08.854	0.94154	0.94166			6
2025.02.04	01:23:09.971		0.94165			4
2025.02.04	01:23:12.916	0.94153				2
2025.02.04	01:23:13.286	0.94155	0.94168			6
2025.02.04	01:23:13.676	0.94154				2
2025.02.04	01:23:14.081	0.94153	0.94167			6
2025.02.04	01:23:14.547	0.94154	0.94166			6
2025.02.04	01:23:15.307	0.94153				2
2025.02.04	01:23:17.494	0.94154				2
2025.02.04	01:23:18.720	0.94153				2
2025.02.04	01:23:19.164		0.94167			4
2025.02.04	01:23:19.579	0.94156	0.94168			6
2025.02.04	01:23:20.372		0.94169			4
2025.02.04	01:23:21.191	0.94157				2
2025.02.04	01:23:21.533	0.94156				2
2025.02.04	01:23:26.323	0.94153	0.94167			6
2025.02.04	01:23:28.327		0.94166			4
2025.02.04	01:23:45.461	0.94154	0.94167			6
2025.02.04	01:23:54.525	0.94153				2
2025.02.04	01:23:55.650	0.94154				2
2025.02.04	01:24:00.467	0.94154	0.94166			6
2025.02.04	01:24:01.155		0.94167			4
2025.02.04	01:24:03.556	0.94155	0.94168			6
2025.02.04	01:24:05.342	0.94154				2
2025.02.04	01:24:07.357		0.94167			4
2025.02.04	01:24:12.734		0.94166			4
2025.02.04	01:24:15.680	0.94153	0.94164			6
2025.02.04	01:24:20.829	0.94154	0.94167			6
2025.02.04	01:24:31.215	0.94153	0.94166			6
2025.02.04	01:24:31.530	0.94154				2
2025.02.04	01:24:32.041	0.94153				2
2025.02.04	01:24:33.680	0.94154				2
2025.02.04	01:24:34.497	0.94153				2
2025.02.04	01:24:35.116	0.94154	0.94167			6
2025.02.04	01:24:37.065	0.94153				2
2025.02.04	01:24:38.109	0.94155				2
2025.02.04	01:24:38.532	0.94154				2
2025.02.04	01:24:40.808	0.94156				2
2025.02.04	01:24:41.972	0.94153				2
2025.02.04	01:24:43.810	0.94154				2
2025.02.04	01:24:46.381	0.94153				2
2025.02.04	01:24:57.855		0.94166			4
2025.02.04	01:24:58.164	0.94152				2
2025.02.04	01:25:00.556	0.94153	0.94167			6
2025.02.04	01:25:02.135	0.94152	0.94166			6
2025.02.04	01:25:02.832	0.94153				2
2025.02.04	01:25:04.107	0.94154	0.94168			6
2025.02.04	01:25:05.200	0.94155				2
2025.02.04	01:25:08.303	0.94159				2
2025.02.04	01:25:08.604	0.94154	0.94167			6
2025.02.04	01:25:11.664		0.94166			4
2025.02.04	01:25:12.708	0.94153	0.94165			6
2025.02.04	01:25:13.315	0.94154	0.94166			6
2025.02.04	01:25:14.920		0.94165			4
2025.02.04	01:25:15.907	0.94153				2
2025.02.04	01:25:16.809		0.94166			4
2025.02.04	01:25:17.690	0.94159	0.94171			6
2025.02.04	01:25:18.239	0.94162	0.94175			6
2025.02.04	01:25:18.543	0.94161				2
2025.02.04	01:25:18.864	0.94157	0.94170			6
2025.02.04	01:25:19.172		0.94171			4
2025.02.04	01:25:20.109	0.94160	0.94172			6
2025.02.04	01:25:20.465	0.94159	0.94173			6
2025.02.04	01:25:20.819		0.94169			4
2025.02.04	01:25:21.124		0.94171			4
2025.02.04	01:25:22.353	0.94158				2
2025.02.04	01:25:22.828		0.94172			4
2025.02.04	01:25:23.486	0.94155	0.94168			6
2025.02.04	01:25:23.791	0.94157	0.94170			6
2025.02.04	01:25:25.122	0.94159	0.94173			6
2025.02.04	01:25:30.510		0.94171			4
2025.02.04	01:25:30.824	0.94160	0.94170			6
2025.02.04	01:25:31.196	0.94159				2
2025.02.04	01:25:32.530	0.94158				2
2025.02.04	01:25:35.004	0.94159				2
2025.02.04	01:25:35.349		0.94171			4
2025.02.04	01:25:35.757	0.94158	0.94172			6
2025.02.04	01:25:36.309	0.94160	0.94171			6
2025.02.04	01:25:37.521	0.94159	0.94172			6
2025.02.04	01:25:39.009	0.94160	0.94171			6
2025.02.04	01:25:40.901		0.94169			4
2025.02.04	01:25:41.259	0.94159	0.94168			6
2025.02.04	01:25:41.583		0.94167			4
2025.02.04	01:25:41.905		0.94170			4
2025.02.04	01:25:44.410	0.94158	0.94168			6
2025.02.04	01:25:46.223	0.94159	0.94170			6
2025.02.04	01:25:46.901	0.94160				2
2025.02.04	01:25:47.318		0.94171			4
2025.02.04	01:25:48.737		0.94172			4
2025.02.04	01:25:51.306		0.94173			4
2025.02.04	01:25:52.263		0.94174			4
2025.02.04	01:25:55.796	0.94158	0.94171			6
2025.02.04	01:25:58.024	0.94157	0.94170			6
2025.02.04	01:25:58.435	0.94158	0.94171			6
2025.02.04	01:25:58.782		0.94170			4
2025.02.04	01:26:00.277	0.94158	0.94171			6
2025.02.04	01:26:00.579	0.94160	0.94172			6
2025.02.04	01:26:01.027	0.94159				2
2025.02.04	01:26:01.328		0.94171			4
2025.02.04	01:26:01.688	0.94160				2
2025.02.04	01:26:02.089	0.94159				2
2025.02.04	01:26:02.408		0.94172			4
2025.02.04	01:26:03.016		0.94171			4
2025.02.04	01:26:04.384	0.94160	0.94173			6
2025.02.04	01:26:04.709	0.94157	0.94170			6
2025.02.04	01:26:05.023	0.94158				2
2025.02.04	01:26:05.335		0.94171			4
2025.02.04	01:26:05.857	0.94159				2
2025.02.04	01:26:06.259	0.94158				2
2025.02.04	01:26:07.152		0.94170			4
2025.02.04	01:26:09.626		0.94171			4
2025.02.04	01:26:11.445	0.94157				2
2025.02.04	01:26:11.756	0.94160	0.94172			6
2025.02.04	01:26:14.657	0.94158				2
2025.02.04	01:26:16.081	0.94159				2
2025.02.04	01:26:16.591	0.94158	0.94171			6
2025.02.04	01:26:19.922	0.94159				2
2025.02.04	01:26:20.357	0.94154	0.94168			6
2025.02.04	01:26:20.717	0.94155				2
2025.02.04	01:26:21.582	0.94156				2
2025.02.04	01:26:22.236	0.94155				2
2025.02.04	01:26:23.055	0.94160	0.94171			6
2025.02.04	01:26:23.466	0.94158	0.94170			6
2025.02.04	01:26:23.768	0.94157				2
2025.02.04	01:26:24.082	0.94158				2
2025.02.04	01:26:25.264	0.94159	0.94172			6
2025.02.04	01:26:26.682	0.94160				2
2025.02.04	01:26:29.930	0.94159				2
2025.02.04	01:26:31.576	0.94160				2
2025.02.04	01:26:32.333	0.94158	0.94171			6
2025.02.04	01:26:33.819		0.94172			4
2025.02.04	01:26:34.134	0.94159	0.94171			6
2025.02.04	01:26:34.435	0.94158				2
2025.02.04	01:26:35.867	0.94159				2
2025.02.04	01:26:36.245	0.94158				2
2025.02.04	01:26:37.478	0.94160	0.94172			6
2025.02.04	01:26:38.150	0.94159				2
2025.02.04	01:26:39.611	0.94160				2
2025.02.04	01:26:40.378	0.94158				2
2025.02.04	01:26:40.727		0.94170			4
2025.02.04	01:26:42.876	0.94159	0.94171			6
2025.02.04	01:26:50.502	0.94161	0.94174			6
2025.02.04	01:26:50.854	0.94160				2
2025.02.04	01:26:51.383		0.94173			4
2025.02.04	01:26:53.381		0.94174			4
2025.02.04	01:26:53.728		0.94173			4
2025.02.04	01:26:54.280		0.94174			4
2025.02.04	01:26:55.663		0.94173			4
2025.02.04	01:26:57.780	0.94159				2
2025.02.04	01:27:00.508	0.94159				2
2025.02.04	01:27:05.568	0.94158	0.94171			6
2025.02.04	01:27:06.147	0.94159	0.94173			6
2025.02.04	01:27:07.089	0.94158	0.94172			6
2025.02.04	01:27:07.457	0.94160	0.94174			6
2025.02.04	01:27:08.100		0.94173			4
2025.02.04	01:27:08.478		0.94174			4
2025.02.04	01:27:09.910		0.94172			4
2025.02.04	01:27:11.828	0.94158				2
2025.02.04	01:27:13.226	0.94159				2
2025.02.04	01:27:13.544		0.94171			4
2025.02.04	01:27:13.844		0.94172			4
2025.02.04	01:27:14.641	0.94158				2
2025.02.04	01:27:15.117	0.94160	0.94173			6
2025.02.04	01:27:16.402		0.94174			4
2025.02.04	01:27:18.897		0.94173			4
2025.02.04	01:27:19.841		0.94172			4
2025.02.04	01:27:20.212		0.94173			4
2025.02.04	01:27:20.529		0.94174			4
2025.02.04	01:27:21.846		0.94173			4
2025.02.04	01:27:29.942		0.94172			4
2025.02.04	01:27:30.274		0.94173			4
2025.02.04	01:27:31.851		0.94172			4
2025.02.04	01:27:32.867	0.94158				2
2025.02.04	01:27:33.456	0.94162	0.94176			6
2025.02.04	01:27:36.071		0.94174			4
2025.02.04	01:27:36.687	0.94161				2
2025.02.04	01:27:43.580	0.94157	0.94170			6
2025.02.04	01:27:43.883	0.94158	0.94168			6
2025.02.04	01:27:44.198		0.94167			4
2025.02.04	01:27:44.941		0.94166			4
2025.02.04	01:27:45.255		0.94167			4
2025.02.04	01:27:45.794		0.94166			4
2025.02.04	01:27:46.232	0.94159				2
2025.02.04	01:27:46.858		0.94167			4
2025.02.04	01:27:47.162		0.94166			4
2025.02.04	01:27:48.132	0.94158	0.94167			6
2025.02.04	01:27:48.490	0.94159	0.94168			6
2025.02.04	01:27:48.953	0.94160				2
2025.02.04	01:27:50.780		0.94171			4
2025.02.04	01:27:56.524	0.94159				2
2025.02.04	01:27:57.851	0.94160				2
2025.02.04	01:27:58.945		0.94172			4
2025.02.04	01:28:00.359	0.94160	0.94171			6
2025.02.04	01:28:01.850	0.94161	0.94169			6
2025.02.04	01:28:02.530		0.94170			4
2025.02.04	01:28:07.580	0.94160	0.94173			6
2025.02.04	01:28:07.950		0.94172			4
2025.02.04	01:28:08.392		0.94173			4
2025.02.04	01:28:08.815		0.94172			4
2025.02.04	01:28:10.924		0.94170			4
2025.02.04	01:28:11.709	0.94161				2
2025.02.04	01:28:12.823	0.94160	0.94171			6
2025.02.04	01:28:14.091	0.94161				2
2025.02.04	01:28:14.541	0.94160				2
2025.02.04	01:28:15.624		0.94173			4
2025.02.04	01:28:16.241	0.94161	0.94171			6
2025.02.04	01:28:16.674		0.94175			4
2025.02.04	01:28:17.836		0.94173			4
2025.02.04	01:28:18.682		0.94175			4
2025.02.04	01:28:20.240	0.94160	0.94174			6
2025.02.04	01:28:20.959		0.94173			4
2025.02.04	01:28:21.264		0.94174			4
2025.02.04	01:28:22.473	0.94161				2
2025.02.04	01:28:22.780	0.94160				2
2025.02.04	01:28:23.155		0.94172			4
2025.02.04	01:28:23.464	0.94161				2
2025.02.04	01:28:23.783	0.94160	0.94171			6
2025.02.04	01:28:24.725	0.94159				2
2025.02.04	01:28:31.758		0.94170			4
2025.02.04	01:28:33.248		0.94171			4
2025.02.04	01:28:33.857		0.94170			4
2025.02.04	01:28:36.679		0.94171			4
2025.02.04	01:28:39.597	0.94160	0.94173			6
2025.02.04	01:28:40.357	0.94161	0.94174			6
2025.02.04	01:28:45.426	0.94160				2
2025.02.04	01:28:52.448	0.94161				2
2025.02.04	01:28:54.063	0.94162	0.94173			6
2025.02.04	01:28:55.210	0.94161				2
2025.02.04	01:28:55.968	0.94160				2
2025.02.04	01:28:56.420		0.94174			4
2025.02.04	01:28:56.743	0.94161				2
2025.02.04	01:28:58.612	0.94162	0.94173			6
2025.02.04	01:28:59.098	0.94160	0.94174			6
2025.02.04	01:28:59.582	0.94161				2
2025.02.04	01:29:00.138	0.94161	0.94175			6
2025.02.04	01:29:00.446	0.94166	0.94178			6
2025.02.04	01:29:01.448	0.94162	0.94176			6
2025.02.04	01:29:02.091	0.94164	0.94177			6
2025.02.04	01:29:02.408	0.94166				2
2025.02.04	01:29:04.098	0.94168	0.94179			6
2025.02.04	01:29:06.862		0.94180			4
2025.02.04	01:29:10.413	0.94167	0.94178			6
2025.02.04	01:29:11.409	0.94166				2
2025.02.04	01:29:11.917		0.94179			4
2025.02.04	01:29:12.224	0.94169	0.94181			6
2025.02.04	01:29:18.354	0.94168				2
2025.02.04	01:29:23.414	0.94166	0.94180			6
2025.02.04	01:29:24.910		0.94179			4
2025.02.04	01:29:26.626	0.94165				2
2025.02.04	01:29:27.009	0.94164	0.94177			6
2025.02.04	01:29:29.241	0.94167	0.94179			6
2025.02.04	01:29:29.724	0.94166	0.94178			6
2025.02.04	01:29:33.451	0.94167	0.94179			6
2025.02.04	01:29:38.299	0.94168	0.94180			6
2025.02.04	01:29:39.061	0.94167	0.94179			6
2025.02.04	01:29:39.363	0.94168	0.94180			6
2025.02.04	01:29:39.684	0.94164	0.94178			6
2025.02.04	01:29:39.995	0.94165	0.94177			6
2025.02.04	01:29:40.377	0.94166	0.94178			6
2025.02.04	01:29:41.879	0.94165				2
2025.02.04	01:29:42.347	0.94164	0.94177			6
2025.02.04	01:29:47.960	0.94166				2
2025.02.04	01:29:49.492		0.94178			4
2025.02.04	01:29:50.922	0.94165				2
2025.02.04	01:29:51.307	0.94164	0.94177			6
2025.02.04	01:29:53.608		0.94178			4
2025.02.04	01:29:55.509		0.94177			4
2025.02.04	01:29:58.783		0.94176			4
2025.02.04	01:29:59.100	0.94163				2
2025.02.04	01:29:59.469	0.94162				2
2025.02.04	01:29:59.786		0.94175			4
2025.02.04	01:30:00.304	0.94162				2
2025.02.04	01:30:01.095		0.94176			4
2025.02.04	01:30:01.928	0.94163	0.94172			6
2025.02.04	01:30:04.092	0.94161	0.94174			6
2025.02.04	01:30:06.292		0.94175			4
2025.02.04	01:30:07.380		0.94174			4
2025.02.04	01:30:08.499		0.94175			4
2025.02.04	01:30:10.209		0.94174			4
2025.02.04	01:30:14.053		0.94175			4
2025.02.04	01:30:14.358		0.94173			4
2025.02.04	01:30:15.375	0.94162	0.94172			6
2025.02.04	01:30:15.690	0.94165	0.94174			6
2025.02.04	01:30:20.512		0.94176			4
2025.02.04	01:30:20.818	0.94164	0.94175			6
2025.02.04	01:30:21.123		0.94174			4
2025.02.04	01:30:21.467	0.94163				2
2025.02.04	01:30:22.261	0.94162	0.94173			6
2025.02.04	01:30:23.044	0.94161				2
2025.02.04	01:30:23.551	0.94160				2
2025.02.04	01:30:23.862		0.94172			4
2025.02.04	01:30:24.531	0.94161	0.94174			6
2025.02.04	01:30:25.676	0.94162	0.94173			6
2025.02.04	01:30:27.762	0.94164	0.94174			6
2025.02.04	01:30:29.557	0.94162				2
2025.02.04	01:30:32.071	0.94159	0.94172			6
2025.02.04	01:30:32.620	0.94161				2
2025.02.04	01:30:33.010		0.94174			4
2025.02.04	01:30:33.751	0.94162				2
2025.02.04	01:30:34.180	0.94160	0.94173			6
2025.02.04	01:30:36.710	0.94159	0.94171			6
2025.02.04	01:30:37.729	0.94157	0.94170			6
2025.02.04	01:30:41.498	0.94158	0.94172			6
2025.02.04	01:30:46.113	0.94159				2
2025.02.04	01:30:48.932	0.94157	0.94171			6
2025.02.04	01:30:49.718	0.94159	0.94172			6
2025.02.04	01:31:00.037	0.94159				2
2025.02.04	01:31:13.185	0.94157	0.94171			6
2025.02.04	01:31:17.407	0.94156	0.94170			6
2025.02.04	01:31:17.723	0.94155	0.94169			6
2025.02.04	01:31:20.357	0.94154	0.94168			6
2025.02.04	01:31:24.629		0.94167			4
2025.02.04	01:31:24.963		0.94164			4
2025.02.04	01:31:26.034	0.94153	0.94165			6
2025.02.04	01:31:26.982	0.94152				2
2025.02.04	01:31:32.286	0.94154				2
2025.02.04	01:31:32.838	0.94153	0.94164			6
2025.02.04	01:31:33.142	0.94147	0.94160			6
2025.02.04	01:31:34.185		0.94161			4
2025.02.04	01:31:36.403	0.94149				2
2025.02.04	01:31:43.465	0.94147	0.94160			6
2025.02.04	01:31:47.820	0.94149	0.94159			6
2025.02.04	01:31:48.308		0.94158			4
2025.02.04	01:31:50.100	0.94148	0.94162			6
2025.02.04	01:31:50.745		0.94161			4
2025.02.04	01:31:53.710		0.94162			4
2025.02.04	01:31:55.475		0.94161			4
2025.02.04	01:31:57.066		0.94162			4
2025.02.04	01:31:58.423		0.94161			4
2025.02.04	01:31:58.779		0.94162			4
2025.02.04	01:32:00.284	0.94148	0.94160			6
2025.02.04	01:32:01.278		0.94162			4
2025.02.04	01:32:02.661	0.94149	0.94159			6
2025.02.04	01:32:09.565		0.94161			4
2025.02.04	01:32:09.894		0.94162			4
2025.02.04	01:32:16.584		0.94160			4
2025.02.04	01:32:18.783		0.94159			4
2025.02.04	01:32:25.209	0.94146	0.94160			6
2025.02.04	01:32:25.520		0.94158			4
2025.02.04	01:32:27.510	0.94147				2
2025.02.04	01:32:31.414	0.94140	0.94153			6
2025.02.04	01:32:36.552		0.94152			4
2025.02.04	01:32:37.813		0.94151			4
2025.02.04	01:32:39.633		0.94152			4
2025.02.04	01:32:43.261	0.94139				2
2025.02.04	01:32:44.480	0.94140				2
2025.02.04	01:32:44.784	0.94142	0.94153			6
2025.02.04	01:32:49.662		0.94154			4
2025.02.04	01:32:52.253	0.94143	0.94157			6
2025.02.04	01:32:52.579	0.94142	0.94155			6
2025.02.04	01:32:52.885	0.94140	0.94153			6
2025.02.04	01:32:55.978		0.94152			4
2025.02.04	01:32:56.284	0.94139	0.94151			6
2025.02.04	01:32:57.312		0.94152			4
2025.02.04	01:32:58.256	0.94141	0.94153			6
2025.02.04	01:32:59.730	0.94143				2
2025.02.04	01:33:00.214	0.94143				2
2025.02.04	01:33:00.548		0.94154			4
2025.02.04	01:33:02.006		0.94153			4
2025.02.04	01:33:02.329	0.94144	0.94155			6
2025.02.04	01:33:03.647		0.94154			4
2025.02.04	01:33:09.366	0.94145	0.94156			6
2025.02.04	01:33:09.891	0.94143	0.94154			6
2025.02.04	01:33:11.978	0.94145	0.94155			6
2025.02.04	01:33:12.303	0.94144				2
2025.02.04	01:33:12.609	0.94143	0.94154			6
2025.02.04	01:33:13.573	0.94141	0.94152			6
2025.02.04	01:33:16.427	0.94142	0.94153			6
2025.02.04	01:33:19.296	0.94141	0.94152			6
2025.02.04	01:33:19.954		0.94153			4
2025.02.04	01:33:20.789		0.94152			4
2025.02.04	01:33:21.360	0.94143	0.94154			6
2025.02.04	01:33:22.426	0.94141	0.94152			6
2025.02.04	01:33:26.137		0.94153			4
2025.02.04	01:33:27.106	0.94140	0.94152			6
2025.02.04	01:33:27.852	0.94139	0.94150			6
2025.02.04	01:33:28.180		0.94151			4
2025.02.04	01:33:30.232		0.94152			4
2025.02.04	01:33:31.836		0.94151			4
2025.02.04	01:33:35.271		0.94150			4
2025.02.04	01:33:36.145		0.94151			4
2025.02.04	01:33:37.150	0.94138				2
2025.02.04	01:33:37.462		0.94150			4
2025.02.04	01:33:41.366	0.94139	0.94152			6
2025.02.04	01:33:42.816		0.94151			4
2025.02.04	01:33:50.686	0.94138				2
2025.02.04	01:33:53.099	0.94136	0.94149			6
2025.02.04	01:33:53.430	0.94137	0.94150			6
2025.02.04	01:33:53.782	0.94136	0.94148			6
2025.02.04	01:33:55.110	0.94138	0.94149			6
2025.02.04	01:33:55.564		0.94150			4
2025.02.04	01:33:56.664	0.94139				2
2025.02.04	01:33:58.442	0.94137				2
2025.02.04	01:33:58.762		0.94149			4
2025.02.04	01:34:00.066	0.94133	0.94143			6
2025.02.04	01:34:02.823	0.94132				2
2025.02.04	01:34:03.646	0.94134	0.94145			6
2025.02.04	01:34:07.427	0.94136				2
2025.02.04	01:34:07.743	0.94133	0.94144			6
2025.02.04	01:34:08.365		0.94143			4
2025.02.04	01:34:09.207		0.94144			4
2025.02.04	01:34:10.251	0.94139	0.94149			6
2025.02.04	01:34:11.438	0.94137	0.94148			6
2025.02.04	01:34:13.540	0.94139	0.94149			6
2025.02.04	01:34:13.859		0.94150			4
2025.02.04	01:34:18.768	0.94140				2
2025.02.04	01:34:20.354		0.94151			4
2025.02.04	01:34:20.677	0.94142	0.94152			6
2025.02.04	01:34:27.634		0.94151			4
2025.02.04	01:34:28.489	0.94140				2
2025.02.04	01:34:28.912	0.94141				2
2025.02.04	01:34:30.712		0.94152			4
2025.02.04	01:34:31.317	0.94142	0.94153			6
2025.02.04	01:34:31.946	0.94141				2
2025.02.04	01:34:33.240	0.94142				2
2025.02.04	01:34:33.718	0.94143				2
2025.02.04	01:34:34.034	0.94145	0.94155			6
2025.02.04	01:34:34.341	0.94144				2
2025.02.04	01:34:36.356		0.94154			4
2025.02.04	01:34:37.017		0.94155			4
2025.02.04	01:34:43.487	0.94145	0.94156			6
2025.02.04	01:34:43.932		0.94157			4
2025.02.04	01:34:45.490		0.94156			4
2025.02.04	01:34:45.846	0.94147	0.94158			6
2025.02.04	01:34:47.716		0.94157			4
2025.02.04	01:34:48.302		0.94158			4
2025.02.04	01:34:48.994	0.94145	0.94156			6
2025.02.04	01:34:49.325		0.94155			4
2025.02.04	01:34:52.592		0.94156			4
2025.02.04	01:34:55.523	0.94146	0.94158			6
2025.02.04	01:34:55.916		0.94156			4
2025.02.04	01:34:56.534	0.94144	0.94154			6
2025.02.04	01:34:57.345	0.94143				2
2025.02.04	01:34:58.001	0.94144				2
2025.02.04	01:34:58.691		0.94155			4
2025.02.04	01:35:00.649	0.94145	0.94156			6
2025.02.04	01:35:00.963	0.94144				2
2025.02.04	01:35:01.284	0.94143	0.94155			6
2025.02.04	01:35:02.188	0.94144				2
2025.02.04	01:35:02.500	0.94145				2
2025.02.04	01:35:02.878		0.94154			4
2025.02.04	01:35:04.980	0.94143				2
2025.02.04	01:35:07.216		0.94155			4
2025.02.04	01:35:09.913		0.94154			4
2025.02.04	01:35:15.083	0.94142	0.94155			6
2025.02.04	01:35:15.862		0.94154			4
2025.02.04	01:35:16.652	0.94144	0.94156			6
2025.02.04	01:35:16.977	0.94143				2
2025.02.04	01:35:19.503	0.94144				2
2025.02.04	01:35:20.615	0.94145	0.94158			6
2025.02.04	01:35:20.969	0.94146	0.94159			6
2025.02.04	01:35:21.293	0.94145	0.94157			6
2025.02.04	01:35:21.603		0.94159			4
2025.02.04	01:35:21.912	0.94146				2
2025.02.04	01:35:22.362	0.94147	0.94158			6
2025.02.04	01:35:23.775	0.94146				2
2025.02.04	01:35:25.129	0.94147	0.94159			6
2025.02.04	01:35:29.887		0.94158			4
2025.02.04	01:35:34.370	0.94146				2
2025.02.04	01:35:35.178	0.94147				2
2025.02.04	01:35:35.693	0.94146	0.94157			6
2025.02.04	01:35:37.428	0.94141	0.94152			6
2025.02.04	01:35:37.736	0.94140	0.94151			6
2025.02.04	01:35:38.119	0.94138	0.94149			6
2025.02.04	01:35:38.441		0.94150			4
2025.02.04	01:35:39.009	0.94136	0.94149			6
2025.02.04	01:35:39.327	0.94137				2
2025.02.04	01:35:41.235	0.94140	0.94151			6
2025.02.04	01:35:44.361	0.94139				2
2025.02.04	01:35:44.682	0.94138	0.94150			6
2025.02.04	01:35:44.984	0.94137	0.94149			6
2025.02.04	01:35:46.808		0.94148			4
2025.02.04	01:35:54.326	0.94135	0.94147			6
2025.02.04	01:35:55.561	0.94134				2
2025.02.04	01:35:55.866	0.94135				2
2025.02.04	01:35:57.924	0.94136				2
2025.02.04	01:35:58.562	0.94137	0.94149			6
2025.02.04	01:35:59.508	0.94136	0.94148			6
2025.02.04	01:35:59.871	0.94135				2
2025.02.04	01:36:01.484	0.94137	0.94149			6
2025.02.04	01:36:03.011	0.94136				2
2025.02.04	01:36:03.632	0.94137				2
2025.02.04	01:36:06.139	0.94136				2
2025.02.04	01:36:06.462	0.94137	0.94150			6
2025.02.04	01:36:07.468	0.94138				2
2025.02.04	01:36:08.321	0.94137	0.94149			6
2025.02.04	01:36:09.271	0.94140	0.94152			6
2025.02.04	01:36:10.056	0.94143	0.94155			6
2025.02.04	01:36:11.372	0.94142				2
2025.02.04	01:36:12.315	0.94143				2
2025.02.04	01:36:14.307	0.94142	0.94156			6
2025.02.04	01:36:14.782	0.94143	0.94155			6
2025.02.04	01:36:15.427		0.94154			4
2025.02.04	01:36:15.744	0.94142	0.94153			6
2025.02.04	01:36:16.352		0.94154			4
2025.02.04	01:36:19.646	0.94145	0.94156			6
2025.02.04	01:36:19.989	0.94143	0.94155			6
2025.02.04	01:36:21.349	0.94142	0.94153			6
2025.02.04	01:36:23.414	0.94141	0.94152			6
2025.02.04	01:36:25.510	0.94142	0.94153			6
2025.02.04	01:36:28.350	0.94141	0.94152			6
2025.02.04	01:36:32.171		0.94153			4
2025.02.04	01:36:32.572		0.94152			4
2025.02.04	01:36:36.387	0.94142	0.94153			6
2025.02.04	01:36:39.633	0.94143	0.94155			6
2025.02.04	01:36:40.589	0.94144				2
2025.02.04	01:36:44.515		0.94154			4
2025.02.04	01:36:45.571		0.94155			4
2025.02.04	01:36:45.899	0.94143				2
2025.02.04	01:36:47.904	0.94142	0.94153			6
2025.02.04	01:36:48.206	0.94141				2
2025.02.04	01:36:48.890	0.94142	0.94152			6
2025.02.04	01:36:51.136		0.94153			4
2025.02.04	01:36:51.916	0.94141	0.94152			6
2025.02.04	01:36:56.963		0.94153			4
2025.02.04	01:36:58.508		0.94152			4
2025.02.04	01:37:00.844	0.94141				2
2025.02.04	01:37:05.124		0.94153			4
2025.02.04	01:37:06.388	0.94142				2
2025.02.04	01:37:06.934	0.94141				2
2025.02.04	01:37:07.388		0.94152			4
2025.02.04	01:37:10.880	0.94140	0.94151			6
2025.02.04	01:37:20.107		0.94152			4
2025.02.04	01:37:20.413	0.94138	0.94149			6
2025.02.04	01:37:21.346	0.94136	0.94150			6
2025.02.04	01:37:21.668		0.94149			4
2025.02.04	01:37:22.901		0.94148			4
2025.02.04	01:37:24.721		0.94147			4
2025.02.04	01:37:25.022	0.94135				2
2025.02.04	01:37:26.717		0.94146			4
2025.02.04	01:37:28.309		0.94147			4
2025.02.04	01:37:30.207		0.94146			4
2025.02.04	01:37:38.410	0.94134	0.94147			6
2025.02.04	01:37:40.913		0.94146			4
2025.02.04	01:37:44.904	0.94136	0.94147			6
2025.02.04	01:37:45.638	0.94135	0.94146			6
2025.02.04	01:37:48.176	0.94133	0.94145			6
2025.02.04	01:37:50.624		0.94144			4
2025.02.04	01:37:53.622		0.94145			4
2025.02.04	01:37:55.680		0.94146			4
2025.02.04	01:37:57.101	0.94134				2
2025.02.04	01:37:58.355		0.94145			4
2025.02.04	01:38:00.460	0.94134				2
2025.02.04	01:38:03.981	0.94132				2
2025.02.04	01:38:06.393	0.94133				2
2025.02.04	01:38:10.873	0.94132				2
2025.02.04	01:38:12.310	0.94135	0.94148			6
2025.02.04	01:38:12.756	0.94136				2
2025.02.04	01:38:13.071		0.94147			4
2025.02.04	01:38:13.505	0.94135	0.94146			6
2025.02.04	01:38:15.009		0.94147			4
2025.02.04	01:38:17.299	0.94137	0.94148			6
2025.02.04	01:38:18.072		0.94147			4
2025.02.04	01:38:19.054		0.94148			4
2025.02.04	01:38:20.725	0.94138	0.94147			6
2025.02.04	01:38:21.105	0.94137				2
2025.02.04	01:38:21.929	0.94136	0.94146			6
2025.02.04	01:38:22.968	0.94135				2
2025.02.04	01:38:27.865	0.94137	0.94147			6
2025.02.04	01:38:28.941		0.94146			4
2025.02.04	01:38:29.990	0.94138				2
2025.02.04	01:38:30.443		0.94147			4
2025.02.04	01:38:30.920	0.94137				2
2025.02.04	01:38:36.330		0.94148			4
2025.02.04	01:38:36.989		0.94147			4
2025.02.04	01:38:41.533		0.94148			4
2025.02.04	01:38:43.815		0.94147			4
2025.02.04	01:38:46.212	0.94138	0.94148			6
2025.02.04	01:38:46.860		0.94149			4
2025.02.04	01:38:51.589		0.94148			4
2025.02.04	01:38:54.567		0.94149			4
2025.02.04	01:38:57.560	0.94143	0.94153			6
2025.02.04	01:38:58.343	0.94142				2
2025.02.04	01:38:58.730	0.94141	0.94152			6
2025.02.04	01:38:59.408		0.94151			4
2025.02.04	01:39:00.326	0.94140	0.94152			6
2025.02.04	01:39:01.959		0.94151			4
2025.02.04	01:39:03.063	0.94142	0.94152			6
2025.02.04	01:39:03.366		0.94153			4
2025.02.04	01:39:07.509		0.94152			4
2025.02.04	01:39:10.338	0.94143	0.94153			6
2025.02.04	01:39:12.604	0.94141				2
2025.02.04	01:39:12.924	0.94139	0.94150			6
2025.02.04	01:39:13.244		0.94151			4
2025.02.04	01:39:15.796		0.94150			4
2025.02.04	01:39:22.471	0.94141	0.94152			6
2025.02.04	01:39:24.714	0.94143				2
2025.02.04	01:39:28.698	0.94141				2
2025.02.04	01:39:34.955	0.94142				2
2025.02.04	01:39:35.259	0.94141				2
2025.02.04	01:39:35.961		0.94151			4
2025.02.04	01:39:36.521		0.94152			4
2025.02.04	01:39:36.881		0.94151			4
2025.02.04	01:39:38.025	0.94139	0.94148			6
2025.02.04	01:39:38.343	0.94138				2
2025.02.04	01:39:38.651		0.94147			4
2025.02.04	01:39:39.479		0.94148			4
2025.02.04	01:39:41.609		0.94147			4
2025.02.04	01:39:41.915		0.94148			4
2025.02.04	01:39:42.316	0.94137				2
2025.02.04	01:39:43.337	0.94135	0.94146			6
2025.02.04	01:39:48.764	0.94137	0.94147			6
2025.02.04	01:39:52.930	0.94136				2
2025.02.04	01:39:54.403		0.94146			4
2025.02.04	01:39:56.304	0.94135				2
2025.02.04	01:39:57.059		0.94147			4
2025.02.04	01:39:57.552		0.94146			4
2025.02.04	01:39:59.052	0.94136				2
2025.02.04	01:40:00.077	0.94135				2
2025.02.04	01:40:02.297		0.94147			4
2025.02.04	01:40:03.061		0.94146			4
2025.02.04	01:40:12.423		0.94145			4
2025.02.04	01:40:12.776		0.94146			4
2025.02.04	01:40:18.015	0.94136	0.94147			6
2025.02.04	01:40:18.338	0.94137				2
2025.02.04	01:40:20.283	0.94138	0.94148			6
2025.02.04	01:40:32.161	0.94139				2
2025.02.04	01:40:33.429		0.94149			4
2025.02.04	01:40:33.952	0.94140	0.94151			6
2025.02.04	01:40:34.393		0.94150			4
2025.02.04	01:40:35.194	0.94139				2
2025.02.04	01:40:38.264	0.94137	0.94149			6
2025.02.04	01:40:38.859	0.94138	0.94150			6
2025.02.04	01:40:39.240	0.94137	0.94148			6
2025.02.04	01:40:40.061	0.94139	0.94150			6
2025.02.04	01:40:40.366	0.94138	0.94149			6
2025.02.04	01:40:43.809	0.94140	0.94151			6
2025.02.04	01:40:44.111		0.94150			4
2025.02.04	01:40:45.326	0.94139				2
2025.02.04	01:40:55.211		0.94149			4
2025.02.04	01:40:55.537	0.94141	0.94152			6
2025.02.04	01:40:59.262	0.94140				2
2025.02.04	01:40:59.561		0.94151			4
2025.02.04	01:41:00.208	0.94140				2
2025.02.04	01:41:01.334	0.94141	0.94152			6
2025.02.04	01:41:01.907		0.94151			4
2025.02.04	01:41:02.266	0.94140	0.94152			6
2025.02.04	01:41:03.185		0.94151			4
2025.02.04	01:41:07.202	0.94142	0.94153			6
2025.02.04	01:41:07.504		0.94154			4
2025.02.04	01:41:09.149		0.94153			4
2025.02.04	01:41:11.743	0.94141	0.94152			6
2025.02.04	01:41:13.075	0.94140	0.94151			6
2025.02.04	01:41:22.032	0.94141	0.94152			6
2025.02.04	01:41:25.762	0.94140	0.94151			6
2025.02.04	01:41:28.323		0.94150			4
2025.02.04	01:41:30.630		0.94151			4
2025.02.04	01:41:34.252		0.94152			4
2025.02.04	01:41:35.900		0.94151			4
2025.02.04	01:41:42.041	0.94139	0.94152			6
2025.02.04	01:41:42.342	0.94140	0.94151			6
2025.02.04	01:41:44.560	0.94141	0.94154			6
2025.02.04	01:41:46.315		0.94153			4
2025.02.04	01:41:46.894	0.94142	0.94154			6
2025.02.04	01:41:47.317	0.94141	0.94153			6
2025.02.04	01:41:48.378		0.94154			4
2025.02.04	01:41:50.320	0.94142				2
2025.02.04	01:41:50.731	0.94143				2
2025.02.04	01:41:52.080	0.94140	0.94152			6
2025.02.04	01:41:52.517	0.94139				2
2025.02.04	01:41:54.232	0.94140	0.94151			6
2025.02.04	01:41:54.632	0.94141	0.94152			6
2025.02.04	01:41:56.110	0.94140				2
2025.02.04	01:41:57.831		0.94153			4
2025.02.04	01:41:58.299	0.94142	0.94156			6
2025.02.04	01:41:58.859		0.94154			4
2025.02.04	01:42:00.474	0.94143	0.94156			6
2025.02.04	01:42:01.694		0.94155			4
2025.02.04	01:42:02.078	0.94137	0.94150			6
2025.02.04	01:42:03.541	0.94135	0.94146			6
2025.02.04	01:42:03.875	0.94134	0.94147			6
2025.02.04	01:42:04.267	0.94136	0.94148			6
2025.02.04	01:42:06.368	0.94135	0.94147			6
2025.02.04	01:42:06.751		0.94148			4
2025.02.04	01:42:07.143	0.94137				2
2025.02.04	01:42:09.305	0.94133	0.94145			6
2025.02.04	01:42:10.315	0.94136	0.94147			6
2025.02.04	01:42:12.345		0.94148			4
2025.02.04	01:42:13.209	0.94137				2
2025.02.04	01:42:13.519	0.94135	0.94145			6
2025.02.04	01:42:15.265	0.94134				2
2025.02.04	01:42:16.348	0.94135				2
2025.02.04	01:42:16.899		0.94147			4
2025.02.04	01:42:17.207	0.94136	0.94148			6
2025.02.04	01:42:21.117		0.94149			4
2025.02.04	01:42:23.994		0.94148			4
2025.02.04	01:42:25.096	0.94142	0.94153			6
2025.02.04	01:42:28.881	0.94143	0.94154			6
2025.02.04	01:42:30.762	0.94142	0.94153			6
2025.02.04	01:42:33.309	0.94143				2
2025.02.04	01:42:35.174	0.94141				2
2025.02.04	01:42:35.484	0.94140	0.94151			6
2025.02.04	01:42:42.334	0.94136	0.94150			6
2025.02.04	01:42:45.291	0.94137	0.94148			6
2025.02.04	01:42:46.738	0.94136				2
2025.02.04	01:42:48.695		0.94147			4
2025.02.04	01:42:50.442	0.94134	0.94146			6
2025.02.04	01:42:51.150	0.94133	0.94147			6
2025.02.04	01:42:51.609	0.94135				2
2025.02.04	01:42:52.724		0.94146			4
2025.02.04	01:42:53.289	0.94136	0.94147			6
2025.02.04	01:42:58.982		0.94148			4
2025.02.04	01:43:00.360	0.94134	0.94146			6
2025.02.04	01:43:00.665	0.94135				2
2025.02.04	01:43:03.490	0.94134	0.94145			6
2025.02.04	01:43:03.885	0.94132	0.94144			6
2025.02.04	01:43:04.730		0.94143			4
2025.02.04	01:43:05.458	0.94131				2
2025.02.04	01:43:05.771	0.94132	0.94144			6
2025.02.04	01:43:07.664	0.94131	0.94143			6
2025.02.04	01:43:08.591	0.94132	0.94144			6
2025.02.04	01:43:11.112		0.94143			4
2025.02.04	01:43:12.339	0.94131				2
2025.02.04	01:43:12.754	0.94132				2
2025.02.04	01:43:13.091	0.94131				2
2025.02.04	01:43:13.421	0.94133	0.94144			6
2025.02.04	01:43:13.734	0.94132				2
2025.02.04	01:43:16.803	0.94133				2
2025.02.04	01:43:18.641	0.94132				2
2025.02.04	01:43:19.073	0.94133	0.94145			6
2025.02.04	01:43:20.482		0.94144			4
2025.02.04	01:43:22.363	0.94132				2
2025.02.04	01:43:22.930	0.94133				2
2025.02.04	01:43:25.009	0.94132	0.94143			6
2025.02.04	01:43:29.113	0.94131	0.94144			6
2025.02.04	01:43:29.926	0.94132				2
2025.02.04	01:43:30.792		0.94143			4
2025.02.04	01:43:32.695	0.94130				2
2025.02.04	01:43:33.718	0.94132				2
2025.02.04	01:43:34.066	0.94131	0.94142			6
2025.02.04	01:43:35.390	0.94132	0.94143			6
2025.02.04	01:43:37.314	0.94130	0.94142			6
2025.02.04	01:43:39.564	0.94131	0.94143			6
2025.02.04	01:43:40.867	0.94132				2
2025.02.04	01:43:44.187	0.94135	0.94147			6
2025.02.04	01:43:47.541	0.94134				2
2025.02.04	01:43:48.046	0.94133				2
2025.02.04	01:43:49.690	0.94134	0.94149			6
2025.02.04	01:43:50.004	0.94137				2
2025.02.04	01:43:51.812		0.94150			4
2025.02.04	01:43:52.847	0.94140	0.94152			6
2025.02.04	01:43:54.076		0.94151			4
2025.02.04	01:43:56.650		0.94152			4
2025.02.04	01:43:56.967	0.94142	0.94154			6
2025.02.04	01:43:57.297	0.94141	0.94153			6
2025.02.04	01:43:58.298	0.94142				2
2025.02.04	01:44:00.301	0.94142				2
2025.02.04	01:44:02.746	0.94141	0.94152			6
2025.02.04	01:44:04.088		0.94153			4
2025.02.04	01:44:04.435	0.94139	0.94150			6
2025.02.04	01:44:04.749	0.94136	0.94148			6
2025.02.04	01:44:09.905	0.94134	0.94147			6
2025.02.04	01:44:10.220		0.94146			4
2025.02.04	01:44:10.843	0.94135	0.94147			6
2025.02.04	01:44:11.535	0.94134	0.94146			6
2025.02.04	01:44:12.240		0.94145			4
2025.02.04	01:44:17.449	0.94132				2
2025.02.04	01:44:18.756	0.94133	0.94147			6
2025.02.04	01:44:19.980		0.94146			4
2025.02.04	01:44:20.961		0.94147			4
2025.02.04	01:44:21.909	0.94134				2
2025.02.04	01:44:24.023	0.94135				2
2025.02.04	01:44:25.064	0.94134				2
2025.02.04	01:44:28.145	0.94135				2
2025.02.04	01:44:28.614	0.94134				2
2025.02.04	01:44:31.211	0.94136				2
2025.02.04	01:44:31.675	0.94135	0.94148			6
2025.02.04	01:44:32.310		0.94147			4
2025.02.04	01:44:40.638	0.94134				2
2025.02.04	01:44:41.035	0.94131	0.94142			6
2025.02.04	01:44:42.699	0.94130	0.94141			6
2025.02.04	01:44:44.165	0.94129	0.94140			6
2025.02.04	01:44:52.513	0.94130	0.94141			6
2025.02.04	01:44:54.009	0.94134	0.94146			6
2025.02.04	01:45:00.422	0.94133				2
2025.02.04	01:45:01.614	0.94134				2
2025.02.04	01:45:01.952	0.94133				2
2025.02.04	01:45:03.101	0.94132				2
2025.02.04	01:45:03.609	0.94133				2
2025.02.04	01:45:03.932	0.94134				2
2025.02.04	01:45:04.250	0.94131	0.94142			6
2025.02.04	01:45:04.568	0.94132	0.94143			6
2025.02.04	01:45:05.184	0.94133	0.94146			6
2025.02.04	01:45:05.492		0.94147			4
2025.02.04	01:45:06.029	0.94134				2
2025.02.04	01:45:06.407	0.94133	0.94146			6
2025.02.04	01:45:06.909	0.94134	0.94147			6
2025.02.04	01:45:08.562	0.94135				2
2025.02.04	01:45:08.961	0.94134				2
2025.02.04	01:45:12.887	0.94137	0.94149			6
2025.02.04	01:45:13.258	0.94136	0.94148			6
2025.02.04	01:45:13.562		0.94147			4
2025.02.04	01:45:13.918	0.94138	0.94148			6
2025.02.04	01:45:14.254	0.94137				2
2025.02.04	01:45:19.540	0.94140	0.94151			6
2025.02.04	01:45:20.337	0.94142	0.94152			6
2025.02.04	01:45:21.406		0.94153			4
2025.02.04	01:45:21.880	0.94141	0.94152			6
2025.02.04	01:45:24.406	0.94140	0.94151			6
2025.02.04	01:45:26.406	0.94141	0.94152			6
2025.02.04	01:45:27.407	0.94140	0.94151			6
2025.02.04	01:45:32.447	0.94139	0.94150			6
2025.02.04	01:45:33.125	0.94142	0.94154			6
2025.02.04	01:45:33.898	0.94141	0.94153			6
2025.02.04	01:45:35.344		0.94152			4
2025.02.04	01:45:36.684	0.94137	0.94149			6
2025.02.04	01:45:36.988	0.94135	0.94147			6
2025.02.04	01:45:37.315	0.94134	0.94145			6
2025.02.04	01:45:37.648		0.94146			4
2025.02.04	01:45:39.541	0.94133	0.94145			6
2025.02.04	01:45:40.407	0.94134				2
2025.02.04	01:45:40.724	0.94133	0.94143			6
2025.02.04	01:45:42.833	0.94137	0.94147			6
2025.02.04	01:45:43.641		0.94149			4
2025.02.04	01:45:48.352	0.94135	0.94148			6
2025.02.04	01:45:51.363		0.94147			4
2025.02.04	01:45:54.310		0.94146			4
2025.02.04	01:45:57.148	0.94133	0.94143			6
2025.02.04	01:45:57.467	0.94132				2
2025.02.04	01:45:57.888	0.94133				2
2025.02.04	01:45:59.100	0.94132				2
2025.02.04	01:45:59.843	0.94133				2
2025.02.04	01:46:00.511	0.94133	0.94144			6
2025.02.04	01:46:01.161	0.94136	0.94146			6
2025.02.04	01:46:01.521		0.94145			4
2025.02.04	01:46:02.468	0.94137	0.94148			6
2025.02.04	01:46:02.784	0.94136	0.94147			6
2025.02.04	01:46:05.246		0.94146			4
2025.02.04	01:46:06.725	0.94137	0.94148			6
2025.02.04	01:46:08.599	0.94134	0.94146			6
2025.02.04	01:46:11.151		0.94144			4
2025.02.04	01:46:12.628	0.94135	0.94145			6
2025.02.04	01:46:12.970	0.94136				2
2025.02.04	01:46:13.541	0.94135				2
2025.02.04	01:46:16.626		0.94144			4
2025.02.04	01:46:16.965	0.94137	0.94146			6
2025.02.04	01:46:19.198	0.94136	0.94145			6
2025.02.04	01:46:19.727	0.94135	0.94144			6
2025.02.04	01:46:21.675		0.94145			4
2025.02.04	01:46:22.897		0.94144			4
2025.02.04	01:46:25.714		0.94146			4
2025.02.04	01:46:26.802		0.94144			4
2025.02.04	01:46:34.112	0.94131	0.94142			6
2025.02.04	01:46:34.424		0.94141			4
2025.02.04	01:46:34.731		0.94140			4
2025.02.04	01:46:35.131	0.94130				2
2025.02.04	01:46:35.549	0.94129	0.94139			6
2025.02.04	01:46:36.152	0.94128				2
2025.02.04	01:46:36.797	0.94133	0.94142			6
2025.02.04	01:46:38.778		0.94143			4
2025.02.04	01:46:41.495		0.94142			4
2025.02.04	01:46:43.650		0.94143			4
2025.02.04	01:46:45.886	0.94132	0.94141			6
2025.02.04	01:46:46.275	0.94131				2
2025.02.04	01:46:47.598	0.94134	0.94144			6
2025.02.04	01:46:48.225		0.94143			4
2025.02.04	01:46:49.140	0.94133				2
2025.02.04	01:46:49.469	0.94134	0.94145			6
2025.02.04	01:46:49.772	0.94135				2
2025.02.04	01:46:51.768	0.94132	0.94142			6
2025.02.04	01:46:54.433	0.94131	0.94141			6
2025.02.04	01:46:54.784	0.94130				2
2025.02.04	01:46:56.827		0.94140			4
2025.02.04	01:46:57.144		0.94142			4
2025.02.04	01:46:58.680	0.94133	0.94141			6
2025.02.04	01:47:00.329	0.94133	0.94142			6
2025.02.04	01:47:00.661	0.94134	0.94144			6
2025.02.04	01:47:02.352		0.94143			4
2025.02.04	01:47:04.252	0.94133	0.94142			6
2025.02.04	01:47:08.582	0.94132				2
2025.02.04	01:47:08.986	0.94133				2
2025.02.04	01:47:10.788	0.94132				2
2025.02.04	01:47:14.921	0.94135	0.94143			6
2025.02.04	01:47:15.222	0.94136				2
2025.02.04	01:47:15.533		0.94144			4
2025.02.04	01:47:15.968	0.94135				2
2025.02.04	01:47:16.548		0.94143			4
2025.02.04	01:47:16.863	0.94136	0.94144			6
2025.02.04	01:47:17.188	0.94135				2
2025.02.04	01:47:17.526	0.94134	0.94143			6
2025.02.04	01:47:20.404		0.94142			4
2025.02.04	01:47:20.796	0.94133				2
2025.02.04	01:47:21.511		0.94141			4
2025.02.04	01:47:22.939	0.94134				2
2025.02.04	01:47:23.262		0.94142			4
2025.02.04	01:47:23.566	0.94132	0.94141			6
2025.02.04	01:47:25.902	0.94133				2
2025.02.04	01:47:31.133	0.94130				2
2025.02.04	01:47:33.422		0.94140			4
2025.02.04	01:47:38.294		0.94142			4
2025.02.04	01:47:40.661		0.94141			4
2025.02.04	01:47:44.080		0.94142			4
2025.02.04	01:47:46.254		0.94141			4
2025.02.04	01:47:46.752	0.94129	0.94139			6
2025.02.04	01:47:47.942		0.94140			4
2025.02.04	01:47:48.833		0.94139			4
2025.02.04	01:47:49.927	0.94127				2
2025.02.04	01:47:50.306		0.94140			4
2025.02.04	01:47:57.471		0.94139			4
2025.02.04	01:48:00.262	0.94127				2
2025.02.04	01:48:02.038		0.94138			4
2025.02.04	01:48:02.917		0.94139			4
2025.02.04	01:48:03.707		0.94140			4
2025.02.04	01:48:04.261	0.94126	0.94139			6
2025.02.04	01:48:07.741		0.94140			4
2025.02.04	01:48:09.274	0.94127	0.94139			6
2025.02.04	01:48:11.675	0.94129	0.94140			6
2025.02.04	01:48:12.772		0.94141			4
2025.02.04	01:48:14.071	0.94128	0.94140			6
2025.02.04	01:48:14.387	0.94130	0.94142			6
2025.02.04	01:48:15.364		0.94140			4
2025.02.04	01:48:17.344		0.94142			4
2025.02.04	01:48:21.281	0.94133	0.94141			6
2025.02.04	01:48:21.585	0.94131	0.94140			6
2025.02.04	01:48:23.042	0.94130				2
2025.02.04	01:48:25.201		0.94141			4
2025.02.04	01:48:25.566		0.94142			4
2025.02.04	01:48:29.072		0.94141			4
2025.02.04	01:48:29.903		0.94140			4
2025.02.04	01:48:30.641		0.94142			4
2025.02.04	01:48:30.946	0.94128	0.94140			6
2025.02.04	01:48:31.353		0.94141			4
2025.02.04	01:48:31.974		0.94142			4
2025.02.04	01:48:32.669		0.94141			4
2025.02.04	01:48:33.736		0.94139			4
2025.02.04	01:48:34.125	0.94131	0.94142			6
2025.02.04	01:48:34.435	0.94129	0.94140			6
2025.02.04	01:48:35.758	0.94133	0.94144			6
2025.02.04	01:48:37.070	0.94132				2
2025.02.04	01:48:37.731	0.94134	0.94143			6
2025.02.04	01:48:41.232	0.94133	0.94144			6
2025.02.04	01:48:41.552		0.94145			4
2025.02.04	01:48:42.023	0.94134	0.94143			6
2025.02.04	01:48:42.926		0.94144			4
2025.02.04	01:48:44.063	0.94133	0.94143			6
2025.02.04	01:48:44.837	0.94138	0.94150			6
2025.02.04	01:48:45.151		0.94151			4
2025.02.04	01:48:48.809		0.94152			4
2025.02.04	01:48:51.107	0.94139	0.94150			6
2025.02.04	01:48:51.409	0.94140	0.94151			6
2025.02.04	01:48:53.401	0.94139	0.94152			6
2025.02.04	01:48:57.310		0.94150			4
2025.02.04	01:49:00.476	0.94141	0.94152			6
2025.02.04	01:49:00.859		0.94151			4
2025.02.04	01:49:03.885	0.94144	0.94154			6
2025.02.04	01:49:04.887	0.94149	0.94159			6
2025.02.04	01:49:05.197		0.94160			4
2025.02.04	01:49:05.503		0.94159			4
2025.02.04	01:49:05.917		0.94158			4
2025.02.04	01:49:08.646		0.94159			4
2025.02.04	01:49:10.631		0.94158			4
2025.02.04	01:49:13.045	0.94150				2
2025.02.04	01:49:13.402	0.94149				2
2025.02.04	01:49:19.451	0.94145	0.94153			6
2025.02.04	01:49:21.674		0.94154			4
2025.02.04	01:49:21.990	0.94144	0.94153			6
2025.02.04	01:49:22.312		0.94152			4
2025.02.04	01:49:22.741		0.94153			4
2025.02.04	01:49:24.192		0.94152			4
2025.02.04	01:49:25.305	0.94142	0.94151			6
2025.02.04	01:49:26.660		0.94150			4
2025.02.04	01:49:27.455	0.94144	0.94152			6
2025.02.04	01:49:27.779	0.94143				2
2025.02.04	01:49:31.721	0.94142	0.94151			6
2025.02.04	01:49:32.046		0.94152			4
2025.02.04	01:49:33.980		0.94151			4
2025.02.04	01:49:34.730	0.94141	0.94150			6
2025.02.04	01:49:35.047		0.94149			4
2025.02.04	01:49:35.411		0.94150			4
2025.02.04	01:49:43.206	0.94139	0.94149			6
2025.02.04	01:49:48.529	0.94140	0.94150			6
2025.02.04	01:49:49.773	0.94141				2
2025.02.04	01:49:50.080	0.94139	0.94149			6
2025.02.04	01:49:50.467	0.94145	0.94155			6
2025.02.04	01:49:50.789	0.94144				2
2025.02.04	01:49:51.147	0.94145	0.94154			6
2025.02.04	01:49:52.295	0.94144				2
2025.02.04	01:49:52.611	0.94145	0.94156			6
2025.02.04	01:49:52.997	0.94146	0.94158			6
2025.02.04	01:49:54.150		0.94157			4
2025.02.04	01:49:56.420	0.94145	0.94156			6
2025.02.04	01:49:59.700		0.94155			4
2025.02.04	01:50:00.159	0.94144				2
2025.02.04	01:50:00.464	0.94146	0.94157			6
2025.02.04	01:50:01.220	0.94144	0.94155			6
2025.02.04	01:50:01.871	0.94148	0.94159			6
2025.02.04	01:50:02.227	0.94149				2
2025.02.04	01:50:03.075	0.94150				2
2025.02.04	01:50:03.382		0.94160			4
2025.02.04	01:50:06.186	0.94148	0.94158			6
2025.02.04	01:50:07.934	0.94147				2
2025.02.04	01:50:09.606	0.94144	0.94156			6
2025.02.04	01:50:09.929		0.94155			4
2025.02.04	01:50:10.424		0.94154			4
2025.02.04	01:50:11.380	0.94145	0.94156			6
2025.02.04	01:50:12.070		0.94157			4
2025.02.04	01:50:12.442		0.94156			4
2025.02.04	01:50:15.179		0.94157			4
2025.02.04	01:50:15.570		0.94156			4
2025.02.04	01:50:15.988	0.94143	0.94154			6
2025.02.04	01:50:21.167	0.94142	0.94153			6
2025.02.04	01:50:22.275		0.94152			4
2025.02.04	01:50:23.926	0.94143	0.94153			6
2025.02.04	01:50:25.728	0.94144	0.94156			6
2025.02.04	01:50:28.579	0.94146	0.94157			6
2025.02.04	01:50:28.883	0.94147	0.94158			6
2025.02.04	01:50:29.188	0.94146	0.94157			6
2025.02.04	01:50:30.234		0.94158			4
2025.02.04	01:50:30.661		0.94157			4
2025.02.04	01:50:30.987	0.94147				2
2025.02.04	01:50:31.429	0.94146				2
2025.02.04	01:50:34.651		0.94156			4
2025.02.04	01:50:35.265		0.94157			4
2025.02.04	01:50:36.145	0.94147				2
2025.02.04	01:50:38.333	0.94148	0.94158			6
2025.02.04	01:50:39.472	0.94147				2
2025.02.04	01:50:41.921		0.94157			4
2025.02.04	01:50:42.614	0.94145	0.94156			6
2025.02.04	01:50:44.045	0.94147	0.94158			6
2025.02.04	01:50:45.339	0.94146	0.94157			6
2025.02.04	01:50:45.664	0.94147				2
2025.02.04	01:50:45.980	0.94146	0.94155			6
2025.02.04	01:50:46.283	0.94145				2
2025.02.04	01:50:47.441	0.94147	0.94159			6
2025.02.04	01:50:48.320		0.94157			4
2025.02.04	01:50:54.931	0.94144	0.94156			6
2025.02.04	01:50:57.367		0.94155			4
2025.02.04	01:50:58.371	0.94143	0.94154			6
2025.02.04	01:51:00.315	0.94143				2
2025.02.04	01:51:00.639		0.94153			4
2025.02.04	01:51:02.180	0.94140	0.94152			6
2025.02.04	01:51:02.498		0.94151			4
2025.02.04	01:51:03.179	0.94139				2
2025.02.04	01:51:04.755	0.94141				2
2025.02.04	01:51:08.792	0.94138	0.94150			6
2025.02.04	01:51:09.108	0.94141	0.94151			6
2025.02.04	01:51:12.407	0.94140				2
2025.02.04	01:51:12.722	0.94139				2
2025.02.04	01:51:13.057	0.94141				2
2025.02.04	01:51:13.425	0.94139	0.94150			6
2025.02.04	01:51:13.759	0.94138				2
2025.02.04	01:51:16.718		0.94149			4
2025.02.04	01:51:17.778		0.94148			4
2025.02.04	01:51:18.256	0.94137	0.94149			6
2025.02.04	01:51:24.026	0.94139				2
2025.02.04	01:51:26.130	0.94138				2
2025.02.04	01:51:27.688		0.94148			4
2025.02.04	01:51:29.750	0.94137				2
2025.02.04	01:51:34.683	0.94136	0.94147			6
2025.02.04	01:51:41.251		0.94146			4
2025.02.04	01:51:42.450	0.94137	0.94147			6
2025.02.04	01:51:44.792	0.94138	0.94149			6
2025.02.04	01:51:47.794		0.94148			4
2025.02.04	01:51:48.295	0.94137				2
2025.02.04	01:51:50.127	0.94136	0.94147			6
2025.02.04	01:51:58.469	0.94143	0.94153			6
2025.02.04	01:51:59.459	0.94141	0.94151			6
2025.02.04	01:51:59.805	0.94139				2
2025.02.04	01:52:00.474	0.94139				2
2025.02.04	01:52:01.330		0.94150			4
2025.02.04	01:52:02.499		0.94151			4
2025.02.04	01:52:04.834		0.94150			4
2025.02.04	01:52:10.861	0.94143	0.94154			6
2025.02.04	01:52:13.184	0.94145	0.94155			6
2025.02.04	01:52:18.544		0.94156			4
2025.02.04	01:52:18.978	0.94146	0.94157			6
2025.02.04	01:52:19.751	0.94148	0.94159			6
2025.02.04	01:52:20.791	0.94150	0.94161			6
2025.02.04	01:52:21.680	0.94147	0.94159			6
2025.02.04	01:52:23.053	0.94148	0.94160			6
2025.02.04	01:52:27.330	0.94149				2
2025.02.04	01:52:27.693	0.94151	0.94161			6
2025.02.04	01:52:29.912	0.94149				2
2025.02.04	01:52:30.222		0.94160			4
2025.02.04	01:52:30.928		0.94161			4
2025.02.04	01:52:32.799	0.94150				2
2025.02.04	01:52:34.344	0.94154	0.94164			6
2025.02.04	01:52:34.653		0.94165			4
2025.02.04	01:52:35.460	0.94155				2
2025.02.04	01:52:37.240	0.94156	0.94166			6
2025.02.04	01:52:40.473	0.94155				2
2025.02.04	01:52:41.263		0.94165			4
2025.02.04	01:52:43.187	0.94156	0.94167			6
2025.02.04	01:52:44.350		0.94166			4
2025.02.04	01:52:47.550	0.94155	0.94165			6
2025.02.04	01:52:51.943	0.94152	0.94162			6
2025.02.04	01:52:52.351	0.94151	0.94163			6
2025.02.04	01:52:52.653	0.94152				2
2025.02.04	01:53:00.380	0.94152				2
2025.02.04	01:53:03.910		0.94162			4
2025.02.04	01:53:04.286		0.94163			4
2025.02.04	01:53:04.641		0.94162			4
2025.02.04	01:53:12.123		0.94163			4
2025.02.04	01:53:13.616	0.94151	0.94162			6
2025.02.04	01:53:13.926		0.94163			4
2025.02.04	01:53:15.191	0.94152				2
2025.02.04	01:53:19.087		0.94162			4
2025.02.04	01:53:24.543		0.94161			4
2025.02.04	01:53:24.845	0.94151	0.94162			6
2025.02.04	01:53:31.213	0.94150	0.94160			6
2025.02.04	01:53:31.522	0.94149				2
2025.02.04	01:53:37.700	0.94148	0.94159			6
2025.02.04	01:53:38.310		0.94158			4
2025.02.04	01:53:39.986		0.94157			4
2025.02.04	01:53:45.588		0.94156			4
2025.02.04	01:53:47.502	0.94147	0.94157			6
2025.02.04	01:53:51.835		0.94156			4
2025.02.04	01:53:54.561	0.94148	0.94157			6
2025.02.04	01:53:56.613		0.94158			4
2025.02.04	01:53:56.932	0.94146	0.94157			6
2025.02.04	01:53:57.244		0.94156			4
2025.02.04	01:53:58.606	0.94145	0.94155			6
2025.02.04	01:54:00.527	0.94145				2
2025.02.04	01:54:02.562	0.94144	0.94154			6
2025.02.04	01:54:03.396	0.94143				2
2025.02.04	01:54:05.597		0.94153			4
2025.02.04	01:54:06.267	0.94146	0.94157			6
2025.02.04	01:54:07.650		0.94156			4
2025.02.04	01:54:08.357	0.94147				2
2025.02.04	01:54:09.373	0.94144	0.94154			6
2025.02.04	01:54:10.811	0.94150	0.94158			6
2025.02.04	01:54:11.882	0.94149	0.94157			6
2025.02.04	01:54:12.663		0.94158			4
2025.02.04	01:54:16.964	0.94147	0.94157			6
2025.02.04	01:54:17.321	0.94150	0.94158			6
2025.02.04	01:54:18.816		0.94159			4
2025.02.04	01:54:20.586	0.94149				2
2025.02.04	01:54:22.965		0.94160			4
2025.02.04	01:54:25.725	0.94147	0.94158			6
2025.02.04	01:54:26.047	0.94150	0.94159			6
2025.02.04	01:54:26.749	0.94146	0.94157			6
2025.02.04	01:54:27.671		0.94155			4
2025.02.04	01:54:27.983	0.94143	0.94153			6
2025.02.04	01:54:28.859	0.94141	0.94152			6
2025.02.04	01:54:29.163	0.94143	0.94154			6
2025.02.04	01:54:30.977		0.94153			4
2025.02.04	01:54:33.341	0.94142	0.94152			6
2025.02.04	01:54:34.292		0.94153			4
2025.02.04	01:54:36.993		0.94152			4
2025.02.04	01:54:43.706	0.94141				2
2025.02.04	01:54:55.313	0.94138	0.94148			6
2025.02.04	01:54:55.844		0.94149			4
2025.02.04	01:54:57.412		0.94147			4
2025.02.04	01:54:59.547		0.94148			4
2025.02.04	01:55:00.492	0.94138				2
2025.02.04	01:55:01.199	0.94140	0.94150			6
2025.02.04	01:55:01.649		0.94151			4
2025.02.04	01:55:01.973	0.94142	0.94152			6
2025.02.04	01:55:03.305	0.94139	0.94150			6
2025.02.04	01:55:05.151		0.94149			4
2025.02.04	01:55:05.452	0.94134	0.94144			6
2025.02.04	01:55:06.763	0.94137	0.94147			6
2025.02.04	01:55:07.216		0.94148			4
2025.02.04	01:55:07.731	0.94138	0.94149			6
2025.02.04	01:55:08.622	0.94140				2
2025.02.04	01:55:08.949		0.94151			4
2025.02.04	01:55:10.312	0.94141	0.94152			6
2025.02.04	01:55:10.621	0.94142	0.94153			6
2025.02.04	01:55:14.785		0.94152			4
2025.02.04	01:55:15.526		0.94153			4
2025.02.04	01:55:17.614	0.94141				2
2025.02.04	01:55:20.700	0.94142	0.94151			6
2025.02.04	01:55:21.025		0.94153			4
2025.02.04	01:55:23.598	0.94143	0.94154			6
2025.02.04	01:55:23.912		0.94153			4
2025.02.04	01:55:25.573		0.94154			4
2025.02.04	01:55:28.503	0.94145				2
2025.02.04	01:55:29.373	0.94144				2
2025.02.04	01:55:31.373	0.94145				2
2025.02.04	01:55:31.940		0.94155			4
2025.02.04	01:55:32.505		0.94154			4
2025.02.04	01:55:34.293	0.94144	0.94155			6
2025.02.04	01:55:37.399		0.94153			4
2025.02.04	01:55:38.146	0.94148	0.94157			6
2025.02.04	01:55:44.866		0.94156			4
2025.02.04	01:55:45.265		0.94157			4
2025.02.04	01:55:45.584		0.94156			4
2025.02.04	01:55:45.934		0.94157			4
2025.02.04	01:55:46.673	0.94146	0.94158			6
2025.02.04	01:55:47.835		0.94157			4
2025.02.04	01:55:48.196		0.94158			4
2025.02.04	01:55:56.478		0.94157			4
2025.02.04	01:55:59.773		0.94158			4
2025.02.04	01:56:00.213	0.94146	0.94157			6
2025.02.04	01:56:00.779		0.94158			4
2025.02.04	01:56:04.356	0.94147				2
2025.02.04	01:56:06.033		0.94157			4
2025.02.04	01:56:06.522		0.94158			4
2025.02.04	01:56:07.464		0.94157			4
2025.02.04	01:56:08.585	0.94146				2
2025.02.04	01:56:09.860	0.94147	0.94158			6
2025.02.04	01:56:10.690	0.94149	0.94159			6
2025.02.04	01:56:17.226	0.94147	0.94157			6
2025.02.04	01:56:17.571	0.94146	0.94158			6
2025.02.04	01:56:19.198		0.94157			4
2025.02.04	01:56:19.563		0.94158			4
2025.02.04	01:56:20.030		0.94157			4
2025.02.04	01:56:20.577		0.94158			4
2025.02.04	01:56:23.984	0.94145				2
2025.02.04	01:56:26.877		0.94157			4
2025.02.04	01:56:27.726	0.94146	0.94158			6
2025.02.04	01:56:29.348	0.94147	0.94157			6
2025.02.04	01:56:29.704		0.94156			4
2025.02.04	01:56:30.004		0.94159			4
2025.02.04	01:56:34.295	0.94150	0.94160			6
2025.02.04	01:56:34.602	0.94147	0.94159			6
2025.02.04	01:56:34.906		0.94157			4
2025.02.04	01:56:38.425	0.94146				2
2025.02.04	01:56:39.151	0.94147	0.94159			6
2025.02.04	01:56:40.284		0.94158			4
2025.02.04	01:56:40.654		0.94157			4
2025.02.04	01:56:41.160	0.94145	0.94158			6
2025.02.04	01:56:44.605		0.94159			4
2025.02.04	01:56:44.907		0.94158			4
2025.02.04	01:56:45.488	0.94149	0.94160			6
2025.02.04	01:56:46.513		0.94161			4
2025.02.04	01:56:47.366		0.94163			4
2025.02.04	01:56:47.675		0.94159			4
2025.02.04	01:56:52.939	0.94148				2
2025.02.04	01:56:53.259	0.94146	0.94158			6
2025.02.04	01:56:54.926	0.94147	0.94160			6
2025.02.04	01:56:57.125	0.94145	0.94156			6
2025.02.04	01:57:00.171	0.94145				2
2025.02.04	01:57:00.490		0.94157			4
2025.02.04	01:57:04.021		0.94156			4
2025.02.04	01:57:07.361		0.94158			4
2025.02.04	01:57:09.684		0.94157			4
2025.02.04	01:57:12.093	0.94140	0.94154			6
2025.02.04	01:57:12.401		0.94153			4
2025.02.04	01:57:13.659	0.94139				2
2025.02.04	01:57:13.984	0.94140				2
2025.02.04	01:57:15.274		0.94152			4
2025.02.04	01:57:16.426		0.94153			4
2025.02.04	01:57:17.922		0.94154			4
2025.02.04	01:57:18.635		0.94153			4
2025.02.04	01:57:19.669		0.94154			4
2025.02.04	01:57:21.307	0.94141	0.94153			6
2025.02.04	01:57:21.610		0.94154			4
2025.02.04	01:57:22.623		0.94155			4
