<DATE>	<TIME>	<BID>	<ASK>	<LAST>	<VOLUME>	<FLAGS>
2025.10.21	00:03:30.742	0.92179	0.92331			6
2025.10.21	00:04:00.333	0.92179				2
2025.10.21	00:04:35.358		0.92331			4
2025.10.21	00:05:00.443	0.92179				2
2025.10.21	00:05:36.350		0.92331			4
2025.10.21	00:06:04.345	0.92179				2
2025.10.21	00:06:37.566		0.92331			4
2025.10.21	00:07:01.124	0.92179				2
2025.10.21	00:07:37.569		0.92331			4
2025.10.21	00:08:01.632	0.92179				2
2025.10.21	00:09:00.355	0.92179	0.92331			6
2025.10.21	00:10:00.379	0.92179	0.92314			6
2025.10.21	00:10:01.395	0.92163				2
2025.10.21	00:10:11.420	0.92185	0.92305			6
2025.10.21	00:10:43.140		0.92304			4
2025.10.21	00:10:47.034		0.92305			4
2025.10.21	00:11:04.924	0.92179	0.92327			6
2025.10.21	00:11:06.206		0.92314			4
2025.10.21	00:11:07.731	0.92185	0.92305			6
2025.10.21	00:11:08.719	0.92179	0.92314			6
2025.10.21	00:11:14.522	0.92185	0.92305			6
2025.10.21	00:11:15.508	0.92179	0.92314			6
2025.10.21	00:11:21.336	0.92185	0.92305			6
2025.10.21	00:11:22.332	0.92179	0.92314			6
2025.10.21	00:11:28.149	0.92185	0.92305			6
2025.10.21	00:11:29.138	0.92179	0.92314			6
2025.10.21	00:11:34.883	0.92185	0.92305			6
2025.10.21	00:11:35.934	0.92179	0.92314			6
2025.10.21	00:12:00.083	0.92179				2
2025.10.21	00:12:03.383		0.92313			4
2025.10.21	00:12:08.240		0.92312			4
2025.10.21	00:12:55.887		0.92311			4
2025.10.21	00:13:03.386	0.92179				2
2025.10.21	00:13:31.777		0.92317			4
2025.10.21	00:13:42.984		0.92316			4
2025.10.21	00:14:04.786	0.92179				2
2025.10.21	00:14:11.312		0.92317			4
2025.10.21	00:14:15.626		0.92316			4
2025.10.21	00:14:24.384		0.92315			4
2025.10.21	00:14:24.697		0.92317			4
2025.10.21	00:14:32.487		0.92316			4
2025.10.21	00:15:00.087	0.92179				2
2025.10.21	00:15:05.413		0.92317			4
2025.10.21	00:15:05.725		0.92315			4
2025.10.21	00:15:06.383		0.92316			4
2025.10.21	00:15:28.363		0.92318			4
2025.10.21	00:15:41.038		0.92317			4
2025.10.21	00:16:01.780	0.92179				2
2025.10.21	00:16:41.184		0.92317			4
2025.10.21	00:17:02.067	0.92179				2
2025.10.21	00:17:18.688		0.92316			4
2025.10.21	00:18:03.830	0.92179				2
2025.10.21	00:18:20.368		0.92316			4
2025.10.21	00:18:29.418	0.92187				2
2025.10.21	00:19:01.125	0.92187				2
2025.10.21	00:19:22.856		0.92314			4
2025.10.21	00:19:36.384		0.92315			4
2025.10.21	00:20:03.983	0.92187				2
2025.10.21	00:20:08.484		0.92316			4
2025.10.21	00:21:05.184	0.92187				2
2025.10.21	00:21:09.685		0.92315			4
2025.10.21	00:22:00.373	0.92187				2
2025.10.21	00:22:05.031		0.92313			4
2025.10.21	00:22:05.336	0.92173				2
2025.10.21	00:22:51.983		0.92312			4
2025.10.21	00:23:01.124	0.92173				2
2025.10.21	00:23:20.062		0.92313			4
2025.10.21	00:23:25.695		0.92310			4
2025.10.21	00:23:44.421	0.92175				2
2025.10.21	00:23:56.249	0.92176				2
2025.10.21	00:23:57.083		0.92309			4
2025.10.21	00:24:01.730	0.92176				2
2025.10.21	00:24:07.364	0.92184	0.92310			6
2025.10.21	00:24:26.212		0.92311			4
2025.10.21	00:24:29.184		0.92312			4
2025.10.21	00:25:00.373	0.92184				2
2025.10.21	00:25:33.427		0.92312			4
2025.10.21	00:26:01.126	0.92184				2
2025.10.21	00:26:02.678		0.92316			4
2025.10.21	00:26:03.116		0.92317			4
2025.10.21	00:26:04.005		0.92316			4
2025.10.21	00:26:10.313		0.92315			4
2025.10.21	00:26:18.414		0.92316			4
2025.10.21	00:26:19.868		0.92315			4
2025.10.21	00:26:23.036		0.92317			4
2025.10.21	00:26:25.285		0.92316			4
2025.10.21	00:26:48.983		0.92317			4
2025.10.21	00:26:56.051		0.92314			4
2025.10.21	00:27:00.385	0.92184				2
2025.10.21	00:27:07.373		0.92313			4
2025.10.21	00:27:17.015		0.92307			4
2025.10.21	00:27:22.133		0.92300			4
2025.10.21	00:28:06.055	0.92184				2
2025.10.21	00:28:24.108		0.92300			4
2025.10.21	00:28:35.739		0.92297			4
2025.10.21	00:28:37.170		0.92296			4
2025.10.21	00:28:40.722		0.92298			4
2025.10.21	00:29:05.197	0.92184				2
2025.10.21	00:29:17.324	0.92179				2
2025.10.21	00:29:17.750	0.92174	0.92299			6
2025.10.21	00:29:26.346	0.92184	0.92298			6
2025.10.21	00:30:00.409	0.92184	0.92299			6
2025.10.21	00:30:01.488		0.92300			4
2025.10.21	00:30:03.290	0.92189	0.92299			6
2025.10.21	00:30:04.297		0.92300			4
2025.10.21	00:30:39.736		0.92299			4
2025.10.21	00:31:00.416	0.92189				2
2025.10.21	00:31:05.422		0.92298			4
2025.10.21	00:31:06.083		0.92299			4
2025.10.21	00:31:18.369		0.92298			4
2025.10.21	00:31:25.710		0.92299			4
2025.10.21	00:31:32.302		0.92301			4
2025.10.21	00:31:33.379		0.92300			4
2025.10.21	00:31:36.289		0.92304			4
2025.10.21	00:31:44.020	0.92181				2
2025.10.21	00:31:46.885		0.92303			4
2025.10.21	00:31:51.618		0.92302			4
2025.10.21	00:32:00.651	0.92181				2
2025.10.21	00:32:01.125	0.92176				2
2025.10.21	00:32:03.758		0.92301			4
2025.10.21	00:32:17.617		0.92300			4
2025.10.21	00:32:21.808		0.92301			4
2025.10.21	00:32:36.982		0.92300			4
2025.10.21	00:33:00.386	0.92176				2
2025.10.21	00:33:03.982		0.92301			4
2025.10.21	00:33:25.064	0.92174	0.92303			6
2025.10.21	00:33:25.442	0.92184				2
2025.10.21	00:33:25.783	0.92178				2
2025.10.21	00:33:32.020	0.92187				2
2025.10.21	00:33:34.283		0.92302			4
2025.10.21	00:33:48.275		0.92303			4
2025.10.21	00:33:56.303		0.92302			4
2025.10.21	00:34:00.355	0.92187				2
2025.10.21	00:34:01.876	0.92184	0.92301			6
2025.10.21	00:34:03.683		0.92302			4
2025.10.21	00:34:09.384		0.92301			4
2025.10.21	00:34:15.045	0.92180				2
2025.10.21	00:34:17.613		0.92300			4
2025.10.21	00:34:18.316	0.92181	0.92301			6
2025.10.21	00:34:25.816	0.92183				2
2025.10.21	00:34:46.302	0.92184				2
2025.10.21	00:34:59.609	0.92183	0.92300			6
2025.10.21	00:35:00.309	0.92182	0.92302			6
2025.10.21	00:35:00.929	0.92184				2
2025.10.21	00:35:06.097		0.92301			4
2025.10.21	00:35:08.349	0.92181				2
2025.10.21	00:35:20.657		0.92300			4
2025.10.21	00:35:35.996		0.92301			4
2025.10.21	00:35:39.444		0.92300			4
2025.10.21	00:35:44.831		0.92301			4
2025.10.21	00:35:46.800		0.92302			4
2025.10.21	00:35:49.516		0.92301			4
2025.10.21	00:35:54.360		0.92302			4
2025.10.21	00:35:55.354		0.92301			4
2025.10.21	00:36:00.955	0.92181				2
2025.10.21	00:36:08.541	0.92179	0.92303			6
2025.10.21	00:36:09.038	0.92181	0.92301			6
2025.10.21	00:36:09.446	0.92191	0.92300			6
2025.10.21	00:36:12.086		0.92299			4
2025.10.21	00:36:17.995		0.92300			4
2025.10.21	00:36:19.210	0.92193	0.92302			6
2025.10.21	00:36:21.751	0.92203				2
2025.10.21	00:36:23.108	0.92201	0.92303			6
2025.10.21	00:36:49.440	0.92191	0.92300			6
2025.10.21	00:36:59.448	0.92197	0.92303			6
2025.10.21	00:37:00.121	0.92202				2
2025.10.21	00:37:00.623	0.92206	0.92302			6
2025.10.21	00:37:01.829	0.92205				2
2025.10.21	00:37:02.138	0.92203	0.92303			6
2025.10.21	00:37:03.103		0.92304			4
2025.10.21	00:37:03.673	0.92200	0.92303			6
2025.10.21	00:37:04.119	0.92193	0.92300			6
2025.10.21	00:37:05.941	0.92195				2
2025.10.21	00:37:06.345	0.92190				2
2025.10.21	00:37:08.347		0.92301			4
2025.10.21	00:37:17.394	0.92183	0.92299			6
2025.10.21	00:37:17.807	0.92184				2
2025.10.21	00:37:32.246	0.92187				2
2025.10.21	00:37:32.991		0.92300			4
2025.10.21	00:37:38.497	0.92185				2
2025.10.21	00:37:39.867		0.92303			4
2025.10.21	00:37:46.116	0.92184	0.92302			6
2025.10.21	00:37:47.182		0.92301			4
2025.10.21	00:37:49.455	0.92183	0.92304			6
2025.10.21	00:37:49.965	0.92188				2
2025.10.21	00:37:50.954		0.92303			4
2025.10.21	00:37:56.910		0.92304			4
2025.10.21	00:37:58.584		0.92303			4
2025.10.21	00:37:59.449		0.92301			4
2025.10.21	00:38:01.013	0.92188				2
2025.10.21	00:38:07.776	0.92196				2
2025.10.21	00:38:08.412		0.92302			4
2025.10.21	00:38:09.306	0.92205	0.92303			6
2025.10.21	00:38:09.750	0.92191	0.92302			6
2025.10.21	00:38:16.607		0.92301			4
2025.10.21	00:38:27.242	0.92200				2
2025.10.21	00:38:30.984	0.92201	0.92302			6
2025.10.21	00:38:32.690	0.92206	0.92303			6
2025.10.21	00:38:33.545		0.92302			4
2025.10.21	00:38:34.622	0.92204	0.92303			6
2025.10.21	00:38:38.437	0.92190	0.92302			6
2025.10.21	00:38:38.937	0.92195				2
2025.10.21	00:38:39.438	0.92190				2
2025.10.21	00:38:40.899		0.92301			4
2025.10.21	00:39:01.126	0.92190				2
2025.10.21	00:39:01.560		0.92302			4
2025.10.21	00:39:02.619	0.92184				2
2025.10.21	00:39:12.869	0.92190	0.92301			6
2025.10.21	00:39:13.883		0.92302			4
2025.10.21	00:39:28.428		0.92303			4
2025.10.21	00:39:51.087		0.92302			4
2025.10.21	00:40:00.305	0.92190				2
2025.10.21	00:40:17.627	0.92189				2
2025.10.21	00:40:17.950	0.92188				2
2025.10.21	00:40:18.317		0.92301			4
2025.10.21	00:40:24.971		0.92302			4
2025.10.21	00:40:31.087		0.92301			4
2025.10.21	00:40:32.610		0.92302			4
2025.10.21	00:40:36.010		0.92301			4
2025.10.21	00:40:40.933		0.92300			4
2025.10.21	00:40:45.386		0.92301			4
2025.10.21	00:40:53.182		0.92300			4
2025.10.21	00:41:01.536	0.92188				2
2025.10.21	00:41:05.182		0.92299			4
2025.10.21	00:41:06.016		0.92300			4
2025.10.21	00:41:18.316	0.92189				2
2025.10.21	00:41:35.941		0.92299			4
2025.10.21	00:41:56.348	0.92198	0.92301			6
2025.10.21	00:41:56.789	0.92210				2
2025.10.21	00:41:57.799		0.92302			4
2025.10.21	00:42:00.410	0.92210				2
2025.10.21	00:42:05.629	0.92206	0.92301			6
2025.10.21	00:42:06.257	0.92209	0.92302			6
2025.10.21	00:42:08.604		0.92301			4
2025.10.21	00:42:09.107	0.92210	0.92302			6
2025.10.21	00:42:09.430	0.92211				2
2025.10.21	00:42:11.761	0.92210				2
2025.10.21	00:42:13.791	0.92209				2
2025.10.21	00:42:17.628	0.92208				2
2025.10.21	00:42:21.083	0.92184	0.92301			6
2025.10.21	00:42:22.868	0.92189	0.92303			6
2025.10.21	00:42:24.309		0.92302			4
2025.10.21	00:42:25.553	0.92182				2
2025.10.21	00:42:26.043	0.92183				2
2025.10.21	00:42:26.417	0.92206				2
2025.10.21	00:42:28.883		0.92301			4
2025.10.21	00:42:30.478	0.92207	0.92302			6
2025.10.21	00:42:30.980	0.92208				2
2025.10.21	00:42:35.843	0.92209				2
2025.10.21	00:42:45.526	0.92211				2
2025.10.21	00:42:47.449	0.92210				2
2025.10.21	00:42:48.683		0.92303			4
2025.10.21	00:42:49.444	0.92195	0.92300			6
2025.10.21	00:42:54.682		0.92299			4
2025.10.21	00:42:59.482		0.92300			4
2025.10.21	00:43:00.413	0.92195				2
2025.10.21	00:43:06.562		0.92301			4
2025.10.21	00:43:53.769		0.92300			4
2025.10.21	00:44:00.387	0.92197	0.92302			6
2025.10.21	00:44:01.161	0.92209	0.92303			6
2025.10.21	00:44:04.504		0.92302			4
2025.10.21	00:44:05.005	0.92211				2
2025.10.21	00:44:05.517	0.92209	0.92301			6
2025.10.21	00:44:07.414	0.92211	0.92303			6
2025.10.21	00:44:07.913	0.92210				2
2025.10.21	00:44:19.443		0.92304			4
2025.10.21	00:44:29.442	0.92198	0.92301			6
2025.10.21	00:44:29.939	0.92194				2
2025.10.21	00:44:30.408		0.92302			4
2025.10.21	00:44:31.334		0.92300			4
2025.10.21	00:44:50.898		0.92299			4
2025.10.21	00:44:55.396		0.92300			4
2025.10.21	00:45:00.311	0.92194				2
2025.10.21	00:45:03.146	0.92168	0.92302			6
2025.10.21	00:45:05.376	0.92170	0.92304			6
2025.10.21	00:45:06.678	0.92185	0.92301			6
2025.10.21	00:45:08.350	0.92160	0.92308			6
2025.10.21	00:45:08.653	0.92185	0.92301			6
2025.10.21	00:45:10.970	0.92203	0.92283			6
2025.10.21	00:45:19.576	0.92212				2
2025.10.21	00:45:22.282		0.92282			4
2025.10.21	00:45:23.581		0.92283			4
2025.10.21	00:45:39.383		0.92284			4
2025.10.21	00:45:43.882		0.92283			4
2025.10.21	00:45:46.343	0.92202				2
2025.10.21	00:45:59.259		0.92285			4
2025.10.21	00:46:00.351	0.92202				2
2025.10.21	00:46:02.742	0.92223				2
2025.10.21	00:46:03.216	0.92227	0.92286			6
2025.10.21	00:46:03.520	0.92229				2
2025.10.21	00:46:06.124	0.92227				2
2025.10.21	00:46:11.311	0.92229				2
2025.10.21	00:46:14.816	0.92227				2
2025.10.21	00:46:19.523	0.92229				2
2025.10.21	00:46:20.967	0.92227				2
2025.10.21	00:46:28.803		0.92285			4
2025.10.21	00:46:29.445		0.92286			4
2025.10.21	00:46:32.169	0.92229				2
2025.10.21	00:46:37.799	0.92227	0.92285			6
2025.10.21	00:46:39.442	0.92228	0.92286			6
2025.10.21	00:46:41.995	0.92229	0.92285			6
2025.10.21	00:46:42.495	0.92228				2
2025.10.21	00:46:42.995	0.92229				2
2025.10.21	00:46:43.495	0.92228				2
2025.10.21	00:46:43.995	0.92229				2
2025.10.21	00:46:44.494	0.92228				2
2025.10.21	00:46:44.995	0.92229				2
2025.10.21	00:46:45.402	0.92228				2
2025.10.21	00:46:46.421		0.92284			4
2025.10.21	00:46:49.899		0.92285			4
2025.10.21	00:46:50.920	0.92229				2
2025.10.21	00:46:51.375	0.92228				2
2025.10.21	00:46:53.237	0.92213	0.92284			6
2025.10.21	00:46:54.347		0.92285			4
2025.10.21	00:46:55.550	0.92212	0.92284			6
2025.10.21	00:47:00.355	0.92212				2
2025.10.21	00:47:01.883		0.92285			4
2025.10.21	00:47:03.136	0.92185				2
2025.10.21	00:47:04.723	0.92188	0.92286			6
2025.10.21	00:47:06.629	0.92213	0.92284			6
2025.10.21	00:47:08.183		0.92283			4
2025.10.21	00:47:30.486	0.92215				2
2025.10.21	00:47:46.958	0.92203				2
2025.10.21	00:47:47.357	0.92215				2
2025.10.21	00:47:53.558		0.92284			4
2025.10.21	00:47:55.882		0.92285			4
2025.10.21	00:47:56.424	0.92218				2
2025.10.21	00:48:00.683	0.92218	0.92284			6
2025.10.21	00:48:09.445	0.92215				2
2025.10.21	00:48:16.319		0.92279			4
2025.10.21	00:48:16.716		0.92278			4
2025.10.21	00:48:17.928		0.92279			4
2025.10.21	00:48:18.238	0.92208	0.92292			6
2025.10.21	00:48:23.748		0.92284			4
2025.10.21	00:48:59.930	0.92209				2
2025.10.21	00:49:00.413	0.92209				2
2025.10.21	00:49:01.112	0.92210				2
2025.10.21	00:49:07.610	0.92204				2
2025.10.21	00:49:18.440	0.92207				2
2025.10.21	00:49:21.994	0.92208				2
2025.10.21	00:49:24.345		0.92284			4
2025.10.21	00:49:29.447	0.92205				2
2025.10.21	00:49:29.820	0.92203				2
2025.10.21	00:49:30.357	0.92249				2
2025.10.21	00:49:31.014	0.92205				2
2025.10.21	00:49:31.363	0.92223				2
2025.10.21	00:49:31.678	0.92228				2
2025.10.21	00:49:32.166	0.92216				2
2025.10.21	00:49:32.666	0.92253				2
2025.10.21	00:49:33.324	0.92255				2
2025.10.21	00:49:33.665	0.92226				2
2025.10.21	00:49:37.345	0.92216				2
2025.10.21	00:49:37.818	0.92224				2
2025.10.21	00:49:43.374	0.92216				2
2025.10.21	00:49:47.608	0.92210				2
2025.10.21	00:49:48.007	0.92213				2
2025.10.21	00:49:48.318	0.92229				2
2025.10.21	00:49:49.298	0.92226				2
2025.10.21	00:49:50.244	0.92227				2
2025.10.21	00:49:51.123	0.92231				2
2025.10.21	00:49:52.157	0.92227				2
2025.10.21	00:49:54.969	0.92225				2
2025.10.21	00:49:55.419	0.92231				2
2025.10.21	00:49:55.918	0.92222				2
2025.10.21	00:49:56.226	0.92217				2
2025.10.21	00:50:00.308	0.92217	0.92298			6
2025.10.21	00:50:01.011		0.92297			4
2025.10.21	00:50:10.350		0.92299			4
2025.10.21	00:50:16.419	0.92214	0.92298			6
2025.10.21	00:50:21.764		0.92297			4
2025.10.21	00:50:26.483		0.92298			4
2025.10.21	00:50:47.483		0.92302			4
2025.10.21	00:50:47.822	0.92218	0.92303			6
2025.10.21	00:50:48.185	0.92234				2
2025.10.21	00:50:48.629	0.92232				2
2025.10.21	00:50:48.951	0.92235				2
2025.10.21	00:50:49.446	0.92228				2
2025.10.21	00:50:49.788	0.92219	0.92302			6
2025.10.21	00:50:59.446	0.92225	0.92303			6
2025.10.21	00:51:00.357	0.92231				2
2025.10.21	00:51:05.215		0.92304			4
2025.10.21	00:51:09.448	0.92217	0.92299			6
2025.10.21	00:51:19.284	0.92228	0.92304			6
2025.10.21	00:51:19.602	0.92241				2
2025.10.21	00:51:19.920	0.92242				2
2025.10.21	00:51:22.332	0.92227	0.92301			6
2025.10.21	00:51:22.664	0.92219				2
2025.10.21	00:51:24.510		0.92300			4
2025.10.21	00:51:28.998		0.92299			4
2025.10.21	00:51:43.978		0.92300			4
2025.10.21	00:51:47.615		0.92299			4
2025.10.21	00:52:02.483	0.92219	0.92298			6
2025.10.21	00:52:12.984		0.92299			4
2025.10.21	00:52:22.696	0.92215	0.92300			6
2025.10.21	00:53:00.413	0.92215				2
2025.10.21	00:53:14.989	0.92222	0.92301			6
2025.10.21	00:53:15.544	0.92227	0.92303			6
2025.10.21	00:53:16.860	0.92217	0.92299			6
2025.10.21	00:53:17.512	0.92220	0.92300			6
2025.10.21	00:53:42.685		0.92301			4
2025.10.21	00:53:49.022		0.92303			4
2025.10.21	00:53:49.574	0.92225				2
2025.10.21	00:53:49.978	0.92219	0.92301			6
2025.10.21	00:53:50.970		0.92300			4
2025.10.21	00:54:00.909	0.92219				2
2025.10.21	00:54:01.722	0.92224				2
2025.10.21	00:54:06.423	0.92218	0.92301			6
2025.10.21	00:54:07.364		0.92302			4
2025.10.21	00:54:09.983		0.92303			4
2025.10.21	00:54:20.809		0.92302			4
2025.10.21	00:54:21.230		0.92301			4
2025.10.21	00:54:28.405		0.92300			4
2025.10.21	00:54:30.854		0.92301			4
2025.10.21	00:54:34.886		0.92302			4
2025.10.21	00:54:36.087		0.92303			4
2025.10.21	00:54:40.900		0.92301			4
2025.10.21	00:54:41.406	0.92213				2
2025.10.21	00:54:49.988	0.92219	0.92299			6
2025.10.21	00:54:50.358	0.92213	0.92301			6
2025.10.21	00:54:51.461	0.92219	0.92303			6
2025.10.21	00:54:51.995	0.92217	0.92302			6
2025.10.21	00:54:56.431	0.92216	0.92301			6
2025.10.21	00:54:57.444	0.92218	0.92302			6
2025.10.21	00:54:57.949	0.92219	0.92303			6
2025.10.21	00:54:58.493	0.92223				2
2025.10.21	00:55:00.410	0.92223	0.92301			6
2025.10.21	00:55:02.194		0.92302			4
2025.10.21	00:55:04.282		0.92301			4
2025.10.21	00:55:04.865	0.92219	0.92300			6
2025.10.21	00:55:05.261		0.92298			4
2025.10.21	00:55:10.902		0.92297			4
2025.10.21	00:55:14.454	0.92213	0.92296			6
2025.10.21	00:55:15.133		0.92298			4
2025.10.21	00:55:15.445	0.92216	0.92299			6
2025.10.21	00:55:16.425		0.92300			4
2025.10.21	00:55:16.920		0.92299			4
2025.10.21	00:55:18.348		0.92301			4
2025.10.21	00:55:19.726	0.92238	0.92304			6
2025.10.21	00:55:20.162	0.92236				2
2025.10.21	00:55:20.610	0.92226				2
2025.10.21	00:55:20.917	0.92208	0.92298			6
2025.10.21	00:55:21.520		0.92296			4
2025.10.21	00:55:24.557		0.92300			4
2025.10.21	00:55:25.498		0.92301			4
2025.10.21	00:55:26.435		0.92302			4
2025.10.21	00:55:27.501		0.92303			4
2025.10.21	00:55:30.229	0.92207				2
2025.10.21	00:55:30.537	0.92246	0.92304			6
2025.10.21	00:55:31.177		0.92305			4
2025.10.21	00:55:36.416	0.92207	0.92304			6
2025.10.21	00:55:39.684		0.92305			4
2025.10.21	00:55:40.156	0.92247	0.92304			6
2025.10.21	00:55:40.730	0.92207	0.92306			6
2025.10.21	00:55:41.485	0.92246	0.92304			6
2025.10.21	00:55:41.928	0.92207	0.92306			6
2025.10.21	00:55:42.486		0.92305			4
2025.10.21	00:55:43.374		0.92304			4
2025.10.21	00:55:46.149		0.92305			4
2025.10.21	00:55:47.487		0.92306			4
2025.10.21	00:55:49.441	0.92210	0.92302			6
2025.10.21	00:55:49.918		0.92301			4
2025.10.21	00:56:00.117	0.92210				2
2025.10.21	00:56:00.869		0.92302			4
2025.10.21	00:56:08.293		0.92303			4
2025.10.21	00:56:13.885	0.92207	0.92301			6
2025.10.21	00:56:29.484		0.92302			4
2025.10.21	00:56:36.984	0.92209	0.92301			6
2025.10.21	00:56:45.084		0.92302			4
2025.10.21	00:56:50.906	0.92213				2
2025.10.21	00:56:53.483		0.92303			4
2025.10.21	00:57:00.203	0.92213				2
2025.10.21	00:57:03.906	0.92210	0.92300			6
2025.10.21	00:57:05.707		0.92299			4
2025.10.21	00:57:08.782		0.92300			4
2025.10.21	00:57:16.916	0.92235	0.92312			6
2025.10.21	00:57:17.217	0.92225	0.92320			6
2025.10.21	00:57:17.530	0.92241	0.92322			6
2025.10.21	00:57:17.849	0.92245	0.92325			6
2025.10.21	00:57:18.256		0.92326			4
2025.10.21	00:57:18.729	0.92243	0.92322			6
2025.10.21	00:57:19.292		0.92321			4
2025.10.21	00:57:36.430	0.92238	0.92317			6
2025.10.21	00:57:48.012	0.92235	0.92316			6
2025.10.21	00:57:48.323	0.92229	0.92317			6
2025.10.21	00:57:52.487		0.92316			4
2025.10.21	00:57:55.054		0.92317			4
2025.10.21	00:57:57.083		0.92316			4
2025.10.21	00:57:57.420	0.92228				2
2025.10.21	00:58:00.684	0.92228				2
2025.10.21	00:58:02.739		0.92315			4
2025.10.21	00:58:05.483	0.92246	0.92329			6
2025.10.21	00:58:05.786	0.92276				2
2025.10.21	00:58:07.301	0.92279				2
2025.10.21	00:58:11.701	0.92250	0.92332			6
2025.10.21	00:58:12.201	0.92277	0.92330			6
2025.10.21	00:58:12.702	0.92248	0.92332			6
2025.10.21	00:58:16.308	0.92247	0.92329			6
2025.10.21	00:58:16.806	0.92278	0.92327			6
2025.10.21	00:58:17.130	0.92247	0.92329			6
2025.10.21	00:58:17.810	0.92248				2
2025.10.21	00:58:18.305	0.92247				2
2025.10.21	00:58:23.935	0.92235	0.92317			6
2025.10.21	00:58:34.415	0.92225				2
2025.10.21	00:58:35.224	0.92234	0.92316			6
2025.10.21	00:58:36.439	0.92240	0.92322			6
2025.10.21	00:58:36.857	0.92236	0.92329			6
2025.10.21	00:58:37.513	0.92244				2
2025.10.21	00:58:40.430	0.92237	0.92318			6
2025.10.21	00:58:48.086	0.92250	0.92330			6
2025.10.21	00:58:48.614	0.92248				2
2025.10.21	00:58:49.242	0.92241	0.92322			6
2025.10.21	00:58:49.675	0.92244				2
2025.10.21	00:58:50.000	0.92247	0.92326			6
2025.10.21	00:58:56.427	0.92221	0.92311			6
2025.10.21	00:59:00.383	0.92221				2
2025.10.21	00:59:16.995	0.92217	0.92305			6
2025.10.21	00:59:17.991	0.92214	0.92304			6
2025.10.21	01:00:00.083	0.92209	0.92302			6
2025.10.21	01:00:00.400	0.92216	0.92311			6
2025.10.21	01:00:01.231	0.92222				2
2025.10.21	01:00:01.631	0.92228	0.92306			6
2025.10.21	01:00:03.344	0.92160	0.92342			6
2025.10.21	01:00:04.936	0.92159	0.92344			6
2025.10.21	01:00:05.284	0.92185	0.92337			6
2025.10.21	01:00:05.905	0.92186				2
2025.10.21	01:00:06.207	0.92163	0.92336			6
2025.10.21	01:00:06.535	0.92148	0.92328			6
2025.10.21	01:00:06.838	0.92162	0.92344			6
2025.10.21	01:00:07.141	0.92229	0.92287			6
2025.10.21	01:00:07.584	0.92233	0.92285			6
2025.10.21	01:00:12.409		0.92282			4
2025.10.21	01:00:16.204	0.92237	0.92281			6
2025.10.21	01:00:17.620		0.92278			4
2025.10.21	01:00:19.146	0.92233	0.92275			6
2025.10.21	01:00:21.227	0.92237	0.92278			6
2025.10.21	01:00:21.528	0.92233	0.92277			6
2025.10.21	01:00:22.936	0.92237				2
2025.10.21	01:00:25.085	0.92233				2
2025.10.21	01:00:26.183	0.92234				2
2025.10.21	01:00:30.084		0.92278			4
2025.10.21	01:00:40.309	0.92239				2
2025.10.21	01:00:40.896	0.92241				2
2025.10.21	01:00:41.380	0.92239				2
2025.10.21	01:00:41.896	0.92243				2
2025.10.21	01:00:43.170	0.92234				2
2025.10.21	01:00:44.110	0.92237	0.92266			6
2025.10.21	01:00:46.426		0.92265			4
2025.10.21	01:00:48.351	0.92247				2
2025.10.21	01:00:48.680	0.92249				2
2025.10.21	01:00:49.277	0.92250				2
2025.10.21	01:00:49.785	0.92240	0.92267			6
2025.10.21	01:00:51.275	0.92237				2
2025.10.21	01:00:56.601	0.92236				2
2025.10.21	01:01:00.307	0.92235				2
2025.10.21	01:01:03.194	0.92239				2
2025.10.21	01:01:03.572	0.92242	0.92268			6
2025.10.21	01:01:06.345		0.92267			4
2025.10.21	01:01:10.498	0.92243				2
2025.10.21	01:01:11.410	0.92242				2
2025.10.21	01:01:16.271	0.92239	0.92266			6
2025.10.21	01:01:17.866		0.92267			4
2025.10.21	01:01:18.373	0.92244				2
2025.10.21	01:01:19.434	0.92245				2
2025.10.21	01:01:22.679	0.92246				2
2025.10.21	01:01:23.120	0.92247				2
2025.10.21	01:01:23.783		0.92268			4
2025.10.21	01:01:25.951	0.92249				2
2025.10.21	01:01:29.182	0.92243				2
2025.10.21	01:01:29.490	0.92240	0.92269			6
2025.10.21	01:01:30.848	0.92241				2
2025.10.21	01:01:33.628	0.92240				2
2025.10.21	01:01:34.954	0.92239				2
2025.10.21	01:01:38.782	0.92237				2
2025.10.21	01:01:39.452	0.92243				2
2025.10.21	01:01:39.800	0.92246				2
2025.10.21	01:01:43.052	0.92247				2
2025.10.21	01:01:49.448	0.92237				2
2025.10.21	01:01:59.185	0.92239				2
2025.10.21	01:01:59.494	0.92241				2
2025.10.21	01:02:00.272	0.92245				2
2025.10.21	01:02:06.084	0.92244				2
2025.10.21	01:02:06.412	0.92246				2
2025.10.21	01:02:07.382	0.92248				2
2025.10.21	01:02:07.699	0.92250				2
2025.10.21	01:02:09.353	0.92249				2
2025.10.21	01:02:10.766	0.92250				2
2025.10.21	01:02:11.928	0.92237				2
2025.10.21	01:02:13.192	0.92238	0.92267			6
2025.10.21	01:03:00.355	0.92237	0.92269			6
2025.10.21	01:03:03.383	0.92239	0.92268			6
2025.10.21	01:03:14.758	0.92237	0.92269			6
2025.10.21	01:03:18.593	0.92239	0.92268			6
2025.10.21	01:03:21.715	0.92243	0.92269			6
2025.10.21	01:03:32.058	0.92244				2
2025.10.21	01:03:42.354	0.92243				2
2025.10.21	01:03:56.509	0.92239	0.92268			6
2025.10.21	01:03:57.981	0.92240				2
2025.10.21	01:04:00.357	0.92240				2
2025.10.21	01:04:07.585	0.92243	0.92269			6
2025.10.21	01:04:08.040	0.92244				2
2025.10.21	01:04:13.434	0.92243				2
2025.10.21	01:04:23.784	0.92242	0.92268			6
2025.10.21	01:04:24.166	0.92241				2
2025.10.21	01:04:30.984	0.92242				2
2025.10.21	01:04:43.284	0.92244	0.92269			6
2025.10.21	01:04:43.611	0.92240	0.92267			6
2025.10.21	01:04:50.235	0.92241	0.92268			6
2025.10.21	01:04:51.339	0.92242				2
2025.10.21	01:04:52.283	0.92243				2
2025.10.21	01:04:59.293	0.92242				2
2025.10.21	01:05:00.356	0.92242				2
2025.10.21	01:05:21.683	0.92243				2
2025.10.21	01:05:50.356		0.92268			4
2025.10.21	01:06:00.083	0.92243				2
2025.10.21	01:06:10.884	0.92247				2
2025.10.21	01:06:13.914	0.92245				2
2025.10.21	01:06:23.782	0.92246				2
2025.10.21	01:06:26.285	0.92248	0.92269			6
2025.10.21	01:06:28.456	0.92246	0.92268			6
2025.10.21	01:06:29.927	0.92245				2
2025.10.21	01:06:39.384		0.92269			4
2025.10.21	01:06:58.215		0.92268			4
2025.10.21	01:07:00.944	0.92245				2
2025.10.21	01:07:01.284		0.92269			4
2025.10.21	01:07:30.399		0.92268			4
2025.10.21	01:07:33.386		0.92269			4
2025.10.21	01:08:00.086	0.92245				2
2025.10.21	01:08:28.583	0.92248	0.92270			6
2025.10.21	01:08:32.252		0.92268			4
2025.10.21	01:08:32.783	0.92249				2
2025.10.21	01:08:33.684	0.92248				2
2025.10.21	01:08:35.191		0.92267			4
2025.10.21	01:08:36.084	0.92247				2
2025.10.21	01:08:57.683	0.92248				2
2025.10.21	01:09:00.383	0.92247				2
2025.10.21	01:09:13.966		0.92269			4
2025.10.21	01:09:14.484	0.92248				2
2025.10.21	01:09:23.896		0.92268			4
2025.10.21	01:09:25.896		0.92269			4
2025.10.21	01:09:26.225		0.92268			4
2025.10.21	01:09:30.226		0.92269			4
2025.10.21	01:09:30.895		0.92268			4
2025.10.21	01:09:34.181	0.92250	0.92273			6
2025.10.21	01:09:34.669		0.92272			4
2025.10.21	01:09:35.235	0.92252	0.92273			6
2025.10.21	01:09:35.949	0.92251	0.92274			6
2025.10.21	01:09:43.347		0.92273			4
2025.10.21	01:09:44.208	0.92249	0.92271			6
2025.10.21	01:09:45.337		0.92272			4
2025.10.21	01:09:49.345	0.92254	0.92273			6
2025.10.21	01:09:50.783	0.92255				2
2025.10.21	01:09:56.346		0.92272			4
2025.10.21	01:09:58.838		0.92273			4
2025.10.21	01:09:59.444		0.92275			4
2025.10.21	01:10:00.353	0.92255				2
2025.10.21	01:10:07.347		0.92276			4
2025.10.21	01:10:07.884	0.92254				2
2025.10.21	01:10:08.784	0.92255				2
2025.10.21	01:10:09.345		0.92275			4
2025.10.21	01:10:11.335	0.92254	0.92276			6
2025.10.21	01:10:11.703	0.92255				2
2025.10.21	01:10:13.283	0.92256				2
2025.10.21	01:10:13.897		0.92275			4
2025.10.21	01:10:15.337		0.92276			4
2025.10.21	01:10:20.254	0.92251	0.92272			6
2025.10.21	01:10:21.002	0.92252				2
2025.10.21	01:10:21.384	0.92254	0.92274			6
2025.10.21	01:10:21.706	0.92253	0.92273			6
2025.10.21	01:10:22.695	0.92252	0.92275			6
2025.10.21	01:10:23.336	0.92251				2
2025.10.21	01:10:28.583		0.92274			4
2025.10.21	01:10:29.241	0.92252				2
2025.10.21	01:10:30.881	0.92251				2
2025.10.21	01:10:31.302	0.92250	0.92272			6
2025.10.21	01:10:32.920	0.92252				2
2025.10.21	01:10:38.198	0.92251				2
2025.10.21	01:10:39.985	0.92250				2
2025.10.21	01:10:41.755	0.92251	0.92269			6
2025.10.21	01:10:51.891		0.92270			4
2025.10.21	01:10:53.186	0.92252				2
2025.10.21	01:10:54.789		0.92273			4
2025.10.21	01:10:56.063	0.92256				2
2025.10.21	01:11:00.756	0.92256				2
2025.10.21	01:11:30.077	0.92253				2
2025.10.21	01:11:35.378	0.92256				2
2025.10.21	01:11:44.825	0.92253				2
2025.10.21	01:11:47.900	0.92255	0.92275			6
2025.10.21	01:11:48.268	0.92258				2
2025.10.21	01:11:50.196		0.92276			4
2025.10.21	01:12:00.083	0.92258				2
2025.10.21	01:12:01.419	0.92256	0.92275			6
2025.10.21	01:12:29.184	0.92257				2
2025.10.21	01:12:39.226	0.92256	0.92276			6
2025.10.21	01:12:39.684		0.92275			4
2025.10.21	01:12:56.905	0.92257				2
2025.10.21	01:13:00.058	0.92257				2
2025.10.21	01:13:06.120	0.92255	0.92273			6
2025.10.21	01:13:10.378		0.92275			4
2025.10.21	01:13:12.085	0.92256				2
2025.10.21	01:13:12.474		0.92272			4
2025.10.21	01:13:12.932	0.92255				2
2025.10.21	01:13:14.244	0.92253				2
2025.10.21	01:13:14.648	0.92254				2
2025.10.21	01:13:20.648	0.92253	0.92270			6
2025.10.21	01:13:48.186	0.92254				2
2025.10.21	01:14:01.885	0.92254				2
2025.10.21	01:14:08.575	0.92253				2
2025.10.21	01:14:15.270	0.92255	0.92272			6
2025.10.21	01:14:20.209	0.92253	0.92271			6
2025.10.21	01:14:20.530	0.92252				2
2025.10.21	01:14:30.195		0.92272			4
2025.10.21	01:14:36.983	0.92253				2
2025.10.21	01:14:39.145	0.92254	0.92269			6
2025.10.21	01:14:48.567	0.92255				2
2025.10.21	01:14:59.186	0.92254				2
2025.10.21	01:15:00.406	0.92252				2
2025.10.21	01:15:04.200	0.92253				2
2025.10.21	01:15:06.022		0.92268			4
2025.10.21	01:15:06.400	0.92251				2
2025.10.21	01:15:07.045	0.92252				2
2025.10.21	01:15:07.436	0.92251				2
2025.10.21	01:15:08.085	0.92253				2
2025.10.21	01:15:08.472	0.92252				2
2025.10.21	01:15:21.383	0.92253				2
2025.10.21	01:15:21.757	0.92252				2
2025.10.21	01:15:22.061	0.92253				2
2025.10.21	01:15:25.038	0.92252				2
2025.10.21	01:15:25.769	0.92253				2
2025.10.21	01:15:26.186	0.92252				2
2025.10.21	01:15:26.722	0.92253				2
2025.10.21	01:15:30.216	0.92252				2
2025.10.21	01:15:30.859	0.92253	0.92269			6
2025.10.21	01:15:33.948	0.92254				2
2025.10.21	01:15:49.728	0.92253				2
2025.10.21	01:15:51.058	0.92254				2
2025.10.21	01:15:51.797	0.92253				2
2025.10.21	01:16:00.086	0.92253				2
2025.10.21	01:16:02.484	0.92254				2
2025.10.21	01:16:09.184	0.92253				2
2025.10.21	01:16:11.126		0.92268			4
2025.10.21	01:16:12.390	0.92254				2
2025.10.21	01:16:13.556	0.92253				2
2025.10.21	01:16:14.588	0.92254				2
2025.10.21	01:16:31.128		0.92269			4
2025.10.21	01:16:34.817		0.92268			4
2025.10.21	01:16:40.000	0.92257	0.92271			6
2025.10.21	01:16:40.311	0.92256				2
2025.10.21	01:16:40.778	0.92255				2
2025.10.21	01:16:41.292	0.92256				2
2025.10.21	01:17:00.357	0.92256				2
2025.10.21	01:17:06.956	0.92258				2
2025.10.21	01:17:07.263	0.92259	0.92274			6
2025.10.21	01:17:07.705	0.92260	0.92273			6
2025.10.21	01:17:08.869	0.92261				2
2025.10.21	01:17:09.900	0.92260				2
2025.10.21	01:17:16.180		0.92274			4
2025.10.21	01:17:17.150	0.92259				2
2025.10.21	01:17:17.782		0.92273			4
2025.10.21	01:17:19.224	0.92258	0.92274			6
2025.10.21	01:17:20.257	0.92259				2
2025.10.21	01:17:21.083		0.92273			4
2025.10.21	01:17:21.421	0.92258	0.92274			6
2025.10.21	01:17:22.038	0.92260	0.92273			6
2025.10.21	01:17:22.396	0.92258	0.92274			6
2025.10.21	01:17:23.073	0.92259	0.92273			6
2025.10.21	01:17:23.430		0.92274			4
2025.10.21	01:17:24.119		0.92273			4
2025.10.21	01:17:24.465	0.92258	0.92274			6
2025.10.21	01:17:25.283	0.92262	0.92276			6
2025.10.21	01:17:25.597	0.92263				2
2025.10.21	01:17:27.633	0.92262				2
2025.10.21	01:17:28.660	0.92263				2
2025.10.21	01:17:40.789	0.92264				2
2025.10.21	01:17:41.998	0.92263	0.92277			6
2025.10.21	01:17:42.373	0.92262	0.92276			6
2025.10.21	01:17:43.405	0.92263				2
2025.10.21	01:17:50.944	0.92262				2
2025.10.21	01:17:51.330	0.92263				2
2025.10.21	01:17:51.987	0.92262				2
2025.10.21	01:17:52.356	0.92263				2
2025.10.21	01:17:56.827		0.92277			4
2025.10.21	01:17:57.476		0.92276			4
2025.10.21	01:17:57.927	0.92264				2
2025.10.21	01:17:58.962	0.92263	0.92277			6
2025.10.21	01:18:00.519	0.92263				2
2025.10.21	01:18:01.556	0.92264	0.92276			6
2025.10.21	01:18:01.895	0.92263	0.92277			6
2025.10.21	01:18:02.199		0.92276			4
2025.10.21	01:18:02.592		0.92277			4
2025.10.21	01:18:03.106		0.92276			4
2025.10.21	01:18:03.625		0.92277			4
2025.10.21	01:18:04.147		0.92276			4
2025.10.21	01:18:04.661		0.92277			4
2025.10.21	01:18:06.732	0.92264	0.92276			6
2025.10.21	01:18:12.170	0.92263				2
2025.10.21	01:18:13.205	0.92264				2
2025.10.21	01:18:15.205		0.92277			4
2025.10.21	01:18:16.317	0.92263				2
2025.10.21	01:18:18.381	0.92264	0.92276			6
2025.10.21	01:18:31.856		0.92275			4
2025.10.21	01:18:35.482		0.92276			4
2025.10.21	01:18:37.038		0.92275			4
2025.10.21	01:18:37.582		0.92276			4
2025.10.21	01:18:41.183		0.92275			4
2025.10.21	01:18:41.945	0.92263	0.92277			6
2025.10.21	01:18:42.336	0.92264	0.92275			6
2025.10.21	01:18:52.478		0.92276			4
2025.10.21	01:18:52.836		0.92275			4
2025.10.21	01:18:58.773		0.92276			4
2025.10.21	01:19:00.845	0.92264				2
2025.10.21	01:19:08.093		0.92275			4
2025.10.21	01:19:10.166		0.92276			4
2025.10.21	01:19:14.309		0.92275			4
2025.10.21	01:19:15.344		0.92276			4
2025.10.21	01:19:15.971		0.92275			4
2025.10.21	01:19:21.195	0.92265				2
2025.10.21	01:19:25.961		0.92276			4
2025.10.21	01:19:27.297	0.92264				2
2025.10.21	01:19:29.223		0.92275			4
2025.10.21	01:19:48.734		0.92274			4
2025.10.21	01:19:49.170		0.92275			4
2025.10.21	01:19:49.782		0.92274			4
2025.10.21	01:19:51.240		0.92275			4
2025.10.21	01:19:56.830	0.92263				2
2025.10.21	01:19:57.137	0.92264	0.92274			6
2025.10.21	01:19:57.456		0.92275			4
2025.10.21	01:19:58.105		0.92274			4
2025.10.21	01:19:58.490		0.92275			4
2025.10.21	01:19:59.566	0.92266	0.92277			6
2025.10.21	01:20:00.561	0.92264	0.92276			6
2025.10.21	01:20:04.841	0.92265				2
2025.10.21	01:20:05.465	0.92263	0.92274			6
2025.10.21	01:20:05.872		0.92275			4
2025.10.21	01:20:06.610		0.92274			4
2025.10.21	01:20:06.918		0.92275			4
2025.10.21	01:20:09.846		0.92274			4
2025.10.21	01:20:10.923		0.92275			4
2025.10.21	01:20:11.482		0.92274			4
2025.10.21	01:20:11.961		0.92275			4
2025.10.21	01:20:12.636		0.92274			4
2025.10.21	01:20:12.995		0.92275			4
2025.10.21	01:20:13.582		0.92274			4
2025.10.21	01:20:15.929		0.92275			4
2025.10.21	01:20:16.232		0.92274			4
2025.10.21	01:20:17.271		0.92275			4
2025.10.21	01:20:19.034		0.92274			4
2025.10.21	01:20:19.339		0.92275			4
2025.10.21	01:20:21.283		0.92274			4
2025.10.21	01:20:24.346	0.92262				2
2025.10.21	01:20:24.648	0.92263				2
2025.10.21	01:20:29.571	0.92262	0.92275			6
2025.10.21	01:20:30.174	0.92263	0.92274			6
2025.10.21	01:20:30.556	0.92262	0.92275			6
2025.10.21	01:20:30.865	0.92263	0.92274			6
2025.10.21	01:20:33.670	0.92262	0.92275			6
2025.10.21	01:20:33.972	0.92263	0.92274			6
2025.10.21	01:20:43.106	0.92262	0.92273			6
2025.10.21	01:20:44.019	0.92261				2
2025.10.21	01:20:44.335	0.92262				2
2025.10.21	01:20:47.514	0.92263	0.92274			6
2025.10.21	01:20:48.604	0.92262				2
2025.10.21	01:20:49.250	0.92263	0.92275			6
2025.10.21	01:20:50.929	0.92262	0.92274			6
2025.10.21	01:20:52.561	0.92263				2
2025.10.21	01:20:53.531	0.92262	0.92275			6
2025.10.21	01:20:54.563	0.92263				2
2025.10.21	01:20:58.835	0.92262				2
2025.10.21	01:20:59.745	0.92263				2
2025.10.21	01:21:00.357	0.92263				2
2025.10.21	01:21:04.261	0.92262	0.92274			6
2025.10.21	01:21:06.026	0.92263				2
2025.10.21	01:21:07.062	0.92262				2
2025.10.21	01:21:12.685	0.92263				2
2025.10.21	01:21:13.884	0.92262				2
2025.10.21	01:21:16.061	0.92263				2
2025.10.21	01:21:18.383	0.92262				2
2025.10.21	01:21:20.140	0.92263				2
2025.10.21	01:21:21.130	0.92262				2
2025.10.21	01:21:22.282	0.92263				2
2025.10.21	01:21:23.482	0.92262				2
2025.10.21	01:21:25.382	0.92263				2
2025.10.21	01:21:26.784	0.92262				2
2025.10.21	01:21:28.490	0.92263				2
2025.10.21	01:21:30.382	0.92262				2
2025.10.21	01:21:31.439	0.92263				2
2025.10.21	01:21:33.096	0.92262				2
2025.10.21	01:21:34.511	0.92263				2
2025.10.21	01:21:36.395	0.92262	0.92273			6
2025.10.21	01:21:37.615	0.92263	0.92274			6
2025.10.21	01:21:39.049	0.92262				2
2025.10.21	01:21:42.593		0.92273			4
2025.10.21	01:21:52.603	0.92261				2
2025.10.21	01:21:53.416	0.92262				2
2025.10.21	01:22:00.206	0.92262				2
2025.10.21	01:22:22.723		0.92274			4
2025.10.21	01:22:23.030		0.92275			4
2025.10.21	01:22:23.707	0.92258	0.92272			6
2025.10.21	01:22:24.818	0.92257				2
2025.10.21	01:22:26.390	0.92256	0.92271			6
2025.10.21	01:22:28.750	0.92257	0.92270			6
2025.10.21	01:22:29.968	0.92256				2
2025.10.21	01:22:30.777		0.92271			4
2025.10.21	01:22:32.073	0.92257	0.92270			6
2025.10.21	01:22:33.841		0.92271			4
2025.10.21	01:22:35.018	0.92256				2
2025.10.21	01:22:35.585	0.92257	0.92270			6
2025.10.21	01:22:35.977	0.92256	0.92271			6
2025.10.21	01:22:39.324	0.92257	0.92270			6
2025.10.21	01:22:42.269	0.92256				2
2025.10.21	01:22:43.467	0.92257				2
2025.10.21	01:22:44.353	0.92256				2
2025.10.21	01:22:45.540	0.92257				2
2025.10.21	01:22:47.482	0.92256				2
2025.10.21	01:22:48.649	0.92257				2
2025.10.21	01:22:50.490	0.92259				2
2025.10.21	01:22:55.657		0.92269			4
2025.10.21	01:22:57.639	0.92258	0.92270			6
2025.10.21	01:22:59.987	0.92259				2
2025.10.21	01:23:00.653	0.92259	0.92269			6
2025.10.21	01:23:01.116	0.92258	0.92271			6
2025.10.21	01:23:01.585		0.92270			4
2025.10.21	01:23:02.795	0.92259				2
2025.10.21	01:23:03.152	0.92258				2
2025.10.21	01:23:03.831	0.92259	0.92269			6
2025.10.21	01:23:04.189	0.92258	0.92270			6
2025.10.21	01:23:04.867	0.92259	0.92269			6
2025.10.21	01:23:05.227	0.92258	0.92270			6
2025.10.21	01:23:05.903	0.92259				2
2025.10.21	01:23:06.295	0.92258				2
2025.10.21	01:23:06.943	0.92259				2
2025.10.21	01:23:07.328	0.92258				2
2025.10.21	01:23:07.976	0.92259				2
2025.10.21	01:23:08.364	0.92258				2
2025.10.21	01:23:09.014	0.92259				2
2025.10.21	01:23:09.400	0.92258				2
2025.10.21	01:23:10.049	0.92259				2
2025.10.21	01:23:10.434	0.92258				2
2025.10.21	01:23:11.083	0.92259				2
2025.10.21	01:23:11.473	0.92258	0.92271			6
2025.10.21	01:23:12.121	0.92259	0.92270			6
2025.10.21	01:23:12.506	0.92258	0.92271			6
2025.10.21	01:23:13.155	0.92259	0.92270			6
2025.10.21	01:23:13.542	0.92258	0.92271			6
2025.10.21	01:23:14.189	0.92259	0.92270			6
2025.10.21	01:23:14.577	0.92258	0.92271			6
2025.10.21	01:23:15.224	0.92259	0.92270			6
2025.10.21	01:23:15.613	0.92258	0.92271			6
2025.10.21	01:23:16.259	0.92259	0.92270			6
2025.10.21	01:23:16.651	0.92258	0.92271			6
2025.10.21	01:23:17.298	0.92259	0.92270			6
2025.10.21	01:23:17.685	0.92258	0.92271			6
2025.10.21	01:23:18.332	0.92259	0.92270			6
2025.10.21	01:23:18.721	0.92258	0.92271			6
2025.10.21	01:23:19.372	0.92259	0.92270			6
2025.10.21	01:23:19.754	0.92258	0.92271			6
2025.10.21	01:23:20.354	0.92259	0.92270			6
2025.10.21	01:23:20.791	0.92258	0.92271			6
2025.10.21	01:23:21.440	0.92259	0.92270			6
2025.10.21	01:23:21.826	0.92258				2
2025.10.21	01:23:22.474	0.92259				2
2025.10.21	01:23:22.862	0.92258				2
2025.10.21	01:23:23.509	0.92259				2
2025.10.21	01:23:23.898	0.92258	0.92269			6
2025.10.21	01:23:24.937		0.92270			4
2025.10.21	01:23:31.148	0.92259	0.92271			6
2025.10.21	01:23:31.753	0.92260	0.92272			6
2025.10.21	01:23:33.104	0.92259	0.92270			6
2025.10.21	01:23:33.432	0.92258	0.92271			6
2025.10.21	01:23:38.526	0.92259				2
2025.10.21	01:23:39.270	0.92258				2
2025.10.21	01:23:46.515	0.92257	0.92270			6
2025.10.21	01:23:46.821		0.92269			4
2025.10.21	01:23:49.882	0.92256				2
2025.10.21	01:23:51.684	0.92257				2
2025.10.21	01:23:52.980	0.92256				2
2025.10.21	01:23:54.696	0.92257				2
2025.10.21	01:23:56.120	0.92256				2
2025.10.21	01:23:58.161	0.92258	0.92270			6
2025.10.21	01:23:58.494	0.92259				2
2025.10.21	01:24:00.351	0.92259				2
2025.10.21	01:24:01.265		0.92271			4
2025.10.21	01:24:06.311	0.92260				2
2025.10.21	01:24:06.618	0.92259				2
2025.10.21	01:24:14.349	0.92260				2
2025.10.21	01:24:14.775	0.92259				2
2025.10.21	01:24:28.895	0.92260				2
2025.10.21	01:24:29.272	0.92259				2
2025.10.21	01:25:00.991	0.92259				2
2025.10.21	01:25:02.026		0.92271			4
2025.10.21	01:25:21.705		0.92270			4
2025.10.21	01:25:25.844		0.92271			4
2025.10.21	01:25:27.916	0.92258				2
2025.10.21	01:25:29.097	0.92259				2
2025.10.21	01:25:30.135		0.92270			4
2025.10.21	01:25:31.086	0.92258				2
2025.10.21	01:25:35.229	0.92259				2
2025.10.21	01:25:38.302		0.92271			4
2025.10.21	01:25:39.309	0.92258				2
2025.10.21	01:25:40.350	0.92259				2
2025.10.21	01:25:41.444		0.92272			4
2025.10.21	01:25:41.746	0.92261	0.92271			6
2025.10.21	01:25:44.500	0.92260				2
2025.10.21	01:25:44.896	0.92261				2
2025.10.21	01:25:53.056		0.92272			4
2025.10.21	01:25:53.361	0.92260				2
2025.10.21	01:25:55.103	0.92259				2
2025.10.21	01:25:56.167	0.92260				2
2025.10.21	01:25:58.907	0.92261				2
2025.10.21	01:25:59.273		0.92273			4
2025.10.21	01:26:00.209	0.92262				2
2025.10.21	01:26:01.289	0.92261	0.92274			6
2025.10.21	01:26:02.385		0.92273			4
2025.10.21	01:26:07.537	0.92262				2
2025.10.21	01:26:08.598	0.92261				2
2025.10.21	01:26:09.609		0.92274			4
2025.10.21	01:26:11.680	0.92262	0.92273			6
2025.10.21	01:26:12.740	0.92261				2
2025.10.21	01:26:23.102	0.92262				2
2025.10.21	01:26:24.138	0.92261				2
2025.10.21	01:26:28.282	0.92262	0.92272			6
2025.10.21	01:26:30.354	0.92261	0.92273			6
2025.10.21	01:26:32.428	0.92262	0.92272			6
2025.10.21	01:26:33.469	0.92261	0.92273			6
2025.10.21	01:26:35.539	0.92262	0.92272			6
2025.10.21	01:26:36.571	0.92261	0.92273			6
2025.10.21	01:26:39.679	0.92262	0.92272			6
2025.10.21	01:26:40.715	0.92261	0.92273			6
2025.10.21	01:26:41.714		0.92274			4
2025.10.21	01:26:45.893		0.92273			4
2025.10.21	01:26:47.968		0.92274			4
2025.10.21	01:26:49.004	0.92262	0.92273			6
2025.10.21	01:26:50.890	0.92261				2
2025.10.21	01:26:51.201	0.92262	0.92272			6
2025.10.21	01:26:52.109	0.92261	0.92273			6
2025.10.21	01:26:54.183	0.92259	0.92272			6
2025.10.21	01:26:55.305	0.92258				2
2025.10.21	01:27:00.449	0.92258				2
2025.10.21	01:27:06.557	0.92257				2
2025.10.21	01:27:07.865	0.92258				2
2025.10.21	01:27:11.878	0.92257				2
2025.10.21	01:27:13.044	0.92258				2
2025.10.21	01:27:14.987	0.92257				2
2025.10.21	01:27:16.083	0.92258				2
2025.10.21	01:27:16.618		0.92271			4
2025.10.21	01:27:18.092	0.92257				2
2025.10.21	01:27:19.257	0.92258				2
2025.10.21	01:27:21.201	0.92257				2
2025.10.21	01:27:21.959	0.92258				2
2025.10.21	01:27:25.125	0.92257				2
2025.10.21	01:27:26.502	0.92258				2
2025.10.21	01:27:27.430	0.92257				2
2025.10.21	01:27:27.985	0.92258				2
2025.10.21	01:27:28.466	0.92257				2
2025.10.21	01:27:28.976	0.92258				2
2025.10.21	01:27:30.518	0.92257				2
2025.10.21	01:27:31.619	0.92258				2
2025.10.21	01:27:34.684	0.92257				2
2025.10.21	01:27:35.955	0.92258				2
2025.10.21	01:27:37.771	0.92257				2
2025.10.21	01:27:38.933	0.92258				2
2025.10.21	01:27:45.016	0.92257				2
2025.10.21	01:27:46.180	0.92258				2
2025.10.21	01:27:48.125	0.92257				2
2025.10.21	01:27:49.288	0.92258				2
2025.10.21	01:27:59.516	0.92257				2
2025.10.21	01:28:00.680	0.92258				2
2025.10.21	01:28:01.552	0.92257				2
2025.10.21	01:28:02.783	0.92258				2
2025.10.21	01:28:04.426	0.92254	0.92267			6
2025.10.21	01:28:04.758	0.92253				2
2025.10.21	01:28:09.378	0.92254				2
2025.10.21	01:28:17.187	0.92255				2
2025.10.21	01:28:19.925	0.92254	0.92268			6
2025.10.21	01:28:22.141	0.92253				2
2025.10.21	01:28:23.018	0.92254				2
2025.10.21	01:28:23.385	0.92253	0.92267			6
2025.10.21	01:28:24.052	0.92254				2
2025.10.21	01:28:25.340	0.92253				2
2025.10.21	01:28:25.662	0.92254				2
2025.10.21	01:28:30.712	0.92253				2
2025.10.21	01:29:00.704	0.92253				2
2025.10.21	01:29:23.505		0.92267			4
2025.10.21	01:29:24.379	0.92252	0.92268			6
2025.10.21	01:29:24.690	0.92253	0.92267			6
2025.10.21	01:29:30.778	0.92254	0.92266			6
2025.10.21	01:29:31.230	0.92253	0.92267			6
2025.10.21	01:29:41.765	0.92255	0.92265			6
2025.10.21	01:30:00.458	0.92255	0.92266			6
2025.10.21	01:30:03.277	0.92257				2
2025.10.21	01:30:05.181	0.92256				2
2025.10.21	01:30:06.785	0.92255				2
2025.10.21	01:30:07.801	0.92254	0.92267			6
2025.10.21	01:30:10.908	0.92255	0.92266			6
2025.10.21	01:30:11.942	0.92254	0.92267			6
2025.10.21	01:30:12.978	0.92255	0.92266			6
2025.10.21	01:30:15.374	0.92254	0.92265			6
2025.10.21	01:30:30.473	0.92255	0.92269			6
2025.10.21	01:30:31.363	0.92254				2
2025.10.21	01:30:31.758	0.92255				2
2025.10.21	01:30:32.345	0.92257	0.92267			6
2025.10.21	01:30:33.433	0.92256				2
2025.10.21	01:30:36.804	0.92257	0.92266			6
2025.10.21	01:30:37.579	0.92256				2
2025.10.21	01:30:43.604	0.92255	0.92267			6
2025.10.21	01:30:43.921	0.92257	0.92266			6
2025.10.21	01:30:45.864	0.92256				2
2025.10.21	01:30:58.020	0.92255	0.92267			6
2025.10.21	01:30:58.426		0.92266			4
2025.10.21	01:31:00.472	0.92255	0.92265			6
2025.10.21	01:31:30.355	0.92254				2
2025.10.21	01:31:31.807	0.92255				2
2025.10.21	01:31:32.971	0.92254				2
2025.10.21	01:31:34.913	0.92255				2
2025.10.21	01:31:36.078	0.92254				2
2025.10.21	01:31:37.728	0.92253	0.92266			6
2025.10.21	01:31:38.961	0.92254	0.92265			6
2025.10.21	01:31:41.013	0.92253	0.92266			6
2025.10.21	01:31:41.785	0.92252				2
2025.10.21	01:31:42.196	0.92254	0.92265			6
2025.10.21	01:31:43.774		0.92266			4
2025.10.21	01:31:44.182		0.92265			4
2025.10.21	01:31:56.393	0.92255	0.92269			6
2025.10.21	01:32:00.452	0.92256				2
2025.10.21	01:32:00.905	0.92257				2
2025.10.21	01:32:01.597		0.92268			4
2025.10.21	01:32:02.631	0.92258				2
2025.10.21	01:32:04.500	0.92257				2
2025.10.21	01:32:05.738	0.92258				2
2025.10.21	01:32:07.966	0.92257	0.92269			6
2025.10.21	01:32:08.474		0.92268			4
2025.10.21	01:32:09.001	0.92258				2
2025.10.21	01:32:10.011	0.92257	0.92269			6
2025.10.21	01:32:11.109	0.92258	0.92268			6
2025.10.21	01:32:21.400	0.92257				2
2025.10.21	01:32:23.141		0.92269			4
2025.10.21	01:32:23.534		0.92268			4
2025.10.21	01:32:24.506	0.92258				2
2025.10.21	01:32:30.471	0.92257				2
2025.10.21	01:32:30.783		0.92272			4
2025.10.21	01:32:31.410	0.92255	0.92266			6
2025.10.21	01:32:52.978	0.92257	0.92268			6
2025.10.21	01:32:58.585		0.92267			4
2025.10.21	01:33:00.477	0.92257	0.92268			6
2025.10.21	01:33:08.786		0.92269			4
2025.10.21	01:33:14.483	0.92256				2
2025.10.21	01:33:14.807		0.92268			4
2025.10.21	01:33:15.937		0.92267			4
2025.10.21	01:33:18.929		0.92268			4
2025.10.21	01:33:22.036		0.92267			4
2025.10.21	01:33:23.069	0.92257				2
2025.10.21	01:33:25.984	0.92256				2
2025.10.21	01:33:26.307	0.92257				2
2025.10.21	01:34:00.379	0.92257				2
2025.10.21	01:34:16.048	0.92256				2
2025.10.21	01:34:24.335		0.92267			4
2025.10.21	01:34:25.245	0.92257				2
2025.10.21	01:34:49.753	0.92258	0.92268			6
2025.10.21	01:34:50.756	0.92257	0.92269			6
2025.10.21	01:34:52.525	0.92258				2
2025.10.21	01:34:52.857		0.92267			4
2025.10.21	01:34:54.827		0.92269			4
2025.10.21	01:34:56.749	0.92257				2
2025.10.21	01:34:58.772	0.92258	0.92268			6
2025.10.21	01:35:00.821	0.92258				2
2025.10.21	01:35:01.881	0.92257				2
2025.10.21	01:35:02.267	0.92258				2
2025.10.21	01:35:02.932	0.92257				2
2025.10.21	01:35:03.274	0.92258				2
2025.10.21	01:35:07.200	0.92257	0.92267			6
2025.10.21	01:35:08.237	0.92258				2
2025.10.21	01:35:09.273		0.92268			4
2025.10.21	01:35:17.461		0.92269			4
2025.10.21	01:35:19.533	0.92259	0.92271			6
2025.10.21	01:35:19.840		0.92274			4
2025.10.21	01:35:21.685	0.92260				2
2025.10.21	01:35:30.884	0.92261	0.92273			6
2025.10.21	01:35:32.996		0.92272			4
2025.10.21	01:35:43.093	0.92262				2
2025.10.21	01:35:45.383		0.92271			4
2025.10.21	01:35:50.213		0.92272			4
2025.10.21	01:35:54.357		0.92271			4
2025.10.21	01:35:59.664		0.92272			4
2025.10.21	01:36:00.704	0.92261				2
2025.10.21	01:36:01.740	0.92262				2
2025.10.21	01:36:05.880	0.92261	0.92271			6
2025.10.21	01:36:12.353		0.92272			4
2025.10.21	01:36:14.423		0.92271			4
2025.10.21	01:36:15.457		0.92272			4
2025.10.21	01:36:15.861	0.92263				2
2025.10.21	01:36:16.495	0.92262				2
2025.10.21	01:36:30.358	0.92263				2
2025.10.21	01:36:44.274		0.92271			4
2025.10.21	01:36:44.590		0.92272			4
2025.10.21	01:36:47.323		0.92271			4
2025.10.21	01:36:47.698		0.92272			4
2025.10.21	01:36:57.923		0.92271			4
2025.10.21	01:37:00.086	0.92263	0.92272			6
2025.10.21	01:37:04.934		0.92271			4
2025.10.21	01:37:05.303		0.92272			4
2025.10.21	01:37:11.124		0.92271			4
2025.10.21	01:37:12.816		0.92272			4
2025.10.21	01:37:16.827	0.92260	0.92270			6
2025.10.21	01:37:17.139		0.92269			4
2025.10.21	01:37:18.936		0.92270			4
2025.10.21	01:37:19.943		0.92271			4
2025.10.21	01:37:20.987	0.92261				2
2025.10.21	01:37:23.591	0.92260	0.92269			6
2025.10.21	01:37:29.899		0.92270			4
2025.10.21	01:37:30.940		0.92269			4
2025.10.21	01:37:51.401	0.92261				2
2025.10.21	01:38:00.729	0.92261				2
2025.10.21	01:38:10.750	0.92259	0.92270			6
2025.10.21	01:38:11.484	0.92260	0.92269			6
2025.10.21	01:38:14.811		0.92270			4
2025.10.21	01:38:15.118		0.92269			4
2025.10.21	01:38:55.375	0.92259				2
2025.10.21	01:38:55.683	0.92261	0.92270			6
2025.10.21	01:38:56.592	0.92259	0.92271			6
2025.10.21	01:38:57.029	0.92260	0.92270			6
2025.10.21	01:39:00.006	0.92260				2
2025.10.21	01:39:00.767		0.92271			4
2025.10.21	01:39:01.168		0.92270			4
2025.10.21	01:39:04.025	0.92261	0.92269			6
2025.10.21	01:39:35.161	0.92260	0.92270			6
2025.10.21	01:39:44.921		0.92271			4
2025.10.21	01:39:48.544		0.92270			4
2025.10.21	01:39:50.457	0.92259	0.92271			6
2025.10.21	01:39:57.130		0.92270			4
2025.10.21	01:40:00.308	0.92258				2
2025.10.21	01:40:02.919		0.92271			4
2025.10.21	01:40:04.378		0.92270			4
2025.10.21	01:40:09.129		0.92271			4
2025.10.21	01:40:09.448	0.92259	0.92270			6
2025.10.21	01:40:11.201	0.92258	0.92271			6
2025.10.21	01:40:13.343	0.92259	0.92269			6
2025.10.21	01:40:28.061	0.92260				2
2025.10.21	01:40:29.278		0.92270			4
2025.10.21	01:40:42.082		0.92271			4
2025.10.21	01:40:44.753	0.92261				2
2025.10.21	01:40:47.493	0.92263	0.92273			6
2025.10.21	01:40:48.908	0.92264				2
2025.10.21	01:41:00.357	0.92264				2
2025.10.21	01:41:05.211	0.92263	0.92276			6
2025.10.21	01:41:05.547	0.92264				2
2025.10.21	01:41:08.292		0.92275			4
2025.10.21	01:41:12.349		0.92276			4
2025.10.21	01:41:15.713	0.92268	0.92279			6
2025.10.21	01:41:16.327	0.92269				2
2025.10.21	01:41:24.673	0.92270	0.92278			6
2025.10.21	01:41:25.836	0.92269	0.92279			6
2025.10.21	01:41:27.984	0.92270	0.92278			6
2025.10.21	01:41:42.581	0.92269	0.92277			6
2025.10.21	01:41:46.191	0.92270	0.92278			6
2025.10.21	01:42:06.481	0.92270				2
2025.10.21	01:42:28.958		0.92279			4
2025.10.21	01:42:41.634	0.92271				2
2025.10.21	01:42:53.105	0.92270				2
2025.10.21	01:42:53.811	0.92271				2
2025.10.21	01:42:54.119	0.92273	0.92280			6
2025.10.21	01:43:02.461	0.92273				2
2025.10.21	01:43:04.972	0.92272	0.92281			6
2025.10.21	01:43:07.885	0.92273				2
2025.10.21	01:43:13.806		0.92280			4
2025.10.21	01:43:19.780	0.92275	0.92283			6
2025.10.21	01:43:24.095		0.92284			4
2025.10.21	01:43:28.883		0.92283			4
2025.10.21	01:43:36.382		0.92284			4
2025.10.21	01:43:41.023		0.92283			4
2025.10.21	01:43:49.062	0.92274				2
2025.10.21	01:43:50.110		0.92282			4
2025.10.21	01:43:59.494		0.92283			4
2025.10.21	01:44:00.464	0.92274				2
2025.10.21	01:44:02.168	0.92273				2
2025.10.21	01:44:05.706	0.92274				2
2025.10.21	01:44:09.383	0.92273				2
2025.10.21	01:44:12.741		0.92282			4
2025.10.21	01:44:16.462	0.92274	0.92283			6
2025.10.21	01:44:17.038	0.92277	0.92286			6
2025.10.21	01:44:27.548		0.92285			4
2025.10.21	01:44:27.898		0.92286			4
2025.10.21	01:44:33.091		0.92285			4
2025.10.21	01:44:45.030		0.92286			4
2025.10.21	01:44:58.867		0.92287			4
2025.10.21	01:45:01.406	0.92277				2
2025.10.21	01:45:15.405	0.92278	0.92286			6
2025.10.21	01:45:18.243	0.92276				2
2025.10.21	01:45:19.285		0.92285			4
2025.10.21	01:45:22.398	0.92277				2
2025.10.21	01:45:36.785		0.92286			4
2025.10.21	01:45:40.724		0.92285			4
2025.10.21	01:45:41.961		0.92287			4
2025.10.21	01:45:46.940		0.92286			4
2025.10.21	01:45:49.982		0.92285			4
2025.10.21	01:45:52.640	0.92278	0.92286			6
2025.10.21	01:45:55.803	0.92272	0.92281			6
2025.10.21	01:45:58.160	0.92273				2
2025.10.21	01:46:01.878	0.92272				2
2025.10.21	01:46:02.845	0.92270	0.92278			6
2025.10.21	01:46:04.912	0.92271	0.92279			6
2025.10.21	01:46:09.389	0.92270				2
2025.10.21	01:46:16.349		0.92278			4
2025.10.21	01:46:17.639		0.92280			4
2025.10.21	01:46:20.725	0.92271	0.92279			6
2025.10.21	01:46:21.834	0.92270				2
2025.10.21	01:46:39.504	0.92271				2
2025.10.21	01:46:42.498	0.92270	0.92278			6
2025.10.21	01:46:45.587		0.92279			4
2025.10.21	01:46:49.996	0.92269	0.92278			6
2025.10.21	01:46:52.725	0.92270				2
2025.10.21	01:47:00.287	0.92270				2
2025.10.21	01:47:07.925	0.92269				2
2025.10.21	01:47:15.983		0.92279			4
2025.10.21	01:47:20.742	0.92270	0.92278			6
2025.10.21	01:47:39.982	0.92269	0.92279			6
2025.10.21	01:48:00.388	0.92266	0.92276			6
2025.10.21	01:48:01.455		0.92275			4
2025.10.21	01:48:02.346	0.92267				2
2025.10.21	01:48:02.687	0.92266	0.92276			6
2025.10.21	01:48:15.293		0.92274			4
2025.10.21	01:48:19.257	0.92265				2
2025.10.21	01:48:20.757		0.92275			4
2025.10.21	01:48:47.832		0.92274			4
2025.10.21	01:48:48.255		0.92275			4
2025.10.21	01:49:00.522	0.92265				2
2025.10.21	01:49:10.626		0.92274			4
2025.10.21	01:49:11.039		0.92275			4
2025.10.21	01:49:20.654	0.92263	0.92273			6
2025.10.21	01:49:20.961		0.92272			4
2025.10.21	01:49:21.267	0.92264				2
2025.10.21	01:49:22.345	0.92266	0.92275			6
2025.10.21	01:49:49.439	0.92265	0.92274			6
2025.10.21	01:49:51.529	0.92266	0.92275			6
2025.10.21	01:50:00.362	0.92266				2
2025.10.21	01:50:24.043	0.92263	0.92272			6
2025.10.21	01:50:24.359	0.92264	0.92273			6
2025.10.21	01:50:34.358	0.92265	0.92274			6
2025.10.21	01:50:38.170		0.92273			4
2025.10.21	01:50:40.800		0.92275			4
2025.10.21	01:50:41.139	0.92263	0.92272			6
2025.10.21	01:50:49.169		0.92271			4
2025.10.21	01:50:50.354		0.92272			4
2025.10.21	01:50:56.168	0.92264				2
2025.10.21	01:50:59.660	0.92265	0.92273			6
2025.10.21	01:51:00.309	0.92265				2
2025.10.21	01:51:01.264	0.92264	0.92274			6
2025.10.21	01:51:02.467	0.92263	0.92275			6
2025.10.21	01:51:11.182		0.92274			4
2025.10.21	01:51:15.541		0.92273			4
2025.10.21	01:51:18.787	0.92265	0.92275			6
2025.10.21	01:51:24.200	0.92263	0.92273			6
2025.10.21	01:51:25.514	0.92264				2
2025.10.21	01:51:41.852	0.92262				2
2025.10.21	01:51:42.892	0.92261	0.92274			6
2025.10.21	01:51:45.337		0.92271			4
2025.10.21	01:51:46.709		0.92274			4
2025.10.21	01:51:51.200		0.92272			4
2025.10.21	01:51:52.213		0.92273			4
2025.10.21	01:51:53.402	0.92260	0.92269			6
2025.10.21	01:52:00.084	0.92260				2
2025.10.21	01:52:09.718	0.92261	0.92270			6
2025.10.21	01:52:11.782		0.92269			4
2025.10.21	01:52:13.198	0.92260				2
2025.10.21	01:52:14.330	0.92261	0.92270			6
2025.10.21	01:52:15.129		0.92271			4
2025.10.21	01:52:15.704		0.92272			4
2025.10.21	01:52:16.024		0.92271			4
2025.10.21	01:52:21.837	0.92260	0.92270			6
2025.10.21	01:52:22.901	0.92262	0.92273			6
2025.10.21	01:52:23.230	0.92261	0.92271			6
2025.10.21	01:52:24.343	0.92262	0.92272			6
2025.10.21	01:52:25.155		0.92273			4
2025.10.21	01:52:25.642	0.92261	0.92271			6
2025.10.21	01:52:31.085		0.92270			4
2025.10.21	01:52:33.844		0.92271			4
2025.10.21	01:52:35.456	0.92262	0.92270			6
2025.10.21	01:52:38.126	0.92261				2
2025.10.21	01:52:38.796		0.92271			4
2025.10.21	01:52:44.521		0.92270			4
2025.10.21	01:52:47.145	0.92262	0.92271			6
2025.10.21	01:52:48.337	0.92263				2
2025.10.21	01:52:52.974		0.92272			4
2025.10.21	01:52:58.280	0.92264				2
2025.10.21	01:53:00.411	0.92264	0.92273			6
2025.10.21	01:53:13.819		0.92274			4
2025.10.21	01:53:19.131		0.92273			4
2025.10.21	01:53:25.193	0.92263	0.92272			6
2025.10.21	01:53:30.428	0.92264				2
2025.10.21	01:53:31.124		0.92273			4
2025.10.21	01:53:34.270	0.92262	0.92271			6
2025.10.21	01:53:42.166		0.92272			4
2025.10.21	01:53:47.111		0.92273			4
2025.10.21	01:53:47.437		0.92274			4
2025.10.21	01:53:47.862	0.92261	0.92271			6
2025.10.21	01:53:50.387		0.92272			4
2025.10.21	01:53:54.285		0.92271			4
2025.10.21	01:53:55.882		0.92272			4
2025.10.21	01:53:57.307		0.92271			4
2025.10.21	01:54:00.754	0.92261				2
2025.10.21	01:54:21.395		0.92270			4
2025.10.21	01:54:25.180	0.92260	0.92271			6
2025.10.21	01:54:31.637	0.92259	0.92270			6
2025.10.21	01:54:33.841	0.92260	0.92268			6
2025.10.21	01:54:42.069	0.92259				2
2025.10.21	01:54:46.339	0.92260				2
2025.10.21	01:54:55.476		0.92269			4
2025.10.21	01:55:00.582	0.92260				2
2025.10.21	01:55:11.628	0.92259	0.92268			6
2025.10.21	01:55:17.391	0.92260	0.92270			6
2025.10.21	01:55:24.089		0.92269			4
2025.10.21	01:55:35.783		0.92270			4
2025.10.21	01:55:36.386	0.92259	0.92267			6
2025.10.21	01:55:48.524	0.92260	0.92270			6
2025.10.21	01:55:55.512		0.92269			4
2025.10.21	01:55:58.965		0.92268			4
2025.10.21	01:56:00.203	0.92260				2
2025.10.21	01:56:02.462	0.92259	0.92269			6
2025.10.21	01:56:03.524		0.92267			4
2025.10.21	01:56:10.116		0.92269			4
2025.10.21	01:56:11.686	0.92257	0.92268			6
2025.10.21	01:56:12.821	0.92256				2
2025.10.21	01:56:13.384	0.92258	0.92266			6
2025.10.21	01:56:14.500	0.92259				2
2025.10.21	01:56:26.278		0.92267			4
2025.10.21	01:56:27.395	0.92258	0.92268			6
2025.10.21	01:56:37.398	0.92257	0.92269			6
2025.10.21	01:56:37.918		0.92268			4
2025.10.21	01:56:39.068	0.92262	0.92271			6
2025.10.21	01:57:05.574	0.92262				2
2025.10.21	01:57:14.510		0.92272			4
2025.10.21	01:57:20.318		0.92271			4
2025.10.21	01:57:29.378	0.92263				2
2025.10.21	01:57:39.447	0.92262	0.92272			6
2025.10.21	01:57:54.982	0.92263	0.92271			6
2025.10.21	01:58:00.428	0.92262	0.92272			6
2025.10.21	01:58:09.982	0.92263	0.92271			6
2025.10.21	01:58:12.046	0.92262				2
2025.10.21	01:58:15.985	0.92263				2
2025.10.21	01:58:22.104	0.92262				2
2025.10.21	01:58:30.690	0.92263				2
2025.10.21	01:58:35.216	0.92262	0.92273			6
2025.10.21	01:58:36.905	0.92261	0.92272			6
2025.10.21	01:58:40.046	0.92263	0.92271			6
2025.10.21	01:58:41.169	0.92264	0.92272			6
2025.10.21	01:58:42.082	0.92263				2
2025.10.21	01:58:48.112	0.92262	0.92273			6
2025.10.21	01:58:48.429	0.92263	0.92272			6
2025.10.21	01:58:51.539	0.92264				2
2025.10.21	01:58:52.895	0.92263				2
2025.10.21	01:58:53.468	0.92262	0.92273			6
2025.10.21	01:58:56.782	0.92263	0.92272			6
2025.10.21	01:58:57.405	0.92262	0.92273			6
2025.10.21	01:58:57.749	0.92263	0.92272			6
2025.10.21	01:59:01.623	0.92263				2
2025.10.21	01:59:03.957	0.92264				2
2025.10.21	01:59:15.029	0.92263	0.92273			6
2025.10.21	01:59:15.351	0.92264	0.92272			6
2025.10.21	01:59:21.076	0.92263	0.92276			6
2025.10.21	01:59:21.854	0.92264	0.92275			6
2025.10.21	01:59:22.180	0.92263	0.92276			6
2025.10.21	01:59:22.599	0.92264	0.92275			6
2025.10.21	01:59:30.574		0.92276			4
2025.10.21	01:59:39.700		0.92277			4
2025.10.21	01:59:44.368	0.92265	0.92274			6
2025.10.21	01:59:45.487	0.92264				2
2025.10.21	01:59:45.833	0.92266	0.92275			6
2025.10.21	01:59:47.599		0.92276			4
2025.10.21	01:59:51.400	0.92265	0.92275			6
2025.10.21	01:59:55.244	0.92264	0.92277			6
2025.10.21	01:59:55.585	0.92265	0.92276			6
2025.10.21	01:59:55.968	0.92264	0.92273			6
2025.10.21	01:59:56.272	0.92263				2
2025.10.21	01:59:56.652	0.92264	0.92272			6
2025.10.21	01:59:57.354	0.92263	0.92273			6
2025.10.21	01:59:57.686	0.92264	0.92272			6
2025.10.21	02:00:01.251	0.92264				2
2025.10.21	02:00:02.347	0.92263				2
2025.10.21	02:00:03.360	0.92264	0.92274			6
2025.10.21	02:00:05.983	0.92263	0.92271			6
2025.10.21	02:00:08.990		0.92272			4
2025.10.21	02:00:14.674		0.92273			4
2025.10.21	02:00:15.428	0.92264	0.92272			6
2025.10.21	02:00:15.744		0.92273			4
2025.10.21	02:00:19.376	0.92265				2
2025.10.21	02:00:26.043	0.92263				2
2025.10.21	02:00:27.429		0.92272			4
2025.10.21	02:00:29.543		0.92271			4
2025.10.21	02:00:32.398		0.92273			4
2025.10.21	02:00:32.894	0.92264	0.92272			6
2025.10.21	02:00:42.905	0.92263				2
2025.10.21	02:00:49.282	0.92266	0.92274			6
2025.10.21	02:00:54.985	0.92265	0.92275			6
2025.10.21	02:00:57.509	0.92266				2
2025.10.21	02:01:00.150	0.92266				2
2025.10.21	02:01:08.067	0.92265				2
2025.10.21	02:01:09.506		0.92273			4
2025.10.21	02:01:09.882	0.92266	0.92274			6
2025.10.21	02:01:11.862	0.92265				2
2025.10.21	02:01:15.137	0.92266				2
2025.10.21	02:01:16.362	0.92265	0.92273			6
2025.10.21	02:01:21.698		0.92274			4
2025.10.21	02:01:26.357	0.92264	0.92275			6
2025.10.21	02:01:29.997	0.92265	0.92274			6
2025.10.21	02:01:30.881	0.92266				2
2025.10.21	02:01:31.993	0.92267	0.92276			6
2025.10.21	02:01:35.223	0.92269	0.92280			6
2025.10.21	02:01:35.548		0.92279			4
2025.10.21	02:01:36.878		0.92278			4
2025.10.21	02:01:39.560		0.92277			4
2025.10.21	02:01:45.506		0.92278			4
2025.10.21	02:01:50.480	0.92270				2
2025.10.21	02:01:57.732	0.92269	0.92279			6
2025.10.21	02:01:58.043	0.92270				2
2025.10.21	02:02:00.500	0.92270				2
2025.10.21	02:02:00.896	0.92269				2
2025.10.21	02:02:01.399		0.92278			4
2025.10.21	02:02:01.779		0.92279			4
2025.10.21	02:02:02.112	0.92270	0.92278			6
2025.10.21	02:02:26.450		0.92280			4
2025.10.21	02:02:27.322	0.92271	0.92282			6
2025.10.21	02:02:27.882		0.92279			4
2025.10.21	02:02:28.518		0.92280			4
2025.10.21	02:02:29.620	0.92270	0.92283			6
2025.10.21	02:02:30.236		0.92282			4
2025.10.21	02:02:31.240	0.92271	0.92281			6
2025.10.21	02:02:32.194	0.92272				2
2025.10.21	02:02:33.150	0.92271	0.92280			6
2025.10.21	02:02:35.892		0.92279			4
2025.10.21	02:02:43.700	0.92270				2
2025.10.21	02:02:44.857	0.92271				2
2025.10.21	02:02:46.598	0.92270				2
2025.10.21	02:02:48.169	0.92271				2
2025.10.21	02:03:00.356	0.92271				2
2025.10.21	02:03:12.984	0.92270				2
2025.10.21	02:03:20.531		0.92278			4
2025.10.21	02:03:32.833		0.92279			4
2025.10.21	02:03:37.358	0.92271	0.92278			6
2025.10.21	02:03:54.017		0.92281			4
2025.10.21	02:03:57.945	0.92272				2
2025.10.21	02:03:58.248	0.92271				2
2025.10.21	02:03:58.558		0.92279			4
2025.10.21	02:04:00.443	0.92271	0.92281			6
2025.10.21	02:04:00.877		0.92282			4
2025.10.21	02:04:02.400		0.92281			4
2025.10.21	02:04:03.484	0.92272				2
2025.10.21	02:04:06.377	0.92271				2
2025.10.21	02:04:15.062	0.92268	0.92280			6
2025.10.21	02:04:26.737	0.92270	0.92281			6
2025.10.21	02:04:29.963	0.92268	0.92280			6
2025.10.21	02:04:31.339	0.92269	0.92279			6
2025.10.21	02:04:40.388	0.92268	0.92280			6
2025.10.21	02:04:46.876	0.92269	0.92279			6
2025.10.21	02:04:53.069	0.92270	0.92280			6
2025.10.21	02:04:54.311	0.92271	0.92279			6
2025.10.21	02:04:57.910	0.92270	0.92280			6
2025.10.21	02:04:58.242	0.92271				2
2025.10.21	02:04:59.545	0.92272	0.92281			6
2025.10.21	02:05:00.194	0.92270	0.92280			6
2025.10.21	02:05:00.497	0.92271	0.92281			6
2025.10.21	02:05:00.845	0.92270	0.92280			6
2025.10.21	02:05:01.148		0.92282			4
2025.10.21	02:05:01.451	0.92271	0.92280			6
2025.10.21	02:05:04.838	0.92270				2
2025.10.21	02:05:05.249		0.92279			4
2025.10.21	02:05:06.608		0.92280			4
2025.10.21	02:05:10.032	0.92269	0.92279			6
2025.10.21	02:05:10.417		0.92280			4
2025.10.21	02:05:18.241		0.92281			4
2025.10.21	02:05:20.862		0.92280			4
2025.10.21	02:05:23.950		0.92279			4
2025.10.21	02:05:24.982		0.92278			4
2025.10.21	02:05:26.006		0.92279			4
2025.10.21	02:05:35.056		0.92278			4
2025.10.21	02:05:35.432	0.92268				2
2025.10.21	02:05:37.744	0.92270	0.92279			6
2025.10.21	02:05:38.056		0.92278			4
2025.10.21	02:05:44.378		0.92279			4
2025.10.21	02:05:48.987	0.92269	0.92278			6
2025.10.21	02:05:51.347	0.92270	0.92279			6
2025.10.21	02:05:59.893		0.92278			4
2025.10.21	02:06:00.201	0.92270				2
2025.10.21	02:06:00.677		0.92279			4
2025.10.21	02:06:02.816		0.92278			4
2025.10.21	02:06:07.532	0.92269				2
2025.10.21	02:06:12.037		0.92277			4
2025.10.21	02:06:15.936	0.92270	0.92278			6
2025.10.21	02:06:26.739	0.92269	0.92279			6
2025.10.21	02:06:28.348	0.92267				2
2025.10.21	02:06:33.291		0.92278			4
2025.10.21	02:06:38.819	0.92268	0.92280			6
2025.10.21	02:06:40.853	0.92267	0.92279			6
2025.10.21	02:06:41.613		0.92278			4
2025.10.21	02:06:51.805	0.92271	0.92279			6
2025.10.21	02:07:00.058	0.92271				2
2025.10.21	02:07:02.474		0.92278			4
2025.10.21	02:07:15.922	0.92270	0.92279			6
2025.10.21	02:07:16.273		0.92280			4
2025.10.21	02:07:24.429	0.92271	0.92279			6
2025.10.21	02:07:29.337		0.92280			4
2025.10.21	02:07:30.975	0.92270	0.92279			6
2025.10.21	02:07:39.983		0.92278			4
2025.10.21	02:07:47.837	0.92271				2
2025.10.21	02:07:50.065	0.92270				2
2025.10.21	02:08:00.185	0.92270				2
2025.10.21	02:08:09.814		0.92283			4
2025.10.21	02:08:10.118	0.92268	0.92278			6
2025.10.21	02:08:12.690		0.92277			4
2025.10.21	02:08:17.496		0.92278			4
2025.10.21	02:08:18.159		0.92277			4
2025.10.21	02:08:42.446		0.92278			4
2025.10.21	02:08:45.004	0.92271	0.92279			6
2025.10.21	02:08:45.532		0.92280			4
2025.10.21	02:08:46.246	0.92272	0.92281			6
2025.10.21	02:08:46.601	0.92271	0.92283			6
2025.10.21	02:08:50.393	0.92272	0.92282			6
2025.10.21	02:08:54.745	0.92271				2
2025.10.21	02:09:00.801	0.92272	0.92281			6
2025.10.21	02:09:15.053		0.92282			4
2025.10.21	02:09:20.141		0.92281			4
2025.10.21	02:09:23.405	0.92270	0.92280			6
2025.10.21	02:09:23.719		0.92281			4
2025.10.21	02:09:24.167		0.92280			4
2025.10.21	02:09:33.901	0.92271	0.92279			6
2025.10.21	02:09:38.929		0.92280			4
2025.10.21	02:09:39.264		0.92279			4
2025.10.21	02:09:51.878	0.92270				2
2025.10.21	02:10:00.967	0.92270				2
2025.10.21	02:10:04.472	0.92269	0.92278			6
2025.10.21	02:10:19.797	0.92270				2
2025.10.21	02:10:24.547	0.92269				2
2025.10.21	02:10:26.394	0.92268				2
2025.10.21	02:10:32.370	0.92270				2
2025.10.21	02:10:36.983		0.92279			4
2025.10.21	02:10:37.303	0.92268	0.92278			6
2025.10.21	02:10:38.306	0.92271	0.92281			6
2025.10.21	02:10:39.789	0.92270	0.92279			6
2025.10.21	02:10:41.670		0.92278			4
2025.10.21	02:10:46.317		0.92279			4
2025.10.21	02:10:46.876	0.92271				2
2025.10.21	02:10:47.385		0.92280			4
2025.10.21	02:10:47.698	0.92269	0.92277			6
2025.10.21	02:10:48.007	0.92270	0.92278			6
2025.10.21	02:10:50.540	0.92271	0.92279			6
2025.10.21	02:10:53.625	0.92270				2
2025.10.21	02:11:00.180	0.92270				2
2025.10.21	02:11:11.588	0.92271				2
2025.10.21	02:11:30.986	0.92270				2
2025.10.21	02:11:39.346	0.92271				2
2025.10.21	02:11:52.884		0.92279			4
2025.10.21	02:12:04.283	0.92271				2
2025.10.21	02:12:07.497	0.92269				2
2025.10.21	02:12:08.510		0.92280			4
2025.10.21	02:12:09.378		0.92279			4
2025.10.21	02:12:11.718		0.92278			4
2025.10.21	02:12:20.189		0.92279			4
2025.10.21	02:12:26.075		0.92278			4
2025.10.21	02:12:28.150		0.92279			4
2025.10.21	02:12:34.365		0.92278			4
2025.10.21	02:12:37.260	0.92270				2
2025.10.21	02:12:37.716	0.92269				2
2025.10.21	02:12:39.542	0.92268	0.92276			6
2025.10.21	02:12:39.859	0.92269	0.92279			6
2025.10.21	02:12:57.409		0.92280			4
2025.10.21	02:12:58.444		0.92279			4
2025.10.21	02:12:58.795	0.92270				2
2025.10.21	02:13:02.566	0.92270				2
2025.10.21	02:13:04.759	0.92271				2
2025.10.21	02:13:58.702		0.92279			4
2025.10.21	02:14:04.189	0.92271				2
2025.10.21	02:14:30.983	0.92270				2
2025.10.21	02:14:40.434	0.92271				2
2025.10.21	02:14:44.401		0.92278			4
2025.10.21	02:14:54.377		0.92279			4
2025.10.21	02:15:00.310	0.92271				2
2025.10.21	02:15:00.982		0.92278			4
2025.10.21	02:15:01.359	0.92270	0.92279			6
2025.10.21	02:15:01.682	0.92271				2
2025.10.21	02:15:02.258	0.92270				2
2025.10.21	02:15:03.418	0.92271				2
2025.10.21	02:15:05.006	0.92270	0.92280			6
2025.10.21	02:15:10.609	0.92271				2
2025.10.21	02:15:10.919	0.92270	0.92279			6
2025.10.21	02:15:20.861	0.92268				2
2025.10.21	02:15:23.561		0.92278			4
2025.10.21	02:15:33.340		0.92277			4
2025.10.21	02:15:40.749		0.92276			4
2025.10.21	02:15:56.703		0.92277			4
2025.10.21	02:16:00.101	0.92268				2
2025.10.21	02:16:10.434	0.92269				2
2025.10.21	02:16:13.203		0.92276			4
2025.10.21	02:16:14.092	0.92267	0.92277			6
2025.10.21	02:16:14.422	0.92266				2
2025.10.21	02:16:15.758	0.92267				2
2025.10.21	02:16:16.869		0.92279			4
2025.10.21	02:16:22.327		0.92277			4
2025.10.21	02:16:24.052	0.92266				2
2025.10.21	02:16:24.911		0.92276			4
2025.10.21	02:16:27.983	0.92265				2
2025.10.21	02:16:36.637		0.92275			4
2025.10.21	02:16:44.377		0.92276			4
2025.10.21	02:16:45.169		0.92273			4
2025.10.21	02:16:46.503		0.92274			4
2025.10.21	02:16:50.653		0.92273			4
2025.10.21	02:16:52.070	0.92263				2
2025.10.21	02:17:00.449	0.92265	0.92274			6
2025.10.21	02:17:02.347		0.92273			4
2025.10.21	02:17:03.545		0.92274			4
2025.10.21	02:17:12.957		0.92273			4
2025.10.21	02:17:16.322		0.92275			4
2025.10.21	02:17:18.308	0.92266				2
2025.10.21	02:17:26.411	0.92267				2
2025.10.21	02:17:29.514	0.92266	0.92274			6
2025.10.21	02:17:30.417	0.92265	0.92275			6
2025.10.21	02:17:31.605		0.92274			4
2025.10.21	02:17:39.952	0.92267				2
2025.10.21	02:17:40.616		0.92275			4
2025.10.21	02:17:41.714		0.92274			4
2025.10.21	02:17:58.665		0.92275			4
2025.10.21	02:18:00.036	0.92272	0.92280			6
2025.10.21	02:18:02.038	0.92271	0.92279			6
2025.10.21	02:18:28.100	0.92270				2
2025.10.21	02:18:49.569		0.92278			4
2025.10.21	02:18:49.883		0.92279			4
2025.10.21	02:18:50.779	0.92271	0.92280			6
2025.10.21	02:18:51.612	0.92270	0.92278			6
2025.10.21	02:18:53.740		0.92279			4
2025.10.21	02:18:57.983		0.92278			4
2025.10.21	02:18:58.807	0.92271	0.92280			6
2025.10.21	02:19:00.259	0.92269	0.92278			6
2025.10.21	02:19:00.577	0.92271				2
2025.10.21	02:19:03.180	0.92270				2
2025.10.21	02:19:05.203	0.92271	0.92279			6
2025.10.21	02:19:08.057	0.92270				2
2025.10.21	02:19:09.185	0.92271	0.92278			6
2025.10.21	02:19:11.240		0.92279			4
2025.10.21	02:19:27.917	0.92272	0.92281			6
2025.10.21	02:19:43.650	0.92273				2
2025.10.21	02:19:44.348	0.92272	0.92280			6
2025.10.21	02:19:45.455		0.92281			4
2025.10.21	02:19:47.532		0.92280			4
2025.10.21	02:19:54.040	0.92270				2
2025.10.21	02:19:54.799	0.92269				2
2025.10.21	02:20:00.344	0.92269				2
2025.10.21	02:20:02.852	0.92271	0.92279			6
2025.10.21	02:20:11.189		0.92278			4
2025.10.21	02:20:14.458	0.92270				2
2025.10.21	02:20:16.401	0.92269	0.92279			6
2025.10.21	02:20:17.764		0.92277			4
2025.10.21	02:20:18.858	0.92271	0.92279			6
2025.10.21	02:20:20.927		0.92280			4
2025.10.21	02:20:22.853		0.92281			4
2025.10.21	02:20:23.862		0.92280			4
2025.10.21	02:20:27.033	0.92272	0.92279			6
2025.10.21	02:20:29.219	0.92271	0.92280			6
2025.10.21	02:20:29.800	0.92272				2
2025.10.21	02:20:39.313		0.92281			4
2025.10.21	02:20:44.577		0.92280			4
2025.10.21	02:20:45.370		0.92281			4
2025.10.21	02:20:46.558		0.92280			4
2025.10.21	02:20:51.737	0.92271				2
2025.10.21	02:20:55.883	0.92272	0.92281			6
2025.10.21	02:20:57.955	0.92271				2
2025.10.21	02:20:58.986	0.92272				2
2025.10.21	02:21:00.023	0.92271				2
2025.10.21	02:21:01.059	0.92272				2
2025.10.21	02:21:02.095	0.92271				2
2025.10.21	02:21:04.164	0.92272				2
2025.10.21	02:21:06.238	0.92271				2
2025.10.21	02:21:07.241	0.92272				2
2025.10.21	02:21:11.125		0.92280			4
2025.10.21	02:21:14.043	0.92271				2
2025.10.21	02:21:16.592	0.92272				2
2025.10.21	02:21:18.792	0.92271				2
2025.10.21	02:21:19.698		0.92281			4
2025.10.21	02:21:21.769	0.92273	0.92280			6
2025.10.21	02:21:22.805	0.92272	0.92281			6
2025.10.21	02:21:24.867	0.92273				2
2025.10.21	02:21:26.041	0.92272				2
2025.10.21	02:21:28.371	0.92273				2
2025.10.21	02:21:30.156	0.92272	0.92280			6
2025.10.21	02:21:31.445	0.92271				2
2025.10.21	02:21:42.177	0.92270	0.92279			6
2025.10.21	02:21:45.268		0.92278			4
2025.10.21	02:21:46.339		0.92277			4
2025.10.21	02:21:47.410		0.92278			4
2025.10.21	02:21:48.438	0.92269	0.92279			6
2025.10.21	02:21:49.321	0.92271				2
2025.10.21	02:21:50.205		0.92280			4
2025.10.21	02:21:58.646		0.92279			4
2025.10.21	02:22:00.353	0.92271				2
2025.10.21	02:22:08.518	0.92270	0.92280			6
2025.10.21	02:22:14.104	0.92272	0.92281			6
2025.10.21	02:22:19.374	0.92273				2
2025.10.21	02:22:20.944		0.92283			4
2025.10.21	02:22:23.855	0.92274	0.92282			6
2025.10.21	02:22:24.173		0.92283			4
2025.10.21	02:22:24.575	0.92273	0.92281			6
2025.10.21	02:22:26.887	0.92274	0.92283			6
2025.10.21	02:22:28.232		0.92282			4
2025.10.21	02:22:34.525	0.92273				2
2025.10.21	02:22:36.590		0.92283			4
2025.10.21	02:22:38.797		0.92282			4
2025.10.21	02:22:40.327	0.92272				2
2025.10.21	02:22:41.878	0.92273				2
2025.10.21	02:22:43.671	0.92272	0.92280			6
2025.10.21	02:22:49.715	0.92271				2
2025.10.21	02:22:50.191		0.92279			4
2025.10.21	02:23:01.135	0.92271				2
2025.10.21	02:23:03.608	0.92272	0.92280			6
2025.10.21	02:23:05.458	0.92271	0.92279			6
2025.10.21	02:23:28.614	0.92272	0.92281			6
2025.10.21	02:23:36.334		0.92280			4
2025.10.21	02:24:00.356	0.92272				2
2025.10.21	02:24:03.463	0.92271				2
2025.10.21	02:24:06.985	0.92272				2
2025.10.21	02:24:17.436	0.92271				2
2025.10.21	02:24:24.224	0.92273	0.92282			6
2025.10.21	02:24:31.806		0.92281			4
2025.10.21	02:24:43.329		0.92282			4
2025.10.21	02:24:45.657	0.92272	0.92280			6
2025.10.21	02:24:49.469	0.92273				2
2025.10.21	02:24:51.786	0.92272	0.92281			6
2025.10.21	02:24:58.401	0.92273				2
2025.10.21	02:25:00.859	0.92273				2
2025.10.21	02:25:09.984	0.92271	0.92280			6
2025.10.21	02:25:22.390	0.92272	0.92281			6
2025.10.21	02:25:24.472		0.92280			4
2025.10.21	02:25:31.670	0.92271				2
2025.10.21	02:25:33.629	0.92272				2
2025.10.21	02:26:00.355	0.92272				2
2025.10.21	02:26:07.187	0.92271	0.92279			6
2025.10.21	02:26:11.952	0.92272	0.92280			6
2025.10.21	02:26:35.270	0.92270	0.92282			6
2025.10.21	02:26:38.863		0.92280			4
2025.10.21	02:26:41.862	0.92271	0.92281			6
2025.10.21	02:26:42.368		0.92280			4
2025.10.21	02:26:43.216		0.92279			4
2025.10.21	02:26:45.668	0.92270	0.92280			6
2025.10.21	02:26:46.013	0.92271	0.92282			6
2025.10.21	02:26:46.377		0.92281			4
2025.10.21	02:26:50.533		0.92282			4
2025.10.21	02:26:51.454		0.92280			4
2025.10.21	02:26:52.894	0.92270	0.92279			6
2025.10.21	02:27:02.490	0.92270				2
2025.10.21	02:27:26.454		0.92280			4
2025.10.21	02:27:27.475		0.92279			4
2025.10.21	02:27:43.131		0.92278			4
2025.10.21	02:27:46.190	0.92271	0.92280			6
2025.10.21	02:27:52.376	0.92270				2
2025.10.21	02:27:53.181		0.92279			4
2025.10.21	02:27:53.649		0.92281			4
2025.10.21	02:28:00.287	0.92270				2
2025.10.21	02:28:14.795	0.92271	0.92280			6
2025.10.21	02:28:21.430	0.92272	0.92281			6
2025.10.21	02:28:37.252		0.92280			4
2025.10.21	02:28:38.413	0.92273	0.92282			6
2025.10.21	02:28:39.378		0.92283			4
2025.10.21	02:28:40.295	0.92274	0.92282			6
2025.10.21	02:28:41.447		0.92283			4
2025.10.21	02:28:42.547		0.92284			4
2025.10.21	02:28:46.179		0.92283			4
2025.10.21	02:28:46.707		0.92282			4
2025.10.21	02:28:48.492		0.92283			4
2025.10.21	02:28:52.730		0.92284			4
2025.10.21	02:28:53.834		0.92283			4
2025.10.21	02:28:54.599	0.92272	0.92280			6
2025.10.21	02:29:00.375	0.92272	0.92282			6
2025.10.21	02:29:04.411	0.92271	0.92280			6
2025.10.21	02:29:12.759		0.92279			4
2025.10.21	02:29:14.416	0.92272	0.92280			6
2025.10.21	02:29:15.974		0.92281			4
2025.10.21	02:29:16.350	0.92271	0.92279			6
2025.10.21	02:29:19.981	0.92270	0.92280			6
2025.10.21	02:29:32.139	0.92272	0.92281			6
2025.10.21	02:29:32.926	0.92269	0.92279			6
2025.10.21	02:29:34.093	0.92270				2
2025.10.21	02:29:42.378	0.92269				2
2025.10.21	02:29:44.083	0.92268	0.92278			6
2025.10.21	02:29:46.912		0.92279			4
2025.10.21	02:29:47.218	0.92270				2
2025.10.21	02:29:51.499		0.92278			4
2025.10.21	02:29:52.651		0.92279			4
2025.10.21	02:29:54.091		0.92278			4
2025.10.21	02:29:54.476		0.92279			4
2025.10.21	02:29:57.636	0.92269				2
2025.10.21	02:30:00.174	0.92269	0.92277			6
2025.10.21	02:30:00.480	0.92270				2
2025.10.21	02:30:00.788		0.92279			4
2025.10.21	02:30:01.181	0.92269	0.92277			6
2025.10.21	02:30:11.265	0.92268				2
2025.10.21	02:30:18.072	0.92269				2
2025.10.21	02:30:23.753	0.92268				2
2025.10.21	02:30:34.834		0.92276			4
2025.10.21	02:30:40.483		0.92277			4
2025.10.21	02:30:41.948	0.92269				2
2025.10.21	02:30:42.579	0.92268				2
2025.10.21	02:30:43.858	0.92269				2
2025.10.21	02:30:45.427		0.92279			4
2025.10.21	02:30:49.917	0.92270	0.92278			6
2025.10.21	02:30:55.296		0.92279			4
2025.10.21	02:31:00.457	0.92270				2
2025.10.21	02:31:08.344	0.92269	0.92277			6
2025.10.21	02:31:10.863	0.92268	0.92276			6
2025.10.21	02:31:11.727		0.92277			4
2025.10.21	02:31:15.696	0.92269				2
2025.10.21	02:31:18.416	0.92267	0.92275			6
2025.10.21	02:31:21.462	0.92266				2
2025.10.21	02:31:23.829		0.92276			4
2025.10.21	02:31:28.975		0.92275			4
2025.10.21	02:31:35.658		0.92274			4
2025.10.21	02:31:36.371		0.92275			4
2025.10.21	02:31:39.623	0.92267				2
2025.10.21	02:31:44.644	0.92268	0.92276			6
2025.10.21	02:31:48.909		0.92277			4
2025.10.21	02:31:50.353		0.92276			4
2025.10.21	02:31:50.684		0.92277			4
2025.10.21	02:31:53.227	0.92269				2
2025.10.21	02:31:58.853		0.92278			4
2025.10.21	02:32:02.026	0.92269				2
2025.10.21	02:32:02.381		0.92276			4
2025.10.21	02:32:05.518	0.92270	0.92278			6
2025.10.21	02:32:10.351		0.92279			4
2025.10.21	02:32:14.025		0.92280			4
2025.10.21	02:32:16.688		0.92278			4
2025.10.21	02:32:17.691	0.92269	0.92277			6
2025.10.21	02:32:18.618	0.92270				2
2025.10.21	02:32:29.791	0.92269	0.92280			6
2025.10.21	02:32:49.513		0.92279			4
2025.10.21	02:32:50.358		0.92280			4
2025.10.21	02:32:51.000		0.92279			4
2025.10.21	02:32:52.425		0.92280			4
2025.10.21	02:32:53.590		0.92279			4
2025.10.21	02:33:00.528	0.92269				2
2025.10.21	02:33:01.748		0.92280			4
2025.10.21	02:33:04.810		0.92279			4
2025.10.21	02:33:07.504		0.92277			4
2025.10.21	02:33:09.995	0.92267	0.92276			6
2025.10.21	02:33:10.355	0.92268				2
2025.10.21	02:33:18.670	0.92269	0.92277			6
2025.10.21	02:33:19.007	0.92270	0.92279			6
2025.10.21	02:33:44.151		0.92278			4
2025.10.21	02:33:54.009		0.92279			4
2025.10.21	02:33:57.583	0.92272				2
2025.10.21	02:33:58.809	0.92271				2
2025.10.21	02:33:59.428	0.92270				2
2025.10.21	02:34:00.174	0.92270				2
2025.10.21	02:34:00.484		0.92278			4
2025.10.21	02:34:05.270	0.92269	0.92281			6
2025.10.21	02:34:13.218	0.92270	0.92279			6
2025.10.21	02:34:17.686	0.92269	0.92280			6
2025.10.21	02:34:22.812		0.92278			4
2025.10.21	02:34:32.534	0.92271				2
2025.10.21	02:34:36.613	0.92270	0.92280			6
2025.10.21	02:34:37.087		0.92279			4
2025.10.21	02:34:39.686	0.92271				2
2025.10.21	02:34:40.728	0.92270	0.92278			6
2025.10.21	02:34:43.051	0.92269	0.92279			6
2025.10.21	02:34:44.873		0.92278			4
2025.10.21	02:34:46.360		0.92279			4
2025.10.21	02:34:46.699		0.92278			4
2025.10.21	02:34:50.529	0.92270	0.92279			6
2025.10.21	02:35:01.898	0.92270				2
2025.10.21	02:35:03.148	0.92271				2
2025.10.21	02:35:19.139	0.92270				2
2025.10.21	02:35:20.203		0.92280			4
2025.10.21	02:35:31.377		0.92279			4
2025.10.21	02:35:36.802	0.92268	0.92277			6
2025.10.21	02:35:37.954	0.92269				2
2025.10.21	02:36:00.075	0.92269				2
2025.10.21	02:36:03.211	0.92268	0.92276			6
2025.10.21	02:36:15.021	0.92269				2
2025.10.21	02:36:16.655	0.92268	0.92278			6
2025.10.21	02:36:18.317		0.92277			4
2025.10.21	02:37:01.361	0.92268				2
2025.10.21	02:37:12.640	0.92269				2
2025.10.21	02:37:18.379		0.92277			4
2025.10.21	02:37:45.015		0.92278			4
2025.10.21	02:37:46.223	0.92270	0.92277			6
2025.10.21	02:37:49.389	0.92268	0.92276			6
2025.10.21	02:37:58.930	0.92269	0.92277			6
2025.10.21	02:38:00.354	0.92269				2
2025.10.21	02:38:13.576		0.92278			4
2025.10.21	02:38:14.130	0.92270	0.92279			6
2025.10.21	02:38:21.158	0.92269				2
2025.10.21	02:38:26.766	0.92270				2
2025.10.21	02:39:00.358	0.92270				2
2025.10.21	02:39:17.580		0.92279			4
2025.10.21	02:39:29.953		0.92278			4
2025.10.21	02:39:32.531		0.92279			4
2025.10.21	02:39:33.684		0.92278			4
2025.10.21	02:39:50.572		0.92279			4
2025.10.21	02:40:01.294	0.92270				2
2025.10.21	02:40:30.375		0.92278			4
2025.10.21	02:40:36.195	0.92268	0.92277			6
2025.10.21	02:40:41.255		0.92278			4
2025.10.21	02:40:41.667	0.92269	0.92277			6
2025.10.21	02:40:42.105	0.92268	0.92278			6
2025.10.21	02:40:43.869	0.92269				2
2025.10.21	02:40:44.252	0.92268	0.92277			6
2025.10.21	02:40:47.865	0.92269				2
2025.10.21	02:40:59.210	0.92268	0.92278			6
2025.10.21	02:41:00.458	0.92268				2
2025.10.21	02:41:03.237		0.92276			4
2025.10.21	02:41:04.350	0.92269	0.92277			6
2025.10.21	02:41:26.274		0.92278			4
2025.10.21	02:41:31.465		0.92277			4
2025.10.21	02:41:57.740		0.92278			4
2025.10.21	02:42:00.355	0.92269				2
2025.10.21	02:42:00.984	0.92268	0.92277			6
2025.10.21	02:42:05.662	0.92269	0.92278			6
2025.10.21	02:42:17.055	0.92270				2
2025.10.21	02:43:00.983	0.92269	0.92277			6
2025.10.21	02:43:15.113		0.92278			4
2025.10.21	02:43:16.876		0.92277			4
2025.10.21	02:43:17.947	0.92268	0.92278			6
2025.10.21	02:43:22.630	0.92269				2
2025.10.21	02:43:26.376		0.92277			4
2025.10.21	02:43:51.984	0.92268	0.92278			6
2025.10.21	02:44:00.825	0.92268				2
2025.10.21	02:44:01.599	0.92269				2
2025.10.21	02:44:50.926	0.92270	0.92277			6
2025.10.21	02:44:53.894	0.92268	0.92278			6
2025.10.21	02:44:54.311		0.92277			4
2025.10.21	02:44:57.237	0.92270				2
2025.10.21	02:45:01.603	0.92269				2
2025.10.21	02:45:09.383	0.92268	0.92278			6
2025.10.21	02:45:12.849	0.92269	0.92277			6
2025.10.21	02:45:25.068	0.92268				2
2025.10.21	02:45:25.396	0.92269				2
2025.10.21	02:45:31.624	0.92270	0.92278			6
2025.10.21	02:45:32.125	0.92269	0.92279			6
2025.10.21	02:45:37.875	0.92268	0.92275			6
2025.10.21	02:45:40.857	0.92266	0.92276			6
2025.10.21	02:45:41.347	0.92270	0.92278			6
2025.10.21	02:45:49.649	0.92269				2
2025.10.21	02:45:50.825		0.92279			4
2025.10.21	02:45:52.422		0.92278			4
2025.10.21	02:45:55.280		0.92277			4
2025.10.21	02:45:56.897		0.92278			4
2025.10.21	02:45:57.256		0.92277			4
2025.10.21	02:46:00.454	0.92269				2
2025.10.21	02:46:01.940		0.92278			4
2025.10.21	02:46:06.193		0.92277			4
2025.10.21	02:46:12.621		0.92278			4
2025.10.21	02:46:13.743	0.92270	0.92277			6
2025.10.21	02:46:14.077	0.92269	0.92278			6
2025.10.21	02:46:16.345		0.92277			4
2025.10.21	02:46:17.455	0.92268	0.92276			6
2025.10.21	02:46:19.444	0.92267	0.92277			6
2025.10.21	02:46:21.194	0.92269				2
2025.10.21	02:46:21.600		0.92276			4
2025.10.21	02:46:24.157		0.92277			4
2025.10.21	02:46:27.795	0.92268				2
2025.10.21	02:46:28.600		0.92276			4
2025.10.21	02:46:30.505	0.92267				2
2025.10.21	02:46:31.760	0.92268				2
2025.10.21	02:46:33.193	0.92267				2
2025.10.21	02:46:35.286	0.92268				2
2025.10.21	02:46:36.550		0.92277			4
2025.10.21	02:46:36.854	0.92269				2
2025.10.21	02:46:37.928		0.92278			4
2025.10.21	02:46:38.439	0.92268				2
2025.10.21	02:46:40.714	0.92267	0.92276			6
2025.10.21	02:46:51.203	0.92268				2
2025.10.21	02:47:00.044	0.92268				2
2025.10.21	02:47:01.520	0.92266	0.92275			6
2025.10.21	02:47:03.436	0.92264				2
2025.10.21	02:47:04.637	0.92265				2
2025.10.21	02:47:05.136	0.92266				2
2025.10.21	02:47:14.124	0.92265				2
2025.10.21	02:47:16.361	0.92266				2
2025.10.21	02:47:17.852	0.92267				2
2025.10.21	02:47:18.686	0.92266				2
2025.10.21	02:47:24.134		0.92274			4
2025.10.21	02:47:24.438	0.92267	0.92275			6
2025.10.21	02:47:26.065	0.92266				2
2025.10.21	02:47:28.135	0.92267				2
2025.10.21	02:47:38.459	0.92266	0.92274			6
2025.10.21	02:47:56.810	0.92267	0.92275			6
2025.10.21	02:48:00.434	0.92267				2
2025.10.21	02:48:02.594		0.92274			4
2025.10.21	02:48:06.984	0.92268	0.92275			6
2025.10.21	02:48:09.286		0.92277			4
2025.10.21	02:48:09.587		0.92276			4
2025.10.21	02:48:12.621	0.92269	0.92275			6
2025.10.21	02:48:38.059	0.92267	0.92274			6
2025.10.21	02:48:38.367	0.92264				2
2025.10.21	02:48:39.770	0.92265				2
2025.10.21	02:48:48.885	0.92266				2
2025.10.21	02:48:49.423	0.92265				2
2025.10.21	02:48:51.130	0.92266	0.92275			6
2025.10.21	02:48:54.788	0.92267				2
2025.10.21	02:49:00.438	0.92267				2
2025.10.21	02:49:02.450	0.92268				2
2025.10.21	02:49:06.560	0.92267	0.92276			6
2025.10.21	02:49:09.073		0.92275			4
2025.10.21	02:49:10.466		0.92276			4
2025.10.21	02:49:15.486	0.92268	0.92275			6
2025.10.21	02:49:16.639	0.92267				2
2025.10.21	02:49:20.123		0.92274			4
2025.10.21	02:49:21.673	0.92266	0.92275			6
2025.10.21	02:49:22.705	0.92267	0.92274			6
2025.10.21	02:49:23.673	0.92266	0.92275			6
2025.10.21	02:49:24.904		0.92274			4
2025.10.21	02:49:26.737	0.92267				2
2025.10.21	02:49:30.395	0.92266	0.92276			6
2025.10.21	02:49:30.911	0.92267	0.92274			6
2025.10.21	02:49:32.031	0.92266	0.92275			6
2025.10.21	02:49:34.592	0.92267	0.92274			6
2025.10.21	02:49:35.287	0.92268	0.92275			6
2025.10.21	02:49:36.938	0.92267				2
2025.10.21	02:49:40.217	0.92268				2
2025.10.21	02:49:42.114	0.92267				2
2025.10.21	02:49:59.982	0.92268	0.92278			6
2025.10.21	02:50:00.297	0.92269	0.92277			6
2025.10.21	02:50:03.671		0.92278			4
2025.10.21	02:50:05.598	0.92270	0.92277			6
2025.10.21	02:50:09.983	0.92269				2
2025.10.21	02:50:11.605		0.92276			4
2025.10.21	02:50:12.789		0.92277			4
2025.10.21	02:50:17.348	0.92268	0.92278			6
2025.10.21	02:50:22.061		0.92277			4
2025.10.21	02:50:26.985	0.92267				2
2025.10.21	02:50:33.001	0.92270	0.92278			6
2025.10.21	02:50:34.433	0.92268	0.92275			6
2025.10.21	02:50:34.851	0.92269	0.92276			6
2025.10.21	02:50:52.328	0.92268	0.92275			6
2025.10.21	02:50:52.640	0.92269	0.92276			6
2025.10.21	02:50:53.816	0.92267	0.92274			6
2025.10.21	02:50:55.189	0.92268	0.92275			6
2025.10.21	02:50:56.736		0.92276			4
2025.10.21	02:50:57.812		0.92274			4
2025.10.21	02:50:58.569		0.92275			4
2025.10.21	02:50:59.795		0.92274			4
2025.10.21	02:51:00.097	0.92268				2
2025.10.21	02:51:01.229		0.92275			4
2025.10.21	02:51:02.503	0.92267				2
2025.10.21	02:51:17.913	0.92268				2
2025.10.21	02:51:20.057	0.92267	0.92274			6
2025.10.21	02:51:22.903	0.92268				2
2025.10.21	02:51:30.996	0.92267				2
2025.10.21	02:51:44.916	0.92269	0.92276			6
2025.10.21	02:51:59.359		0.92275			4
2025.10.21	02:51:59.917	0.92267				2
2025.10.21	02:52:00.473	0.92268				2
2025.10.21	02:52:03.324	0.92267				2
2025.10.21	02:52:12.029	0.92268				2
2025.10.21	02:52:19.373	0.92269				2
2025.10.21	02:52:22.320	0.92267				2
2025.10.21	02:52:23.885	0.92266				2
2025.10.21	02:52:24.506	0.92268				2
2025.10.21	02:52:26.342	0.92267	0.92276			6
2025.10.21	02:52:27.170	0.92268				2
2025.10.21	02:52:27.653		0.92275			4
2025.10.21	02:52:29.156	0.92266	0.92274			6
2025.10.21	02:52:30.172	0.92269	0.92276			6
2025.10.21	02:52:33.985	0.92267				2
2025.10.21	02:52:35.706	0.92268	0.92275			6
2025.10.21	02:52:48.030	0.92269				2
2025.10.21	02:52:50.314	0.92267	0.92276			6
2025.10.21	02:52:54.438	0.92269	0.92275			6
2025.10.21	02:52:54.884	0.92268	0.92276			6
2025.10.21	02:52:55.202	0.92267	0.92275			6
2025.10.21	02:52:59.448	0.92268				2
2025.10.21	02:53:00.897	0.92268	0.92276			6
2025.10.21	02:53:03.870	0.92267				2
2025.10.21	02:53:04.729	0.92268				2
2025.10.21	02:53:07.786	0.92267	0.92277			6
2025.10.21	02:53:08.616	0.92268	0.92276			6
2025.10.21	02:53:10.096	0.92267				2
2025.10.21	02:53:17.415	0.92268				2
2025.10.21	02:53:22.357		0.92277			4
2025.10.21	02:53:25.144	0.92266	0.92275			6
2025.10.21	02:53:25.501	0.92267				2
2025.10.21	02:53:26.149	0.92269	0.92277			6
2025.10.21	02:53:27.221	0.92266	0.92275			6
2025.10.21	02:53:27.577	0.92267	0.92276			6
2025.10.21	02:53:28.479	0.92268				2
2025.10.21	02:53:28.883	0.92269				2
2025.10.21	02:53:29.970	0.92268				2
2025.10.21	02:53:30.367	0.92269				2
2025.10.21	02:53:32.637	0.92268	0.92275			6
2025.10.21	02:53:34.521	0.92267	0.92276			6
2025.10.21	02:53:43.387	0.92269	0.92275			6
2025.10.21	02:53:46.312	0.92268	0.92276			6
2025.10.21	02:53:56.057	0.92269				2
2025.10.21	02:53:57.749	0.92268				2
2025.10.21	02:54:01.812	0.92268				2
2025.10.21	02:54:07.779	0.92267				2
2025.10.21	02:54:08.697	0.92265	0.92273			6
2025.10.21	02:54:12.569	0.92267	0.92275			6
2025.10.21	02:54:17.071	0.92270	0.92277			6
2025.10.21	02:54:18.291		0.92276			4
2025.10.21	02:54:19.205	0.92269				2
2025.10.21	02:54:35.860	0.92270				2
2025.10.21	02:54:46.800	0.92269				2
2025.10.21	02:54:49.586	0.92268	0.92275			6
2025.10.21	02:55:00.457	0.92268	0.92277			6
2025.10.21	02:55:01.188	0.92269	0.92276			6
2025.10.21	02:55:06.983	0.92268				2
2025.10.21	02:55:21.620	0.92269				2
2025.10.21	02:55:22.093	0.92267	0.92277			6
2025.10.21	02:55:23.021	0.92268	0.92276			6
2025.10.21	02:55:24.309		0.92277			4
2025.10.21	02:55:29.193	0.92265	0.92273			6
2025.10.21	02:55:35.792	0.92266				2
2025.10.21	02:55:37.521	0.92265	0.92274			6
2025.10.21	02:55:37.879	0.92268	0.92276			6
2025.10.21	02:55:41.262	0.92267	0.92275			6
2025.10.21	02:55:43.394	0.92268	0.92274			6
2025.10.21	02:55:43.798	0.92267				2
2025.10.21	02:55:44.884	0.92266	0.92275			6
2025.10.21	02:55:47.261	0.92267				2
2025.10.21	02:55:48.939		0.92276			4
2025.10.21	02:56:00.447	0.92268	0.92275			6
2025.10.21	02:56:00.843	0.92267				2
2025.10.21	02:56:01.532	0.92268				2
2025.10.21	02:56:13.202	0.92267	0.92274			6
2025.10.21	02:56:17.688	0.92268	0.92275			6
2025.10.21	02:56:19.866	0.92267				2
2025.10.21	02:56:22.129	0.92268	0.92274			6
2025.10.21	02:56:23.381	0.92269	0.92275			6
2025.10.21	02:56:23.760	0.92268	0.92274			6
2025.10.21	02:56:32.389	0.92267	0.92275			6
2025.10.21	02:56:35.545	0.92268				2
2025.10.21	02:56:36.769	0.92267				2
2025.10.21	02:56:38.482	0.92268				2
2025.10.21	02:56:42.015		0.92274			4
2025.10.21	02:56:46.289		0.92275			4
2025.10.21	02:56:53.023	0.92267				2
2025.10.21	02:56:58.839	0.92268				2
2025.10.21	02:57:00.245	0.92269	0.92276			6
2025.10.21	02:57:04.217	0.92268	0.92274			6
2025.10.21	02:57:04.885		0.92276			4
2025.10.21	02:57:06.959		0.92277			4
2025.10.21	02:57:08.974	0.92270				2
2025.10.21	02:57:18.117	0.92269	0.92276			6
2025.10.21	02:57:21.983		0.92277			4
2025.10.21	02:57:36.984	0.92270				2
2025.10.21	02:57:38.396	0.92269	0.92278			6
2025.10.21	02:57:40.199	0.92270	0.92277			6
2025.10.21	02:57:42.265	0.92269				2
2025.10.21	02:57:43.332	0.92270	0.92278			6
2025.10.21	02:57:43.640	0.92271				2
2025.10.21	02:57:55.095		0.92279			4
2025.10.21	02:58:00.984	0.92272	0.92278			6
2025.10.21	02:58:05.358		0.92279			4
2025.10.21	02:58:10.268	0.92273				2
2025.10.21	02:58:11.411		0.92280			4
2025.10.21	02:58:13.609	0.92274				2
2025.10.21	02:58:21.119	0.92273				2
2025.10.21	02:58:23.883	0.92274				2
2025.10.21	02:58:26.035	0.92277	0.92283			6
2025.10.21	02:58:26.773	0.92276	0.92284			6
2025.10.21	02:58:30.507	0.92277	0.92285			6
2025.10.21	02:58:30.840	0.92278				2
2025.10.21	02:58:33.521	0.92280	0.92287			6
2025.10.21	02:58:33.822	0.92279				2
2025.10.21	02:58:36.223	0.92280	0.92286			6
2025.10.21	02:58:39.549		0.92288			4
2025.10.21	02:58:46.067	0.92279	0.92287			6
2025.10.21	02:58:46.534	0.92280	0.92288			6
2025.10.21	02:58:50.796		0.92287			4
2025.10.21	02:59:00.473	0.92280	0.92288			6
2025.10.21	02:59:03.382		0.92287			4
2025.10.21	02:59:07.484	0.92281	0.92288			6
2025.10.21	02:59:14.250	0.92280	0.92287			6
2025.10.21	02:59:14.615	0.92279	0.92288			6
2025.10.21	02:59:15.133	0.92280				2
2025.10.21	02:59:15.666	0.92279	0.92285			6
2025.10.21	02:59:16.284	0.92278				2
2025.10.21	02:59:17.615		0.92286			4
2025.10.21	02:59:20.773	0.92279	0.92288			6
2025.10.21	02:59:21.769		0.92287			4
2025.10.21	02:59:24.715		0.92288			4
2025.10.21	02:59:26.100		0.92286			4
2025.10.21	02:59:32.460		0.92285			4
2025.10.21	02:59:36.986	0.92278	0.92286			6
2025.10.21	02:59:39.126		0.92285			4
2025.10.21	02:59:41.724	0.92277	0.92284			6
2025.10.21	02:59:45.736	0.92278	0.92285			6
2025.10.21	02:59:46.777	0.92276	0.92284			6
2025.10.21	02:59:47.576	0.92277	0.92283			6
2025.10.21	02:59:52.922	0.92276	0.92285			6
2025.10.21	02:59:53.263		0.92283			4
2025.10.21	03:00:00.128	0.92273	0.92280			6
2025.10.21	03:00:00.445		0.92281			4
2025.10.21	03:00:00.802	0.92274	0.92280			6
2025.10.21	03:00:01.137	0.92273	0.92281			6
2025.10.21	03:00:01.449	0.92274				2
2025.10.21	03:00:01.774	0.92272	0.92280			6
2025.10.21	03:00:02.434	0.92274	0.92281			6
2025.10.21	03:00:03.098	0.92277	0.92286			6
2025.10.21	03:00:03.427		0.92285			4
2025.10.21	03:00:05.576	0.92278				2
2025.10.21	03:00:06.059		0.92286			4
2025.10.21	03:00:06.435		0.92285			4
2025.10.21	03:00:07.492	0.92280	0.92288			6
2025.10.21	03:00:09.033	0.92279	0.92286			6
2025.10.21	03:00:09.910	0.92280	0.92288			6
2025.10.21	03:00:10.753	0.92279	0.92286			6
2025.10.21	03:00:11.759	0.92280				2
2025.10.21	03:00:13.035	0.92279	0.92287			6
2025.10.21	03:00:18.660	0.92280	0.92288			6
2025.10.21	03:00:18.967	0.92279	0.92287			6
2025.10.21	03:00:20.406	0.92278	0.92286			6
2025.10.21	03:00:22.400	0.92277				2
2025.10.21	03:00:22.737		0.92287			4
2025.10.21	03:00:23.388		0.92286			4
2025.10.21	03:00:24.420	0.92276	0.92284			6
2025.10.21	03:00:25.064	0.92277	0.92285			6
2025.10.21	03:00:25.537		0.92284			4
2025.10.21	03:00:25.869		0.92286			4
2025.10.21	03:00:32.045		0.92283			4
2025.10.21	03:00:32.765	0.92276	0.92284			6
2025.10.21	03:00:33.705	0.92277	0.92285			6
2025.10.21	03:00:34.737		0.92286			4
2025.10.21	03:00:36.366	0.92276				2
2025.10.21	03:00:37.742	0.92277	0.92284			6
2025.10.21	03:00:38.641	0.92276	0.92285			6
2025.10.21	03:00:39.365		0.92284			4
2025.10.21	03:00:41.189		0.92286			4
2025.10.21	03:00:45.862	0.92277	0.92284			6
2025.10.21	03:00:46.168		0.92285			4
2025.10.21	03:00:46.505	0.92276	0.92284			6
2025.10.21	03:00:47.486	0.92274	0.92282			6
2025.10.21	03:00:47.810	0.92275	0.92283			6
2025.10.21	03:00:48.542	0.92277	0.92285			6
2025.10.21	03:00:53.569	0.92278	0.92286			6
2025.10.21	03:00:54.076		0.92285			4
2025.10.21	03:00:54.909		0.92286			4
2025.10.21	03:00:55.521		0.92285			4
2025.10.21	03:00:56.660		0.92286			4
2025.10.21	03:00:57.367		0.92285			4
2025.10.21	03:00:57.815	0.92277	0.92286			6
2025.10.21	03:00:58.602		0.92287			4
2025.10.21	03:00:59.449	0.92278	0.92286			6
2025.10.21	03:00:59.783		0.92285			4
2025.10.21	03:01:00.456	0.92278				2
2025.10.21	03:01:01.441	0.92277				2
2025.10.21	03:01:02.322		0.92286			4
2025.10.21	03:01:04.122	0.92279	0.92287			6
2025.10.21	03:01:05.071	0.92278	0.92286			6
2025.10.21	03:01:05.386		0.92285			4
2025.10.21	03:01:05.692		0.92286			4
2025.10.21	03:01:06.016	0.92277	0.92285			6
2025.10.21	03:01:06.354	0.92276	0.92286			6
2025.10.21	03:01:06.663	0.92277				2
2025.10.21	03:01:07.526		0.92283			4
2025.10.21	03:01:08.413		0.92284			4
2025.10.21	03:01:08.880	0.92276				2
2025.10.21	03:01:09.201	0.92277				2
2025.10.21	03:01:10.125	0.92276	0.92283			6
2025.10.21	03:01:10.586	0.92273	0.92280			6
2025.10.21	03:01:16.746	0.92272				2
2025.10.21	03:01:17.131	0.92271	0.92279			6
2025.10.21	03:01:21.323		0.92278			4
2025.10.21	03:01:21.729		0.92279			4
2025.10.21	03:01:22.039	0.92272	0.92280			6
2025.10.21	03:01:22.683	0.92270	0.92278			6
2025.10.21	03:01:23.175	0.92273	0.92280			6
2025.10.21	03:01:24.648	0.92272	0.92279			6
2025.10.21	03:01:24.969	0.92270	0.92278			6
2025.10.21	03:01:25.278	0.92272	0.92279			6
2025.10.21	03:01:27.007	0.92271				2
2025.10.21	03:01:27.829		0.92278			4
2025.10.21	03:01:28.225		0.92279			4
2025.10.21	03:01:28.847	0.92270				2
2025.10.21	03:01:29.173		0.92278			4
2025.10.21	03:01:30.678	0.92272	0.92280			6
2025.10.21	03:01:32.201	0.92273				2
2025.10.21	03:01:32.552	0.92272	0.92279			6
2025.10.21	03:01:34.222	0.92271	0.92278			6
2025.10.21	03:01:34.997		0.92279			4
2025.10.21	03:01:35.503		0.92278			4
2025.10.21	03:01:36.657		0.92279			4
2025.10.21	03:01:37.037	0.92272				2
2025.10.21	03:01:37.529	0.92269	0.92277			6
2025.10.21	03:01:37.926		0.92278			4
2025.10.21	03:01:38.713	0.92270				2
2025.10.21	03:01:39.060	0.92269	0.92277			6
2025.10.21	03:01:39.788		0.92278			4
2025.10.21	03:01:42.695		0.92276			4
2025.10.21	03:01:43.004	0.92268				2
2025.10.21	03:01:43.958		0.92277			4
2025.10.21	03:01:44.577		0.92276			4
2025.10.21	03:01:44.930		0.92274			4
2025.10.21	03:01:45.238		0.92275			4
2025.10.21	03:01:45.701	0.92269	0.92276			6
2025.10.21	03:01:46.020		0.92277			4
2025.10.21	03:01:46.363		0.92278			4
2025.10.21	03:01:47.271		0.92277			4
2025.10.21	03:01:48.364		0.92278			4
2025.10.21	03:01:49.723		0.92277			4
2025.10.21	03:01:53.957	0.92271	0.92279			6
2025.10.21	03:01:54.288	0.92272	0.92280			6
2025.10.21	03:01:54.822	0.92270	0.92279			6
2025.10.21	03:01:55.723	0.92271	0.92280			6
2025.10.21	03:01:57.267		0.92279			4
2025.10.21	03:01:59.674		0.92280			4
2025.10.21	03:02:00.051	0.92273	0.92283			6
2025.10.21	03:02:00.358		0.92282			4
2025.10.21	03:02:00.722		0.92283			4
2025.10.21	03:02:02.086	0.92274				2
2025.10.21	03:02:02.734		0.92284			4
2025.10.21	03:02:03.147		0.92283			4
2025.10.21	03:02:03.451		0.92282			4
2025.10.21	03:02:04.073		0.92283			4
2025.10.21	03:02:05.229	0.92273	0.92282			6
2025.10.21	03:02:05.761	0.92272				2
2025.10.21	03:02:09.479	0.92273	0.92283			6
2025.10.21	03:02:09.782	0.92274	0.92284			6
2025.10.21	03:02:10.643	0.92275	0.92283			6
2025.10.21	03:02:13.685	0.92274	0.92284			6
2025.10.21	03:02:15.373	0.92275				2
2025.10.21	03:02:17.736		0.92283			4
2025.10.21	03:02:18.051	0.92274	0.92281			6
2025.10.21	03:02:18.357	0.92273	0.92280			6
2025.10.21	03:02:19.460		0.92281			4
2025.10.21	03:02:20.786		0.92280			4
2025.10.21	03:02:22.496		0.92279			4
2025.10.21	03:02:26.494	0.92272	0.92280			6
2025.10.21	03:02:26.889	0.92273				2
2025.10.21	03:02:29.160	0.92272				2
2025.10.21	03:02:30.384	0.92271	0.92278			6
2025.10.21	03:02:33.553		0.92279			4
2025.10.21	03:02:35.832	0.92272	0.92281			6
2025.10.21	03:02:42.115		0.92282			4
2025.10.21	03:02:42.556		0.92281			4
2025.10.21	03:02:43.492		0.92280			4
2025.10.21	03:02:44.425		0.92281			4
2025.10.21	03:02:44.748		0.92280			4
2025.10.21	03:02:45.369	0.92273	0.92283			6
2025.10.21	03:02:45.673		0.92282			4
2025.10.21	03:02:46.071	0.92272				2
2025.10.21	03:02:48.074		0.92283			4
2025.10.21	03:02:48.861	0.92268	0.92277			6
2025.10.21	03:02:49.220	0.92269	0.92278			6
2025.10.21	03:02:49.521	0.92268	0.92277			6
2025.10.21	03:02:49.840	0.92270	0.92279			6
2025.10.21	03:02:50.465		0.92278			4
2025.10.21	03:02:51.728	0.92269				2
2025.10.21	03:02:52.096	0.92268				2
2025.10.21	03:02:52.955		0.92277			4
2025.10.21	03:02:54.719		0.92278			4
2025.10.21	03:02:57.384	0.92270	0.92277			6
2025.10.21	03:02:57.838	0.92271				2
2025.10.21	03:03:00.171	0.92271				2
2025.10.21	03:03:03.181		0.92278			4
2025.10.21	03:03:03.688	0.92273	0.92282			6
2025.10.21	03:03:04.587		0.92281			4
2025.10.21	03:03:05.042	0.92272	0.92280			6
2025.10.21	03:03:05.360	0.92271	0.92278			6
2025.10.21	03:03:05.679	0.92270				2
2025.10.21	03:03:06.540	0.92271				2
2025.10.21	03:03:06.849	0.92272	0.92281			6
2025.10.21	03:03:07.929		0.92280			4
2025.10.21	03:03:10.753	0.92271	0.92278			6
2025.10.21	03:03:11.078	0.92272	0.92281			6
2025.10.21	03:03:12.270	0.92271	0.92279			6
2025.10.21	03:03:12.950	0.92272	0.92281			6
2025.10.21	03:03:13.663	0.92271				2
2025.10.21	03:03:24.793	0.92269	0.92277			6
2025.10.21	03:03:25.153	0.92271	0.92279			6
2025.10.21	03:03:25.460		0.92280			4
2025.10.21	03:03:25.877	0.92272				2
2025.10.21	03:03:30.594	0.92271				2
2025.10.21	03:03:36.250	0.92270	0.92278			6
2025.10.21	03:03:37.312		0.92277			4
2025.10.21	03:03:37.678	0.92269	0.92278			6
2025.10.21	03:03:38.163		0.92277			4
2025.10.21	03:03:38.522	0.92267	0.92276			6
2025.10.21	03:03:38.840	0.92266	0.92274			6
2025.10.21	03:03:40.314	0.92267				2
2025.10.21	03:03:40.634	0.92268	0.92275			6
2025.10.21	03:03:42.020	0.92267	0.92274			6
2025.10.21	03:03:42.643		0.92273			4
2025.10.21	03:03:43.131	0.92266				2
2025.10.21	03:03:45.146	0.92267				2
2025.10.21	03:03:45.796		0.92277			4
2025.10.21	03:03:48.738		0.92276			4
2025.10.21	03:03:51.686	0.92266				2
2025.10.21	03:03:52.086	0.92265	0.92275			6
2025.10.21	03:03:53.166	0.92266	0.92276			6
