<DATE>	<TIME>	<BID>	<ASK>	<LAST>	<VOLUME>	<FLAGS>
2025.11.12	00:03:30.748	0.92625	0.92791			6
2025.11.12	00:04:00.752	0.92625				2
2025.11.12	00:04:32.340		0.92791			4
2025.11.12	00:05:00.438	0.92624	0.92761			6
2025.11.12	00:06:00.359	0.92624				2
2025.11.12	00:06:00.848		0.92761			4
2025.11.12	00:07:00.854	0.92624	0.92761			6
2025.11.12	00:08:00.162	0.92624				2
2025.11.12	00:08:00.854		0.92761			4
2025.11.12	00:08:34.347	0.92625				2
2025.11.12	00:08:35.494	0.92624				2
2025.11.12	00:08:47.734	0.92625				2
2025.11.12	00:08:51.814	0.92624				2
2025.11.12	00:08:58.958	0.92625				2
2025.11.12	00:08:59.973	0.92627				2
2025.11.12	00:09:01.003	0.92627	0.92761			6
2025.11.12	00:09:04.054	0.92629				2
2025.11.12	00:09:10.175	0.92624				2
2025.11.12	00:09:12.219	0.92625				2
2025.11.12	00:09:13.233	0.92627				2
2025.11.12	00:09:14.256	0.92629				2
2025.11.12	00:09:15.274	0.92624				2
2025.11.12	00:09:17.315	0.92625				2
2025.11.12	00:09:18.335	0.92627				2
2025.11.12	00:09:19.355	0.92629				2
2025.11.12	00:09:20.374	0.92624				2
2025.11.12	00:09:21.395	0.92625				2
2025.11.12	00:09:22.435	0.92627				2
2025.11.12	00:09:23.454	0.92624				2
2025.11.12	00:09:25.493	0.92625				2
2025.11.12	00:09:26.513	0.92627				2
2025.11.12	00:09:27.536	0.92629				2
2025.11.12	00:09:29.575	0.92624				2
2025.11.12	00:09:30.595	0.92627				2
2025.11.12	00:09:31.622	0.92629				2
2025.11.12	00:09:38.343	0.92630				2
2025.11.12	00:09:40.348	0.92629				2
2025.11.12	00:09:42.836	0.92624				2
2025.11.12	00:09:43.855	0.92627				2
2025.11.12	00:09:44.876	0.92628				2
2025.11.12	00:09:45.894	0.92629				2
2025.11.12	00:09:47.256	0.92636				2
2025.11.12	00:09:47.933	0.92639				2
2025.11.12	00:09:48.956	0.92641				2
2025.11.12	00:09:49.974	0.92642				2
2025.11.12	00:09:50.994	0.92629				2
2025.11.12	00:09:52.013	0.92637				2
2025.11.12	00:09:53.035	0.92638				2
2025.11.12	00:09:54.054	0.92633				2
2025.11.12	00:09:55.074	0.92647	0.92774			6
2025.11.12	00:09:55.670	0.92669				2
2025.11.12	00:10:00.220	0.92672				2
2025.11.12	00:10:12.126	0.92689	0.92828			6
2025.11.12	00:10:44.251		0.92827			4
2025.11.12	00:10:45.556	0.92687	0.92828			6
2025.11.12	00:10:49.068		0.92827			4
2025.11.12	00:10:50.675	0.92689	0.92828			6
2025.11.12	00:10:56.445	0.92687	0.92827			6
2025.11.12	00:10:58.400		0.92828			4
2025.11.12	00:11:00.008	0.92687				2
2025.11.12	00:11:01.260		0.92827			4
2025.11.12	00:11:03.818	0.92689				2
2025.11.12	00:11:05.422	0.92675	0.92774			6
2025.11.12	00:11:06.917	0.92678	0.92776			6
2025.11.12	00:11:08.967	0.92689	0.92827			6
2025.11.12	00:11:09.933	0.92678	0.92776			6
2025.11.12	00:11:13.770	0.92677				2
2025.11.12	00:11:20.304	0.92676				2
2025.11.12	00:11:21.416	0.92687	0.92827			6
2025.11.12	00:11:22.369	0.92676	0.92776			6
2025.11.12	00:11:27.637	0.92689	0.92828			6
2025.11.12	00:11:28.543	0.92676	0.92776			6
2025.11.12	00:11:33.968	0.92689	0.92828			6
2025.11.12	00:11:34.918	0.92676	0.92776			6
2025.11.12	00:11:39.771	0.92677				2
2025.11.12	00:12:01.407	0.92677				2
2025.11.12	00:12:02.869	0.92678				2
2025.11.12	00:12:07.225	0.92680				2
2025.11.12	00:12:08.279	0.92678				2
2025.11.12	00:12:12.215	0.92681				2
2025.11.12	00:12:22.281	0.92680				2
2025.11.12	00:12:22.925	0.92681				2
2025.11.12	00:12:26.347	0.92661	0.92761			6
2025.11.12	00:12:30.908	0.92682	0.92778			6
2025.11.12	00:12:32.927	0.92681				2
2025.11.12	00:12:34.668	0.92682				2
2025.11.12	00:12:40.595	0.92687				2
2025.11.12	00:13:00.014	0.92694				2
2025.11.12	00:13:16.120	0.92696	0.92785			6
2025.11.12	00:13:26.211	0.92703				2
2025.11.12	00:13:27.380	0.92717				2
2025.11.12	00:13:27.688	0.92712				2
2025.11.12	00:13:27.990	0.92707				2
2025.11.12	00:13:28.294	0.92704				2
2025.11.12	00:13:29.515	0.92709				2
2025.11.12	00:13:29.822	0.92704				2
2025.11.12	00:13:30.440	0.92705				2
2025.11.12	00:13:31.051	0.92714				2
2025.11.12	00:13:31.967	0.92715				2
2025.11.12	00:13:32.276	0.92714				2
2025.11.12	00:13:33.491	0.92715				2
2025.11.12	00:13:34.099	0.92716				2
2025.11.12	00:13:36.853	0.92714				2
2025.11.12	00:13:37.157	0.92713				2
2025.11.12	00:13:37.462	0.92717				2
2025.11.12	00:13:39.942	0.92718				2
2025.11.12	00:13:40.258	0.92717				2
2025.11.12	00:13:43.342	0.92710				2
2025.11.12	00:13:43.948	0.92709				2
2025.11.12	00:13:44.255	0.92710				2
2025.11.12	00:13:44.564	0.92709				2
2025.11.12	00:13:46.097	0.92710				2
2025.11.12	00:13:46.398	0.92709				2
2025.11.12	00:13:47.318	0.92708				2
2025.11.12	00:13:47.927	0.92709				2
2025.11.12	00:13:50.061	0.92708				2
2025.11.12	00:13:50.366	0.92709				2
2025.11.12	00:13:50.669	0.92711				2
2025.11.12	00:13:50.983	0.92709				2
2025.11.12	00:13:53.738	0.92710				2
2025.11.12	00:13:54.359	0.92709				2
2025.11.12	00:13:55.593	0.92710				2
2025.11.12	00:13:55.900	0.92711				2
2025.11.12	00:13:56.216	0.92709				2
2025.11.12	00:13:58.051	0.92708				2
2025.11.12	00:13:58.358	0.92710				2
2025.11.12	00:13:58.661	0.92709				2
2025.11.12	00:13:59.577	0.92711				2
2025.11.12	00:13:59.897	0.92709				2
2025.11.12	00:14:00.205	0.92709				2
2025.11.12	00:14:01.137	0.92710				2
2025.11.12	00:14:01.756	0.92709				2
2025.11.12	00:14:02.378	0.92710				2
2025.11.12	00:14:02.697	0.92709				2
2025.11.12	00:14:08.547	0.92708				2
2025.11.12	00:14:08.862	0.92709				2
2025.11.12	00:14:09.165	0.92711				2
2025.11.12	00:14:09.477	0.92709				2
2025.11.12	00:14:11.805	0.92708				2
2025.11.12	00:14:12.311	0.92712				2
2025.11.12	00:14:16.120		0.92787			4
2025.11.12	00:14:19.141	0.92708				2
2025.11.12	00:14:19.460	0.92714				2
2025.11.12	00:14:20.083	0.92709				2
2025.11.12	00:14:20.717	0.92708				2
2025.11.12	00:14:22.234	0.92709				2
2025.11.12	00:14:29.618	0.92712				2
2025.11.12	00:14:29.918	0.92718				2
2025.11.12	00:14:30.728	0.92716				2
2025.11.12	00:14:31.037	0.92717				2
2025.11.12	00:14:31.346	0.92716				2
2025.11.12	00:14:31.659	0.92718				2
2025.11.12	00:14:38.346	0.92714				2
2025.11.12	00:14:39.077	0.92711				2
2025.11.12	00:14:39.750	0.92706				2
2025.11.12	00:14:40.082	0.92703				2
2025.11.12	00:14:41.541	0.92706				2
2025.11.12	00:14:41.847	0.92703				2
2025.11.12	00:14:43.570	0.92698				2
2025.11.12	00:15:00.172	0.92624	0.92761			6
2025.11.12	00:15:18.055	0.92628				2
2025.11.12	00:15:19.137	0.92632				2
2025.11.12	00:15:20.115	0.92636				2
2025.11.12	00:15:21.179	0.92639	0.92760			6
2025.11.12	00:15:22.155	0.92642	0.92757			6
2025.11.12	00:15:23.174	0.92650	0.92754			6
2025.11.12	00:15:25.039	0.92652				2
2025.11.12	00:15:25.701	0.92655	0.92753			6
2025.11.12	00:16:00.219	0.92655				2
2025.11.12	00:16:20.498	0.92660	0.92754			6
2025.11.12	00:16:37.315	0.92675	0.92753			6
2025.11.12	00:16:37.775	0.92654	0.92755			6
2025.11.12	00:16:39.512		0.92760			4
2025.11.12	00:16:39.866	0.92653	0.92761			6
2025.11.12	00:16:40.254	0.92661				2
2025.11.12	00:16:42.510	0.92662	0.92759			6
2025.11.12	00:16:43.068	0.92653	0.92761			6
2025.11.12	00:16:44.514	0.92662	0.92759			6
2025.11.12	00:16:47.269	0.92661	0.92756			6
2025.11.12	00:17:00.314	0.92661				2
2025.11.12	00:17:05.814	0.92669	0.92761			6
2025.11.12	00:17:09.121	0.92660	0.92756			6
2025.11.12	00:17:35.162	0.92659	0.92753			6
2025.11.12	00:17:44.120	0.92668	0.92761			6
2025.11.12	00:17:52.819	0.92652	0.92755			6
2025.11.12	00:17:53.422	0.92654				2
2025.11.12	00:17:55.820	0.92659				2
2025.11.12	00:18:00.351	0.92659				2
2025.11.12	00:18:11.610	0.92662	0.92756			6
2025.11.12	00:18:26.905	0.92660				2
2025.11.12	00:18:31.102	0.92658	0.92754			6
2025.11.12	00:19:02.044	0.92658				2
2025.11.12	00:19:31.108		0.92754			4
2025.11.12	00:20:00.323	0.92658				2
2025.11.12	00:20:04.240	0.92653	0.92755			6
2025.11.12	00:20:59.250	0.92654				2
2025.11.12	00:21:00.351	0.92654				2
2025.11.12	00:21:06.768		0.92755			4
2025.11.12	00:21:15.169	0.92655				2
2025.11.12	00:21:23.568	0.92656				2
2025.11.12	00:21:35.731	0.92658				2
2025.11.12	00:21:37.791	0.92659				2
2025.11.12	00:21:40.069	0.92660				2
2025.11.12	00:21:48.324	0.92658	0.92758			6
2025.11.12	00:21:48.626	0.92663				2
2025.11.12	00:21:48.939	0.92665				2
2025.11.12	00:21:49.241	0.92666				2
2025.11.12	00:21:49.865	0.92668				2
2025.11.12	00:21:50.798	0.92669				2
2025.11.12	00:21:51.418	0.92672	0.92757			6
2025.11.12	00:21:51.722	0.92671				2
2025.11.12	00:21:52.038	0.92673				2
2025.11.12	00:21:52.346	0.92672				2
2025.11.12	00:21:52.658	0.92673				2
2025.11.12	00:21:52.961	0.92674				2
2025.11.12	00:21:53.278	0.92675				2
2025.11.12	00:21:53.583	0.92674				2
2025.11.12	00:21:53.898	0.92675				2
2025.11.12	00:21:54.520	0.92678				2
2025.11.12	00:21:57.867	0.92672				2
2025.11.12	00:21:59.097	0.92671				2
2025.11.12	00:22:00.353	0.92671				2
2025.11.12	00:22:00.845	0.92672				2
2025.11.12	00:22:04.980	0.92671				2
2025.11.12	00:22:20.443	0.92676				2
2025.11.12	00:22:21.089	0.92677				2
2025.11.12	00:22:22.209	0.92678				2
2025.11.12	00:22:27.171	0.92677				2
2025.11.12	00:22:31.068	0.92675				2
2025.11.12	00:22:31.911	0.92676				2
2025.11.12	00:22:32.269	0.92677				2
2025.11.12	00:22:34.263	0.92675				2
2025.11.12	00:22:37.269	0.92679				2
2025.11.12	00:22:40.069	0.92677				2
2025.11.12	00:22:41.370	0.92676				2
2025.11.12	00:22:41.913	0.92675				2
2025.11.12	00:22:42.728	0.92676				2
2025.11.12	00:22:43.383		0.92756			4
2025.11.12	00:22:45.899	0.92675				2
2025.11.12	00:22:47.703	0.92676				2
2025.11.12	00:22:52.434	0.92674				2
2025.11.12	00:22:52.738	0.92673				2
2025.11.12	00:22:53.547	0.92674				2
2025.11.12	00:22:54.584	0.92677				2
2025.11.12	00:22:56.854	0.92679				2
2025.11.12	00:22:58.465	0.92678				2
2025.11.12	00:23:00.315	0.92678				2
2025.11.12	00:23:00.900	0.92677				2
2025.11.12	00:23:01.902	0.92680				2
2025.11.12	00:23:03.550	0.92678				2
2025.11.12	00:23:03.903	0.92680				2
2025.11.12	00:23:04.605	0.92679				2
2025.11.12	00:23:05.903	0.92680				2
2025.11.12	00:23:14.121	0.92678				2
2025.11.12	00:23:14.829	0.92679				2
2025.11.12	00:23:17.854	0.92680				2
2025.11.12	00:23:24.827	0.92678				2
2025.11.12	00:23:25.146	0.92675				2
2025.11.12	00:23:25.636	0.92676				2
2025.11.12	00:23:26.148	0.92678	0.92760			6
2025.11.12	00:23:27.161		0.92758			4
2025.11.12	00:23:29.223	0.92679				2
2025.11.12	00:23:32.656		0.92756			4
2025.11.12	00:23:34.951	0.92678				2
2025.11.12	00:23:35.641	0.92677				2
2025.11.12	00:23:36.458	0.92679				2
2025.11.12	00:23:41.235	0.92678				2
2025.11.12	00:23:41.805	0.92679				2
2025.11.12	00:23:46.459	0.92677				2
2025.11.12	00:23:47.274	0.92678				2
2025.11.12	00:23:49.972	0.92679				2
2025.11.12	00:23:53.271	0.92678				2
2025.11.12	00:23:55.069	0.92677				2
2025.11.12	00:23:55.756	0.92673				2
2025.11.12	00:23:57.690	0.92672				2
2025.11.12	00:23:58.077	0.92673				2
2025.11.12	00:23:58.578	0.92678	0.92754			6
2025.11.12	00:24:00.358	0.92678				2
2025.11.12	00:24:02.244	0.92677				2
2025.11.12	00:24:07.668	0.92678				2
2025.11.12	00:24:08.082	0.92676				2
2025.11.12	00:24:08.633	0.92678				2
2025.11.12	00:24:18.638	0.92676				2
2025.11.12	00:24:18.990	0.92672				2
2025.11.12	00:24:19.418	0.92669				2
2025.11.12	00:24:25.307	0.92674	0.92753			6
2025.11.12	00:24:29.233	0.92673				2
2025.11.12	00:24:29.783	0.92674				2
2025.11.12	00:24:38.160	0.92676				2
2025.11.12	00:24:39.196	0.92675				2
2025.11.12	00:24:39.785	0.92674				2
2025.11.12	00:24:40.334	0.92675				2
2025.11.12	00:24:47.692	0.92676				2
2025.11.12	00:24:49.581	0.92675				2
2025.11.12	00:24:50.334	0.92674				2
2025.11.12	00:24:50.931	0.92675				2
2025.11.12	00:24:51.903	0.92674				2
2025.11.12	00:24:52.345	0.92675				2
2025.11.12	00:24:54.177	0.92674				2
2025.11.12	00:25:00.371	0.92674				2
2025.11.12	00:25:18.938	0.92675				2
2025.11.12	00:25:22.152	0.92677				2
2025.11.12	00:25:24.785	0.92676				2
2025.11.12	00:25:26.209		0.92753			4
2025.11.12	00:25:27.678	0.92678	0.92755			6
2025.11.12	00:25:28.343	0.92677				2
2025.11.12	00:25:41.569	0.92678				2
2025.11.12	00:25:43.370	0.92677				2
2025.11.12	00:25:52.969	0.92678				2
2025.11.12	00:26:00.448	0.92678				2
2025.11.12	00:26:13.573	0.92679				2
2025.11.12	00:26:27.858		0.92755			4
2025.11.12	00:26:34.698	0.92681				2
2025.11.12	00:26:51.919	0.92682				2
2025.11.12	00:27:02.349	0.92683				2
2025.11.12	00:27:03.735	0.92684				2
2025.11.12	00:27:14.899	0.92682				2
2025.11.12	00:27:16.669	0.92681				2
2025.11.12	00:27:21.173	0.92682				2
2025.11.12	00:27:28.669		0.92755			4
2025.11.12	00:27:44.183	0.92683				2
2025.11.12	00:27:45.450	0.92684				2
2025.11.12	00:27:55.668	0.92683				2
2025.11.12	00:28:00.356	0.92683				2
2025.11.12	00:28:10.070	0.92684				2
2025.11.12	00:28:30.168		0.92755			4
2025.11.12	00:28:45.450	0.92685				2
2025.11.12	00:29:01.070	0.92685				2
2025.11.12	00:29:01.918		0.92756			4
2025.11.12	00:29:05.621	0.92684				2
2025.11.12	00:29:15.651	0.92685				2
2025.11.12	00:29:25.672	0.92687	0.92762			6
2025.11.12	00:29:54.169	0.92688				2
2025.11.12	00:30:00.306	0.92688				2
2025.11.12	00:30:00.643	0.92689				2
2025.11.12	00:30:00.972	0.92688				2
2025.11.12	00:30:01.593	0.92689				2
2025.11.12	00:30:01.924	0.92688				2
2025.11.12	00:30:03.399		0.92763			4
2025.11.12	00:30:03.755	0.92686				2
2025.11.12	00:30:04.103	0.92689				2
2025.11.12	00:30:04.426	0.92688				2
2025.11.12	00:30:04.739		0.92765			4
2025.11.12	00:30:05.387	0.92690				2
2025.11.12	00:30:06.075	0.92688				2
2025.11.12	00:30:06.417	0.92690				2
2025.11.12	00:30:06.745	0.92688				2
2025.11.12	00:30:07.093	0.92690				2
2025.11.12	00:30:07.742	0.92688				2
2025.11.12	00:30:08.804	0.92689				2
2025.11.12	00:30:09.146	0.92688				2
2025.11.12	00:30:11.297	0.92689				2
2025.11.12	00:30:11.615	0.92688				2
2025.11.12	00:30:13.601	0.92687	0.92761			6
2025.11.12	00:30:14.004	0.92688				2
2025.11.12	00:30:14.650	0.92687				2
2025.11.12	00:30:16.223	0.92688				2
2025.11.12	00:30:16.856	0.92687				2
2025.11.12	00:30:17.622	0.92685				2
2025.11.12	00:30:22.492	0.92679	0.92753			6
2025.11.12	00:30:22.843	0.92676				2
2025.11.12	00:30:23.188	0.92679				2
2025.11.12	00:30:23.521	0.92677				2
2025.11.12	00:30:23.995	0.92684	0.92754			6
2025.11.12	00:30:33.895	0.92687	0.92759			6
2025.11.12	00:30:39.470	0.92686				2
2025.11.12	00:30:40.696	0.92687				2
2025.11.12	00:30:45.111	0.92689	0.92762			6
2025.11.12	00:30:50.342	0.92688	0.92759			6
2025.11.12	00:30:52.373		0.92762			4
2025.11.12	00:30:54.374	0.92687	0.92761			6
2025.11.12	00:30:56.617	0.92686				2
2025.11.12	00:30:57.439	0.92687				2
2025.11.12	00:30:58.375	0.92686	0.92757			6
2025.11.12	00:30:59.572	0.92685				2
2025.11.12	00:31:00.566	0.92688	0.92764			6
2025.11.12	00:31:02.312	0.92689				2
2025.11.12	00:31:03.768	0.92688				2
2025.11.12	00:31:04.079	0.92689	0.92763			6
2025.11.12	00:31:10.071	0.92688				2
2025.11.12	00:31:32.430	0.92689				2
2025.11.12	00:32:01.073	0.92689	0.92761			6
2025.11.12	00:32:04.068	0.92690				2
2025.11.12	00:32:38.349	0.92691	0.92758			6
2025.11.12	00:32:38.677		0.92761			4
2025.11.12	00:32:45.100	0.92692				2
2025.11.12	00:33:02.984	0.92691				2
2025.11.12	00:33:25.671	0.92692				2
2025.11.12	00:33:34.806	0.92691				2
2025.11.12	00:33:39.499		0.92761			4
2025.11.12	00:34:02.281	0.92691				2
2025.11.12	00:34:03.380	0.92690				2
2025.11.12	00:34:18.376	0.92691				2
2025.11.12	00:34:33.385	0.92690				2
2025.11.12	00:34:42.172		0.92761			4
2025.11.12	00:34:48.374	0.92689				2
2025.11.12	00:34:58.694	0.92688				2
2025.11.12	00:35:00.280	0.92688				2
2025.11.12	00:35:07.788	0.92693				2
2025.11.12	00:35:10.369	0.92692				2
2025.11.12	00:35:13.514	0.92691				2
2025.11.12	00:35:16.748	0.92695				2
2025.11.12	00:35:33.156	0.92693				2
2025.11.12	00:35:33.475	0.92690				2
2025.11.12	00:35:34.874	0.92685	0.92753			6
2025.11.12	00:35:35.373	0.92691	0.92761			6
2025.11.12	00:35:35.888	0.92695				2
2025.11.12	00:35:36.271	0.92694				2
2025.11.12	00:35:36.807	0.92695				2
2025.11.12	00:35:38.293	0.92696				2
2025.11.12	00:35:38.765	0.92701				2
2025.11.12	00:35:39.113	0.92704				2
2025.11.12	00:35:43.119	0.92705				2
2025.11.12	00:35:49.372	0.92706				2
2025.11.12	00:35:50.321	0.92705				2
2025.11.12	00:35:54.114	0.92703				2
2025.11.12	00:35:57.071	0.92705				2
2025.11.12	00:36:02.797	0.92705				2
2025.11.12	00:36:12.225	0.92703				2
2025.11.12	00:36:14.651	0.92705				2
2025.11.12	00:36:24.373	0.92700				2
2025.11.12	00:36:32.074	0.92705				2
2025.11.12	00:36:34.606	0.92703				2
2025.11.12	00:36:35.479		0.92761			4
2025.11.12	00:36:36.226	0.92702				2
2025.11.12	00:36:38.479	0.92704				2
2025.11.12	00:36:41.375	0.92706				2
2025.11.12	00:36:41.877	0.92708				2
2025.11.12	00:36:42.281	0.92709				2
2025.11.12	00:36:42.615	0.92713				2
2025.11.12	00:36:43.267	0.92711				2
2025.11.12	00:36:45.277	0.92712				2
2025.11.12	00:36:45.771	0.92707				2
2025.11.12	00:36:50.021	0.92701				2
2025.11.12	00:36:51.123	0.92717				2
2025.11.12	00:36:52.127	0.92694				2
2025.11.12	00:36:52.439	0.92692				2
2025.11.12	00:36:54.096	0.92702				2
2025.11.12	00:36:54.427	0.92707				2
2025.11.12	00:36:55.132	0.92704				2
2025.11.12	00:36:55.916	0.92710				2
2025.11.12	00:36:56.295	0.92713				2
2025.11.12	00:36:56.961	0.92715				2
2025.11.12	00:36:57.348	0.92716				2
2025.11.12	00:36:58.082	0.92717				2
2025.11.12	00:36:58.770	0.92716				2
2025.11.12	00:36:59.874	0.92717				2
2025.11.12	00:37:00.730	0.92717				2
2025.11.12	00:37:01.969	0.92718				2
2025.11.12	00:37:03.372	0.92699				2
2025.11.12	00:37:03.706	0.92709				2
2025.11.12	00:37:04.018	0.92698				2
2025.11.12	00:37:04.343	0.92700				2
2025.11.12	00:37:04.720	0.92705				2
2025.11.12	00:37:05.320	0.92706				2
2025.11.12	00:37:06.592	0.92707				2
2025.11.12	00:37:10.081	0.92708				2
2025.11.12	00:37:13.260	0.92705				2
2025.11.12	00:37:15.559	0.92708				2
2025.11.12	00:37:16.921	0.92706				2
2025.11.12	00:37:20.540	0.92708				2
2025.11.12	00:37:22.415	0.92705				2
2025.11.12	00:37:24.825	0.92709				2
2025.11.12	00:37:30.561	0.92705				2
2025.11.12	00:37:36.594	0.92709	0.92761			6
2025.11.12	00:37:51.595	0.92705				2
2025.11.12	00:37:55.165	0.92709				2
2025.11.12	00:37:56.393	0.92708				2
2025.11.12	00:37:56.893	0.92709				2
2025.11.12	00:37:57.821	0.92707				2
2025.11.12	00:37:58.498	0.92709				2
2025.11.12	00:38:00.424	0.92709				2
2025.11.12	00:38:04.036	0.92705				2
2025.11.12	00:38:07.812	0.92709				2
2025.11.12	00:38:08.688	0.92705				2
2025.11.12	00:38:11.647	0.92709				2
2025.11.12	00:38:19.258	0.92701				2
2025.11.12	00:38:19.758	0.92712				2
2025.11.12	00:38:20.257	0.92715				2
2025.11.12	00:38:20.677	0.92712				2
2025.11.12	00:38:20.994	0.92713				2
2025.11.12	00:38:21.669	0.92715				2
2025.11.12	00:38:22.119	0.92721				2
2025.11.12	00:38:22.645	0.92698				2
2025.11.12	00:38:22.972	0.92709				2
2025.11.12	00:38:24.113	0.92714				2
2025.11.12	00:38:24.423	0.92715				2
2025.11.12	00:38:25.075	0.92721				2
2025.11.12	00:38:25.450	0.92718				2
2025.11.12	00:38:26.691	0.92717				2
2025.11.12	00:38:27.204	0.92716				2
2025.11.12	00:38:27.733	0.92712				2
2025.11.12	00:38:29.026	0.92719				2
2025.11.12	00:38:32.246	0.92718				2
2025.11.12	00:38:32.568	0.92711				2
2025.11.12	00:38:32.870	0.92712				2
2025.11.12	00:38:33.258	0.92709				2
2025.11.12	00:38:34.825	0.92712				2
2025.11.12	00:38:35.327	0.92696				2
2025.11.12	00:38:37.369	0.92717	0.92761			6
2025.11.12	00:38:37.712	0.92722				2
2025.11.12	00:38:38.224	0.92702				2
2025.11.12	00:38:38.541	0.92697				2
2025.11.12	00:38:39.509	0.92702				2
2025.11.12	00:38:40.070	0.92703				2
2025.11.12	00:38:40.932	0.92696				2
2025.11.12	00:38:41.609	0.92714				2
2025.11.12	00:38:42.053	0.92712				2
2025.11.12	00:38:42.373	0.92721				2
2025.11.12	00:38:42.682	0.92716				2
2025.11.12	00:38:43.151	0.92705				2
2025.11.12	00:38:43.481	0.92704				2
2025.11.12	00:38:44.196	0.92717				2
2025.11.12	00:38:45.204	0.92716				2
2025.11.12	00:38:46.888	0.92707				2
2025.11.12	00:38:48.478	0.92717				2
2025.11.12	00:38:49.373	0.92718				2
2025.11.12	00:38:49.678	0.92696				2
2025.11.12	00:38:51.123	0.92715				2
2025.11.12	00:38:52.121	0.92712				2
2025.11.12	00:38:52.926	0.92705				2
2025.11.12	00:38:53.810	0.92717				2
2025.11.12	00:38:54.122	0.92715				2
2025.11.12	00:38:54.841	0.92706				2
2025.11.12	00:38:55.494	0.92702				2
2025.11.12	00:38:55.881	0.92700				2
2025.11.12	00:38:56.490	0.92716				2
2025.11.12	00:38:56.897	0.92717				2
2025.11.12	00:38:57.206	0.92718				2
2025.11.12	00:38:58.677	0.92717				2
2025.11.12	00:38:59.756	0.92705				2
2025.11.12	00:39:00.064	0.92703				2
2025.11.12	00:39:00.419	0.92701				2
2025.11.12	00:39:00.758	0.92703				2
2025.11.12	00:39:02.207	0.92702				2
2025.11.12	00:39:03.280	0.92728	0.92794			6
2025.11.12	00:39:04.556	0.92729				2
2025.11.12	00:39:05.011	0.92728				2
2025.11.12	00:39:05.623	0.92727				2
2025.11.12	00:39:18.361	0.92726				2
2025.11.12	00:39:25.077	0.92727				2
2025.11.12	00:39:28.672	0.92726				2
2025.11.12	00:39:32.035	0.92727				2
2025.11.12	00:39:33.354	0.92726				2
2025.11.12	00:39:37.367	0.92725				2
2025.11.12	00:39:40.934	0.92726				2
2025.11.12	00:39:41.689	0.92725				2
2025.11.12	00:39:48.358	0.92724				2
2025.11.12	00:39:51.160	0.92725				2
2025.11.12	00:40:00.537	0.92725				2
2025.11.12	00:40:04.894		0.92794			4
2025.11.12	00:40:10.350	0.92726				2
2025.11.12	00:40:35.881	0.92725				2
2025.11.12	00:40:38.569	0.92726				2
2025.11.12	00:40:46.209	0.92727				2
2025.11.12	00:41:01.968	0.92727				2
2025.11.12	00:41:05.579		0.92794			4
2025.11.12	00:41:21.407	0.92726				2
2025.11.12	00:41:23.569	0.92725				2
2025.11.12	00:41:25.566	0.92724				2
2025.11.12	00:41:25.968	0.92726				2
2025.11.12	00:41:26.528	0.92725				2
2025.11.12	00:41:27.213	0.92726				2
2025.11.12	00:41:33.570	0.92728				2
2025.11.12	00:41:45.114	0.92721				2
2025.11.12	00:41:51.125	0.92720				2
2025.11.12	00:41:52.043	0.92719				2
2025.11.12	00:41:55.069	0.92718				2
2025.11.12	00:42:00.447	0.92718				2
2025.11.12	00:42:05.690	0.92716	0.92794			6
2025.11.12	00:42:06.345	0.92707				2
2025.11.12	00:42:06.814	0.92712				2
2025.11.12	00:42:09.500	0.92716				2
2025.11.12	00:42:09.999	0.92717				2
2025.11.12	00:42:10.501	0.92716				2
2025.11.12	00:42:11.002	0.92714				2
2025.11.12	00:42:12.902	0.92715				2
2025.11.12	00:42:15.074	0.92716				2
2025.11.12	00:43:01.408	0.92716				2
2025.11.12	00:43:02.390	0.92721				2
2025.11.12	00:43:03.491	0.92715				2
2025.11.12	00:43:04.471	0.92718				2
2025.11.12	00:43:05.692	0.92715	0.92794			6
2025.11.12	00:43:08.270	0.92716				2
2025.11.12	00:43:35.903	0.92715				2
2025.11.12	00:43:48.132	0.92716				2
2025.11.12	00:43:48.802	0.92717				2
2025.11.12	00:43:49.601	0.92716				2
2025.11.12	00:43:51.823	0.92715				2
2025.11.12	00:43:54.204	0.92714				2
2025.11.12	00:44:02.904	0.92714				2
2025.11.12	00:44:05.430	0.92715				2
2025.11.12	00:44:07.668		0.92794			4
2025.11.12	00:44:26.802	0.92708				2
2025.11.12	00:44:27.304	0.92707				2
2025.11.12	00:44:27.887	0.92708				2
2025.11.12	00:44:38.354	0.92707				2
2025.11.12	00:44:38.689	0.92708				2
2025.11.12	00:44:41.889	0.92707				2
2025.11.12	00:44:49.181	0.92706				2
2025.11.12	00:44:54.434	0.92707				2
2025.11.12	00:44:56.893	0.92706				2
2025.11.12	00:45:02.373	0.92715				2
2025.11.12	00:45:03.073	0.92712	0.92884			6
2025.11.12	00:45:04.023	0.92714	0.92885			6
2025.11.12	00:45:07.027	0.92707	0.92794			6
2025.11.12	00:45:10.968	0.92725	0.92776			6
2025.11.12	00:45:13.683	0.92719				2
2025.11.12	00:45:14.347	0.92723				2
2025.11.12	00:45:16.204	0.92722				2
2025.11.12	00:45:18.071	0.92720				2
2025.11.12	00:45:25.665	0.92715				2
2025.11.12	00:45:26.664	0.92714				2
2025.11.12	00:45:27.945	0.92716				2
2025.11.12	00:45:29.375	0.92711				2
2025.11.12	00:45:30.359	0.92708				2
2025.11.12	00:45:31.122	0.92707				2
2025.11.12	00:45:31.725	0.92708				2
2025.11.12	00:45:35.264	0.92709				2
2025.11.12	00:45:38.870	0.92708				2
2025.11.12	00:45:40.661	0.92707				2
2025.11.12	00:45:41.689	0.92713				2
2025.11.12	00:45:44.045	0.92712				2
2025.11.12	00:45:44.705	0.92713				2
2025.11.12	00:45:49.423	0.92714				2
2025.11.12	00:45:49.736	0.92713				2
2025.11.12	00:45:50.722	0.92714				2
2025.11.12	00:45:52.487	0.92713				2
2025.11.12	00:45:59.278	0.92712				2
2025.11.12	00:46:00.006	0.92710				2
2025.11.12	00:46:00.377	0.92711				2
2025.11.12	00:46:02.305	0.92713				2
2025.11.12	00:46:02.914	0.92717				2
2025.11.12	00:46:03.656	0.92719				2
2025.11.12	00:46:04.158	0.92721				2
2025.11.12	00:46:04.585	0.92713				2
2025.11.12	00:46:06.610	0.92714				2
2025.11.12	00:46:09.227	0.92713				2
2025.11.12	00:46:11.893		0.92776			4
2025.11.12	00:46:13.970	0.92714				2
2025.11.12	00:46:14.549	0.92715				2
2025.11.12	00:46:15.021	0.92714				2
2025.11.12	00:46:16.028	0.92710				2
2025.11.12	00:46:17.204	0.92712				2
2025.11.12	00:46:17.588	0.92713				2
2025.11.12	00:46:19.626	0.92714				2
2025.11.12	00:46:20.252	0.92715				2
2025.11.12	00:46:20.692	0.92713				2
2025.11.12	00:46:21.663	0.92714				2
2025.11.12	00:46:22.764	0.92713				2
2025.11.12	00:46:23.382	0.92714				2
2025.11.12	00:46:24.501	0.92713				2
2025.11.12	00:46:25.767	0.92712				2
2025.11.12	00:46:26.891	0.92711				2
2025.11.12	00:46:30.350	0.92708				2
2025.11.12	00:46:32.387	0.92709				2
2025.11.12	00:46:38.372	0.92708				2
2025.11.12	00:46:40.242	0.92709				2
2025.11.12	00:46:41.442	0.92702				2
2025.11.12	00:46:42.399	0.92704				2
2025.11.12	00:46:44.129	0.92702				2
2025.11.12	00:46:44.912	0.92707				2
2025.11.12	00:46:48.656	0.92706				2
2025.11.12	00:46:51.860	0.92705				2
2025.11.12	00:46:53.360	0.92706				2
2025.11.12	00:46:54.355	0.92705				2
2025.11.12	00:46:55.054	0.92706				2
2025.11.12	00:46:55.754	0.92705				2
2025.11.12	00:46:56.260	0.92700				2
2025.11.12	00:46:56.889	0.92701				2
2025.11.12	00:46:58.998	0.92700				2
2025.11.12	00:46:59.307	0.92701				2
2025.11.12	00:47:00.953	0.92702				2
2025.11.12	00:47:03.300	0.92706	0.92868			6
2025.11.12	00:47:06.865	0.92701	0.92787			6
2025.11.12	00:47:10.274	0.92700				2
2025.11.12	00:47:11.298	0.92699				2
2025.11.12	00:47:11.887	0.92698				2
2025.11.12	00:47:13.998	0.92699				2
2025.11.12	00:47:18.375	0.92698				2
2025.11.12	00:47:18.863	0.92699				2
2025.11.12	00:47:23.268	0.92698				2
2025.11.12	00:47:24.865	0.92697				2
2025.11.12	00:47:25.484	0.92698				2
2025.11.12	00:47:28.999	0.92696				2
2025.11.12	00:47:31.071	0.92697				2
2025.11.12	00:47:35.214	0.92696				2
2025.11.12	00:47:37.624	0.92697				2
2025.11.12	00:47:40.379	0.92696				2
2025.11.12	00:47:41.545	0.92697				2
2025.11.12	00:47:44.001	0.92696				2
2025.11.12	00:47:49.142	0.92695				2
2025.11.12	00:47:49.864	0.92696				2
2025.11.12	00:47:50.174	0.92695				2
2025.11.12	00:47:51.422	0.92696				2
2025.11.12	00:47:53.868	0.92695				2
2025.11.12	00:47:54.309	0.92696				2
2025.11.12	00:47:55.374	0.92694				2
2025.11.12	00:47:56.411	0.92696				2
2025.11.12	00:47:57.718	0.92695				2
2025.11.12	00:48:00.388	0.92696				2
2025.11.12	00:48:01.163	0.92695				2
2025.11.12	00:48:02.525	0.92696				2
2025.11.12	00:48:03.465	0.92695				2
2025.11.12	00:48:04.130	0.92694				2
2025.11.12	00:48:05.374	0.92703				2
2025.11.12	00:48:05.875	0.92704	0.92791			6
2025.11.12	00:48:06.203	0.92703				2
2025.11.12	00:48:06.744	0.92701	0.92787			6
2025.11.12	00:48:07.189	0.92702				2
2025.11.12	00:48:07.623	0.92703				2
2025.11.12	00:48:08.360	0.92702				2
2025.11.12	00:48:08.876	0.92698				2
2025.11.12	00:48:09.204	0.92699				2
2025.11.12	00:48:11.372	0.92702				2
2025.11.12	00:48:11.877	0.92704				2
2025.11.12	00:48:12.878	0.92702				2
2025.11.12	00:48:13.204	0.92700				2
2025.11.12	00:48:13.924	0.92697				2
2025.11.12	00:48:14.238	0.92692				2
2025.11.12	00:48:14.573	0.92696				2
2025.11.12	00:48:15.072	0.92700				2
2025.11.12	00:48:15.575	0.92698				2
2025.11.12	00:48:17.731	0.92700				2
2025.11.12	00:48:18.237		0.92789			4
2025.11.12	00:48:18.740	0.92702				2
2025.11.12	00:48:20.173	0.92701	0.92790			6
2025.11.12	00:48:20.632	0.92698	0.92799			6
2025.11.12	00:48:21.091	0.92701				2
2025.11.12	00:48:22.257	0.92702				2
2025.11.12	00:48:22.758	0.92700	0.92788			6
2025.11.12	00:48:23.058	0.92701	0.92800			6
2025.11.12	00:48:23.757	0.92704	0.92789			6
2025.11.12	00:48:24.060	0.92705				2
2025.11.12	00:48:24.365	0.92702	0.92787			6
2025.11.12	00:48:24.756	0.92701	0.92796			6
2025.11.12	00:48:25.818	0.92704				2
2025.11.12	00:48:26.256	0.92703				2
2025.11.12	00:48:27.744	0.92707				2
2025.11.12	00:48:28.248	0.92708				2
2025.11.12	00:48:28.750	0.92701				2
2025.11.12	00:48:29.067	0.92702				2
2025.11.12	00:48:29.685	0.92701				2
2025.11.12	00:48:32.768	0.92702	0.92787			6
2025.11.12	00:48:33.240	0.92703				2
2025.11.12	00:48:39.070	0.92704				2
2025.11.12	00:48:39.694	0.92703				2
2025.11.12	00:48:40.363	0.92696				2
2025.11.12	00:48:41.204	0.92699				2
2025.11.12	00:48:42.346	0.92696				2
2025.11.12	00:48:43.630	0.92703				2
2025.11.12	00:48:44.843	0.92701				2
2025.11.12	00:48:49.969	0.92700				2
2025.11.12	00:48:51.375	0.92701				2
2025.11.12	00:48:53.590	0.92702				2
2025.11.12	00:48:54.070	0.92701				2
2025.11.12	00:48:55.109	0.92702				2
2025.11.12	00:48:56.367	0.92698				2
2025.11.12	00:48:58.845	0.92697				2
2025.11.12	00:48:59.842	0.92701				2
2025.11.12	00:49:00.382	0.92701				2
2025.11.12	00:49:11.181	0.92699				2
2025.11.12	00:49:13.845	0.92700				2
2025.11.12	00:49:15.685	0.92699				2
2025.11.12	00:49:17.859	0.92700				2
2025.11.12	00:49:18.918	0.92698				2
2025.11.12	00:49:19.773	0.92699				2
2025.11.12	00:49:21.191	0.92698				2
2025.11.12	00:49:21.622	0.92699				2
2025.11.12	00:49:22.451	0.92700				2
2025.11.12	00:49:23.839	0.92698				2
2025.11.12	00:49:25.179	0.92699				2
2025.11.12	00:49:28.414	0.92698				2
2025.11.12	00:49:28.846	0.92697				2
2025.11.12	00:49:29.843	0.92696				2
2025.11.12	00:49:32.998	0.92697	0.92787			6
2025.11.12	00:49:39.697	0.92698				2
2025.11.12	00:49:43.630	0.92696				2
2025.11.12	00:49:44.843	0.92697				2
2025.11.12	00:49:50.372	0.92695				2
2025.11.12	00:49:52.690	0.92696				2
2025.11.12	00:49:57.905	0.92695				2
2025.11.12	00:49:59.076	0.92696				2
2025.11.12	00:50:00.351	0.92696				2
2025.11.12	00:50:03.761	0.92695				2
2025.11.12	00:50:04.345	0.92696				2
2025.11.12	00:50:05.967	0.92695				2
2025.11.12	00:50:07.942	0.92696				2
2025.11.12	00:50:18.459	0.92694				2
2025.11.12	00:50:20.623	0.92695				2
2025.11.12	00:50:22.636	0.92694				2
2025.11.12	00:50:23.118	0.92695				2
2025.11.12	00:50:23.623	0.92696				2
2025.11.12	00:50:26.074	0.92695				2
2025.11.12	00:50:29.832	0.92696				2
2025.11.12	00:50:31.859	0.92695				2
2025.11.12	00:50:32.375	0.92696				2
2025.11.12	00:50:33.296		0.92787			4
2025.11.12	00:50:47.898	0.92697				2
2025.11.12	00:50:48.292	0.92695				2
2025.11.12	00:50:49.264	0.92696				2
2025.11.12	00:50:51.294	0.92698				2
2025.11.12	00:50:51.686	0.92696				2
2025.11.12	00:50:52.000	0.92697				2
2025.11.12	00:50:53.017	0.92696				2
2025.11.12	00:50:54.185	0.92697				2
2025.11.12	00:50:56.202	0.92696				2
2025.11.12	00:50:59.820	0.92699				2
2025.11.12	00:51:01.629	0.92698				2
2025.11.12	00:51:02.346	0.92697				2
2025.11.12	00:51:04.204	0.92696				2
2025.11.12	00:51:05.972	0.92698				2
2025.11.12	00:51:08.142	0.92697				2
2025.11.12	00:51:08.667	0.92696				2
2025.11.12	00:51:10.104	0.92697				2
2025.11.12	00:51:13.533	0.92698				2
2025.11.12	00:51:16.656	0.92697				2
2025.11.12	00:51:16.977	0.92696				2
2025.11.12	00:51:18.167	0.92698				2
2025.11.12	00:51:19.386	0.92699				2
2025.11.12	00:51:20.970	0.92698				2
2025.11.12	00:51:24.075	0.92699				2
2025.11.12	00:51:25.387	0.92698				2
2025.11.12	00:51:29.829	0.92697				2
2025.11.12	00:51:31.461	0.92699				2
2025.11.12	00:51:32.251	0.92700				2
2025.11.12	00:51:33.986	0.92699	0.92787			6
2025.11.12	00:51:44.248	0.92700				2
2025.11.12	00:51:47.364	0.92699				2
2025.11.12	00:51:51.376	0.92698				2
2025.11.12	00:52:00.756	0.92699				2
2025.11.12	00:52:04.180	0.92698				2
2025.11.12	00:52:16.063	0.92700				2
2025.11.12	00:52:18.257	0.92699				2
2025.11.12	00:52:24.907	0.92698				2
2025.11.12	00:52:26.204	0.92700				2
2025.11.12	00:52:28.773	0.92704				2
2025.11.12	00:52:29.687	0.92706	0.92801			6
2025.11.12	00:52:30.690	0.92714				2
2025.11.12	00:52:31.190	0.92716				2
2025.11.12	00:52:31.691	0.92722				2
2025.11.12	00:52:32.239	0.92727				2
2025.11.12	00:52:32.630		0.92807			4
2025.11.12	00:52:32.963	0.92726				2
2025.11.12	00:52:33.414	0.92728				2
2025.11.12	00:52:33.911	0.92729				2
2025.11.12	00:52:35.302	0.92731				2
2025.11.12	00:52:35.724	0.92699	0.92797			6
2025.11.12	00:52:36.082	0.92698				2
2025.11.12	00:52:37.202	0.92707	0.92787			6
2025.11.12	00:52:38.344	0.92711	0.92797			6
2025.11.12	00:52:38.679	0.92714	0.92808			6
2025.11.12	00:52:40.271	0.92726				2
2025.11.12	00:52:40.767	0.92727				2
2025.11.12	00:52:41.525	0.92724	0.92798			6
2025.11.12	00:52:42.053	0.92728				2
2025.11.12	00:52:42.488	0.92727				2
2025.11.12	00:52:43.719	0.92726				2
2025.11.12	00:52:44.053	0.92728				2
2025.11.12	00:52:44.419	0.92729				2
2025.11.12	00:52:44.816	0.92731				2
2025.11.12	00:52:51.155	0.92732				2
2025.11.12	00:52:51.651	0.92735				2
2025.11.12	00:52:52.631	0.92720				2
2025.11.12	00:52:52.955	0.92715	0.92800			6
2025.11.12	00:52:53.261	0.92725	0.92812			6
2025.11.12	00:52:53.630	0.92706	0.92801			6
2025.11.12	00:52:55.204	0.92708				2
2025.11.12	00:52:55.856	0.92713				2
2025.11.12	00:52:56.202	0.92723				2
2025.11.12	00:52:57.936	0.92729				2
2025.11.12	00:52:58.289	0.92712	0.92792			6
2025.11.12	00:52:59.271	0.92713				2
2025.11.12	00:53:00.353	0.92712	0.92804			6
2025.11.12	00:53:00.657	0.92718				2
2025.11.12	00:53:02.712	0.92732				2
2025.11.12	00:53:03.016	0.92730				2
2025.11.12	00:53:03.418	0.92731				2
2025.11.12	00:53:03.760	0.92734				2
2025.11.12	00:53:04.579	0.92736				2
2025.11.12	00:53:06.076	0.92717	0.92802			6
2025.11.12	00:53:06.453	0.92726				2
2025.11.12	00:53:06.792	0.92728				2
2025.11.12	00:53:07.310	0.92732				2
2025.11.12	00:53:08.315	0.92733				2
2025.11.12	00:53:08.618	0.92735				2
2025.11.12	00:53:09.815	0.92728				2
2025.11.12	00:53:10.119	0.92733				2
2025.11.12	00:53:10.530	0.92732				2
2025.11.12	00:53:11.737	0.92733				2
2025.11.12	00:53:13.524	0.92736				2
2025.11.12	00:53:14.024	0.92723				2
2025.11.12	00:53:14.341	0.92725				2
2025.11.12	00:53:14.829	0.92728				2
2025.11.12	00:53:15.354	0.92733				2
2025.11.12	00:53:16.266	0.92728				2
2025.11.12	00:53:16.578	0.92727				2
2025.11.12	00:53:16.900	0.92731				2
2025.11.12	00:53:17.207	0.92723	0.92804			6
2025.11.12	00:53:17.531	0.92729				2
2025.11.12	00:53:17.880	0.92726	0.92798			6
2025.11.12	00:53:18.196	0.92730				2
2025.11.12	00:53:18.503	0.92731				2
2025.11.12	00:53:18.808	0.92730	0.92808			6
2025.11.12	00:53:20.317	0.92732				2
2025.11.12	00:53:20.626	0.92734				2
2025.11.12	00:53:21.007	0.92732	0.92800			6
2025.11.12	00:53:21.427	0.92713	0.92795			6
2025.11.12	00:53:21.737	0.92715	0.92797			6
2025.11.12	00:53:22.051	0.92721	0.92809			6
2025.11.12	00:53:22.363	0.92722				2
2025.11.12	00:53:22.680	0.92729				2
2025.11.12	00:53:22.988	0.92721	0.92797			6
2025.11.12	00:53:23.299	0.92723	0.92809			6
2025.11.12	00:53:24.420	0.92729				2
2025.11.12	00:53:25.112	0.92733				2
2025.11.12	00:53:26.679	0.92737				2
2025.11.12	00:53:27.787	0.92736				2
2025.11.12	00:53:30.138		0.92806			4
2025.11.12	00:53:31.670		0.92804			4
2025.11.12	00:53:33.418		0.92809			4
2025.11.12	00:53:34.623	0.92728	0.92814			6
2025.11.12	00:53:34.926	0.92729	0.92801			6
2025.11.12	00:53:35.243	0.92728				2
2025.11.12	00:53:35.558	0.92732	0.92806			6
2025.11.12	00:53:35.861	0.92731				2
2025.11.12	00:53:36.194	0.92733	0.92794			6
2025.11.12	00:53:36.496	0.92738	0.92806			6
2025.11.12	00:53:36.800	0.92734				2
2025.11.12	00:53:37.762		0.92791			4
2025.11.12	00:53:41.252	0.92737				2
2025.11.12	00:53:44.778	0.92738				2
2025.11.12	00:53:46.346	0.92735				2
2025.11.12	00:53:47.032	0.92731	0.92810			6
2025.11.12	00:53:47.333	0.92733				2
2025.11.12	00:53:48.066		0.92798			4
2025.11.12	00:53:48.395	0.92732	0.92800			6
2025.11.12	00:53:48.906	0.92733	0.92805			6
2025.11.12	00:53:49.255	0.92737	0.92800			6
2025.11.12	00:53:49.797	0.92725				2
2025.11.12	00:53:50.102	0.92734	0.92805			6
2025.11.12	00:53:50.434	0.92733				2
2025.11.12	00:53:51.138	0.92734	0.92810			6
2025.11.12	00:53:51.475	0.92724	0.92793			6
2025.11.12	00:53:51.779	0.92731	0.92808			6
2025.11.12	00:53:52.232	0.92732				2
2025.11.12	00:53:53.207	0.92733	0.92807			6
2025.11.12	00:53:53.894	0.92734	0.92808			6
2025.11.12	00:53:56.990	0.92733				2
2025.11.12	00:53:59.276	0.92735				2
2025.11.12	00:54:01.446	0.92726	0.92798			6
2025.11.12	00:54:01.763		0.92810			4
2025.11.12	00:54:02.648	0.92724	0.92808			6
2025.11.12	00:54:02.957	0.92728				2
2025.11.12	00:54:06.208	0.92727	0.92797			6
2025.11.12	00:54:06.519		0.92808			4
2025.11.12	00:54:07.017	0.92730				2
2025.11.12	00:54:07.390	0.92728				2
2025.11.12	00:54:07.697	0.92730				2
2025.11.12	00:54:08.075	0.92726	0.92806			6
2025.11.12	00:54:08.430	0.92728				2
2025.11.12	00:54:08.763	0.92730				2
2025.11.12	00:54:09.142	0.92729	0.92802			6
2025.11.12	00:54:09.459	0.92726				2
2025.11.12	00:54:09.815	0.92732				2
2025.11.12	00:54:10.119	0.92723	0.92803			6
2025.11.12	00:54:10.422	0.92727				2
2025.11.12	00:54:10.738	0.92729	0.92816			6
2025.11.12	00:54:11.069	0.92730	0.92814			6
2025.11.12	00:54:11.385	0.92724	0.92804			6
2025.11.12	00:54:11.710	0.92726				2
2025.11.12	00:54:12.085	0.92725	0.92811			6
2025.11.12	00:54:12.420	0.92726	0.92802			6
2025.11.12	00:54:12.834	0.92727				2
2025.11.12	00:54:13.700	0.92724				2
2025.11.12	00:54:14.081	0.92727				2
2025.11.12	00:54:14.399	0.92719	0.92803			6
2025.11.12	00:54:14.732	0.92720				2
2025.11.12	00:54:15.098	0.92721				2
2025.11.12	00:54:15.412	0.92726				2
2025.11.12	00:54:16.766	0.92728				2
2025.11.12	00:54:17.417		0.92807			4
2025.11.12	00:54:18.090	0.92727	0.92797			6
2025.11.12	00:54:18.405	0.92730				2
2025.11.12	00:54:18.769	0.92724	0.92808			6
2025.11.12	00:54:19.078	0.92730				2
2025.11.12	00:54:19.770	0.92727				2
2025.11.12	00:54:20.269	0.92724	0.92805			6
2025.11.12	00:54:20.648	0.92725				2
2025.11.12	00:54:21.680	0.92726				2
2025.11.12	00:54:23.138	0.92725				2
2025.11.12	00:54:25.089	0.92722	0.92796			6
2025.11.12	00:54:25.422	0.92726	0.92810			6
2025.11.12	00:54:25.764	0.92729	0.92799			6
2025.11.12	00:54:26.071	0.92726				2
2025.11.12	00:54:27.057	0.92728	0.92813			6
2025.11.12	00:54:27.367	0.92729	0.92800			6
2025.11.12	00:54:27.716	0.92723	0.92795			6
2025.11.12	00:54:28.032	0.92724	0.92809			6
2025.11.12	00:54:28.337	0.92725				2
2025.11.12	00:54:28.832	0.92726	0.92796			6
2025.11.12	00:54:29.140	0.92712				2
2025.11.12	00:54:29.456	0.92713				2
2025.11.12	00:54:29.820	0.92720	0.92807			6
2025.11.12	00:54:30.137	0.92726				2
2025.11.12	00:54:30.555	0.92725				2
2025.11.12	00:54:31.397		0.92801			4
2025.11.12	00:54:31.703	0.92726				2
2025.11.12	00:54:32.631	0.92723	0.92811			6
2025.11.12	00:54:33.291	0.92731				2
2025.11.12	00:54:33.636	0.92723	0.92815			6
2025.11.12	00:54:33.939	0.92722	0.92805			6
2025.11.12	00:54:34.831	0.92728	0.92817			6
2025.11.12	00:54:35.140	0.92715	0.92798			6
2025.11.12	00:54:35.442	0.92716	0.92808			6
2025.11.12	00:54:35.833	0.92724				2
2025.11.12	00:54:36.598	0.92719	0.92814			6
2025.11.12	00:54:36.904	0.92724	0.92802			6
2025.11.12	00:54:37.217	0.92725				2
2025.11.12	00:54:37.560	0.92728	0.92816			6
2025.11.12	00:54:37.908	0.92724	0.92814			6
2025.11.12	00:54:38.230		0.92804			4
2025.11.12	00:54:38.537	0.92728	0.92815			6
2025.11.12	00:54:38.840	0.92722				2
2025.11.12	00:54:39.327	0.92723				2
2025.11.12	00:54:40.203	0.92728	0.92800			6
2025.11.12	00:54:40.527	0.92729				2
2025.11.12	00:54:40.840	0.92722				2
2025.11.12	00:54:41.302	0.92725				2
2025.11.12	00:54:41.781	0.92729	0.92811			6
2025.11.12	00:54:42.098	0.92721	0.92801			6
2025.11.12	00:54:42.408		0.92805			4
2025.11.12	00:54:42.717	0.92727	0.92806			6
2025.11.12	00:54:43.106	0.92723	0.92807			6
2025.11.12	00:54:43.548	0.92725				2
2025.11.12	00:54:44.177	0.92726				2
2025.11.12	00:54:44.521	0.92725				2
2025.11.12	00:54:44.830	0.92726				2
2025.11.12	00:54:45.282	0.92722	0.92806			6
2025.11.12	00:54:45.611	0.92725				2
2025.11.12	00:54:47.404	0.92722				2
2025.11.12	00:54:47.835	0.92721				2
2025.11.12	00:54:48.345	0.92730				2
2025.11.12	00:54:48.907	0.92726	0.92808			6
2025.11.12	00:54:49.404	0.92725	0.92805			6
2025.11.12	00:54:49.718	0.92727	0.92817			6
2025.11.12	00:54:50.202	0.92726	0.92805			6
2025.11.12	00:54:50.518	0.92731				2
2025.11.12	00:54:50.904	0.92723				2
2025.11.12	00:54:51.404	0.92725	0.92796			6
2025.11.12	00:54:51.840	0.92722	0.92809			6
2025.11.12	00:54:52.204	0.92726	0.92799			6
2025.11.12	00:54:52.507	0.92731	0.92801			6
2025.11.12	00:54:52.807	0.92720	0.92807			6
2025.11.12	00:54:53.418	0.92722				2
2025.11.12	00:54:53.731	0.92724				2
2025.11.12	00:54:54.059	0.92722	0.92804			6
2025.11.12	00:54:54.405	0.92726	0.92806			6
2025.11.12	00:54:54.754	0.92724	0.92802			6
2025.11.12	00:54:55.358	0.92727				2
2025.11.12	00:54:55.689	0.92714	0.92793			6
2025.11.12	00:54:55.993	0.92718	0.92808			6
2025.11.12	00:54:56.630	0.92723	0.92812			6
2025.11.12	00:54:56.939	0.92727	0.92800			6
2025.11.12	00:54:57.311		0.92806			4
2025.11.12	00:54:57.719	0.92723	0.92808			6
2025.11.12	00:54:58.120	0.92726				2
2025.11.12	00:54:58.426	0.92729				2
2025.11.12	00:54:58.748	0.92717				2
2025.11.12	00:54:59.203	0.92719				2
2025.11.12	00:55:00.209	0.92720				2
2025.11.12	00:55:00.755	0.92719	0.92799			6
2025.11.12	00:55:01.061	0.92720				2
2025.11.12	00:55:01.762	0.92719				2
2025.11.12	00:55:02.785	0.92717				2
2025.11.12	00:55:03.270	0.92718				2
2025.11.12	00:55:03.756	0.92717				2
2025.11.12	00:55:04.860	0.92718	0.92760			6
2025.11.12	00:55:05.190		0.92799			4
2025.11.12	00:55:05.933	0.92717				2
2025.11.12	00:55:07.664	0.92719				2
2025.11.12	00:55:13.260	0.92718				2
2025.11.12	00:55:14.404	0.92717				2
2025.11.12	00:55:14.727	0.92716				2
2025.11.12	00:55:16.371	0.92718				2
2025.11.12	00:55:20.966	0.92716				2
2025.11.12	00:55:25.976	0.92707	0.92753			6
2025.11.12	00:55:28.259	0.92701	0.92749			6
2025.11.12	00:55:29.205		0.92750			4
2025.11.12	00:55:37.419		0.92749			4
2025.11.12	00:55:37.810	0.92709	0.92752			6
2025.11.12	00:55:38.314	0.92716	0.92796			6
2025.11.12	00:55:38.619	0.92717				2
2025.11.12	00:55:39.204	0.92719				2
2025.11.12	00:55:39.569	0.92708	0.92751			6
2025.11.12	00:55:39.902	0.92711	0.92754			6
2025.11.12	00:55:40.214	0.92718	0.92783			6
2025.11.12	00:55:40.522	0.92723	0.92788			6
2025.11.12	00:55:41.024	0.92717	0.92789			6
2025.11.12	00:55:42.375	0.92718	0.92785			6
2025.11.12	00:55:43.033	0.92717	0.92786			6
2025.11.12	00:55:44.684		0.92785			4
2025.11.12	00:55:48.878		0.92784			4
2025.11.12	00:55:49.557	0.92719	0.92794			6
2025.11.12	00:55:57.523	0.92712	0.92753			6
2025.11.12	00:55:57.960	0.92715	0.92786			6
2025.11.12	00:55:58.686	0.92713	0.92788			6
2025.11.12	00:55:59.194	0.92709	0.92753			6
2025.11.12	00:55:59.503	0.92719	0.92786			6
2025.11.12	00:56:01.376	0.92720				2
2025.11.12	00:56:02.019	0.92718				2
2025.11.12	00:56:02.731		0.92783			4
2025.11.12	00:56:07.622		0.92794			4
2025.11.12	00:56:08.927		0.92777			4
2025.11.12	00:56:09.240		0.92786			4
2025.11.12	00:56:10.528	0.92719	0.92787			6
2025.11.12	00:56:12.384		0.92785			4
2025.11.12	00:56:13.119		0.92783			4
2025.11.12	00:56:13.442		0.92785			4
2025.11.12	00:56:14.410	0.92702	0.92748			6
2025.11.12	00:56:14.719	0.92715	0.92787			6
2025.11.12	00:56:15.038	0.92716	0.92788			6
2025.11.12	00:56:15.538	0.92717	0.92787			6
2025.11.12	00:56:16.139	0.92719	0.92785			6
2025.11.12	00:56:18.471	0.92718	0.92786			6
2025.11.12	00:56:19.026		0.92792			4
2025.11.12	00:56:20.418	0.92707	0.92751			6
2025.11.12	00:56:20.719		0.92750			4
2025.11.12	00:56:21.344		0.92749			4
2025.11.12	00:56:22.071		0.92752			4
2025.11.12	00:56:24.836	0.92719	0.92783			6
2025.11.12	00:56:25.204	0.92709	0.92755			6
2025.11.12	00:56:25.523	0.92707	0.92751			6
2025.11.12	00:56:25.927		0.92752			4
2025.11.12	00:56:26.268	0.92718	0.92786			6
2025.11.12	00:56:26.927	0.92717	0.92792			6
2025.11.12	00:56:27.525	0.92718	0.92785			6
2025.11.12	00:56:28.202	0.92717	0.92786			6
2025.11.12	00:56:29.395	0.92721	0.92790			6
2025.11.12	00:56:29.726	0.92720	0.92783			6
2025.11.12	00:56:30.420		0.92798			4
2025.11.12	00:56:33.885	0.92709	0.92752			6
2025.11.12	00:56:34.203		0.92753			4
2025.11.12	00:56:43.997	0.92712	0.92755			6
2025.11.12	00:56:44.374	0.92718	0.92783			6
2025.11.12	00:56:44.690	0.92720	0.92789			6
2025.11.12	00:56:45.188	0.92721	0.92798			6
2025.11.12	00:56:45.498	0.92708	0.92751			6
2025.11.12	00:56:45.817	0.92713	0.92753			6
2025.11.12	00:56:47.327		0.92756			4
2025.11.12	00:56:48.980	0.92722				2
2025.11.12	00:56:49.344	0.92721	0.92784			6
2025.11.12	00:56:50.014	0.92724	0.92783			6
2025.11.12	00:56:50.514	0.92707	0.92752			6
2025.11.12	00:56:50.825	0.92709	0.92753			6
2025.11.12	00:56:51.139	0.92715	0.92793			6
2025.11.12	00:56:51.490	0.92717	0.92787			6
2025.11.12	00:56:51.818	0.92719	0.92785			6
2025.11.12	00:56:52.740	0.92714	0.92789			6
2025.11.12	00:56:53.227	0.92718	0.92787			6
2025.11.12	00:56:53.545	0.92719	0.92788			6
2025.11.12	00:56:54.688		0.92795			4
2025.11.12	00:56:55.192	0.92721				2
2025.11.12	00:56:58.589	0.92720				2
2025.11.12	00:56:59.708	0.92721				2
2025.11.12	00:57:00.023	0.92719	0.92807			6
2025.11.12	00:57:00.385	0.92720	0.92798			6
2025.11.12	00:57:00.905	0.92718				2
2025.11.12	00:57:02.424	0.92719				2
2025.11.12	00:57:04.439	0.92721				2
2025.11.12	00:57:05.463	0.92720				2
2025.11.12	00:57:08.376	0.92721				2
2025.11.12	00:57:09.587	0.92722				2
2025.11.12	00:57:10.784	0.92716				2
2025.11.12	00:57:11.405	0.92719				2
2025.11.12	00:57:12.204	0.92721				2
2025.11.12	00:57:12.824	0.92700	0.92749			6
2025.11.12	00:57:13.190	0.92722	0.92778			6
2025.11.12	00:57:15.204	0.92721	0.92779			6
2025.11.12	00:57:15.614	0.92699	0.92747			6
2025.11.12	00:57:15.918	0.92715	0.92780			6
2025.11.12	00:57:16.343	0.92714	0.92781			6
2025.11.12	00:57:16.920	0.92718	0.92782			6
2025.11.12	00:57:17.618	0.92721	0.92779			6
2025.11.12	00:57:19.822		0.92778			4
2025.11.12	00:57:20.378	0.92711	0.92787			6
2025.11.12	00:57:20.686	0.92713	0.92783			6
2025.11.12	00:57:21.111	0.92714	0.92781			6
2025.11.12	00:57:21.619	0.92717	0.92783			6
2025.11.12	00:57:22.656	0.92718	0.92781			6
2025.11.12	00:57:22.958	0.92720	0.92782			6
2025.11.12	00:57:23.275	0.92706	0.92754			6
2025.11.12	00:57:23.577	0.92699	0.92746			6
2025.11.12	00:57:24.014	0.92716	0.92780			6
2025.11.12	00:57:24.319	0.92712	0.92762			6
2025.11.12	00:57:24.662	0.92713	0.92761			6
2025.11.12	00:57:24.987	0.92717	0.92759			6
2025.11.12	00:57:25.385	0.92714	0.92763			6
2025.11.12	00:57:26.316	0.92715	0.92762			6
2025.11.12	00:57:28.365	0.92717	0.92761			6
2025.11.12	00:57:28.792	0.92715	0.92763			6
2025.11.12	00:57:30.329	0.92716	0.92761			6
2025.11.12	00:57:30.658	0.92719	0.92759			6
2025.11.12	00:57:31.018	0.92721	0.92764			6
2025.11.12	00:57:32.806	0.92720				2
2025.11.12	00:57:33.271		0.92792			4
2025.11.12	00:57:34.090	0.92716	0.92796			6
2025.11.12	00:57:34.789	0.92718	0.92791			6
2025.11.12	00:57:35.098	0.92722	0.92790			6
2025.11.12	00:57:36.091		0.92789			4
2025.11.12	00:57:37.099		0.92791			4
2025.11.12	00:57:37.451		0.92792			4
2025.11.12	00:57:39.246	0.92721	0.92794			6
2025.11.12	00:57:41.204	0.92722	0.92790			6
2025.11.12	00:57:42.529	0.92721	0.92791			6
2025.11.12	00:57:43.540	0.92722	0.92788			6
2025.11.12	00:57:45.690	0.92698	0.92747			6
2025.11.12	00:57:46.025		0.92748			4
2025.11.12	00:57:46.371	0.92715	0.92759			6
2025.11.12	00:57:46.709	0.92717				2
2025.11.12	00:57:47.140	0.92719	0.92755			6
2025.11.12	00:57:47.840	0.92720	0.92756			6
2025.11.12	00:57:48.943	0.92718	0.92755			6
2025.11.12	00:57:49.983	0.92719				2
2025.11.12	00:57:50.814	0.92716				2
2025.11.12	00:57:51.993	0.92718	0.92757			6
2025.11.12	00:57:53.553		0.92758			4
2025.11.12	00:57:54.130	0.92719	0.92757			6
2025.11.12	00:57:54.886	0.92720				2
2025.11.12	00:57:55.447	0.92717	0.92760			6
2025.11.12	00:57:55.911		0.92783			4
2025.11.12	00:57:56.265	0.92721	0.92779			6
2025.11.12	00:57:58.557	0.92720	0.92788			6
2025.11.12	00:57:59.766		0.92787			4
2025.11.12	00:58:00.602	0.92722	0.92779			6
2025.11.12	00:58:00.940	0.92723	0.92782			6
2025.11.12	00:58:01.491		0.92783			4
2025.11.12	00:58:02.492		0.92780			4
2025.11.12	00:58:02.868	0.92724	0.92782			6
2025.11.12	00:58:04.157	0.92723	0.92778			6
2025.11.12	00:58:04.879	0.92722				2
2025.11.12	00:58:07.164	0.92723	0.92777			6
2025.11.12	00:58:07.660	0.92719	0.92793			6
2025.11.12	00:58:08.568	0.92718	0.92794			6
2025.11.12	00:58:09.295		0.92796			4
2025.11.12	00:58:11.385		0.92794			4
2025.11.12	00:58:13.532		0.92783			4
2025.11.12	00:58:15.640	0.92715	0.92797			6
2025.11.12	00:58:16.571	0.92713	0.92769			6
2025.11.12	00:58:16.901		0.92770			4
2025.11.12	00:58:17.203	0.92715	0.92768			6
2025.11.12	00:58:17.904	0.92718	0.92765			6
2025.11.12	00:58:18.334	0.92717				2
2025.11.12	00:58:18.689	0.92718				2
2025.11.12	00:58:19.087	0.92720	0.92756			6
2025.11.12	00:58:19.648		0.92758			4
2025.11.12	00:58:20.049		0.92759			4
2025.11.12	00:58:20.488	0.92719	0.92761			6
2025.11.12	00:58:20.813	0.92713	0.92767			6
2025.11.12	00:58:21.169	0.92715	0.92765			6
2025.11.12	00:58:21.677	0.92717	0.92762			6
2025.11.12	00:58:22.019	0.92720	0.92757			6
2025.11.12	00:58:22.324	0.92721	0.92756			6
2025.11.12	00:58:22.691	0.92718	0.92757			6
2025.11.12	00:58:23.550	0.92716	0.92755			6
2025.11.12	00:58:24.343	0.92718				2
2025.11.12	00:58:26.417	0.92717				2
2025.11.12	00:58:26.750	0.92720	0.92788			6
2025.11.12	00:58:28.640	0.92721				2
2025.11.12	00:58:29.676	0.92706	0.92763			6
2025.11.12	00:58:29.978	0.92712	0.92762			6
2025.11.12	00:58:30.309	0.92713	0.92759			6
2025.11.12	00:58:31.018		0.92761			4
2025.11.12	00:58:31.857	0.92714	0.92759			6
2025.11.12	00:58:32.246	0.92719	0.92755			6
2025.11.12	00:58:32.840	0.92722	0.92758			6
2025.11.12	00:58:33.603	0.92719	0.92760			6
2025.11.12	00:58:34.147	0.92720				2
2025.11.12	00:58:34.657	0.92719				2
2025.11.12	00:58:35.080	0.92720	0.92763			6
2025.11.12	00:58:37.138		0.92762			4
2025.11.12	00:58:38.538		0.92759			4
2025.11.12	00:58:39.248		0.92761			4
2025.11.12	00:58:39.882		0.92783			4
2025.11.12	00:58:40.611	0.92719	0.92785			6
2025.11.12	00:58:41.531	0.92720	0.92779			6
2025.11.12	00:58:42.191	0.92721	0.92787			6
2025.11.12	00:58:42.675	0.92720	0.92788			6
2025.11.12	00:58:43.609		0.92784			4
2025.11.12	00:58:44.192	0.92691	0.92746			6
2025.11.12	00:58:45.204		0.92748			4
2025.11.12	00:58:47.124	0.92714	0.92757			6
2025.11.12	00:58:47.456	0.92715	0.92762			6
2025.11.12	00:58:48.204	0.92714	0.92764			6
2025.11.12	00:58:49.226	0.92691	0.92745			6
2025.11.12	00:58:50.203		0.92746			4
2025.11.12	00:58:53.556	0.92694				2
2025.11.12	00:58:55.635	0.92697	0.92747			6
2025.11.12	00:58:57.317		0.92746			4
2025.11.12	00:59:00.172	0.92697	0.92747			6
2025.11.12	00:59:00.831	0.92710	0.92750			6
2025.11.12	00:59:01.142	0.92696	0.92749			6
2025.11.12	00:59:01.575	0.92691	0.92745			6
2025.11.12	00:59:01.987		0.92747			4
2025.11.12	00:59:03.113	0.92695	0.92748			6
2025.11.12	00:59:03.548	0.92689	0.92747			6
2025.11.12	00:59:04.192	0.92692	0.92748			6
2025.11.12	00:59:04.669	0.92689	0.92744			6
2025.11.12	00:59:05.105	0.92691	0.92746			6
2025.11.12	00:59:06.137	0.92694	0.92747			6
2025.11.12	00:59:06.439	0.92691	0.92744			6
2025.11.12	00:59:06.820		0.92745			4
2025.11.12	00:59:07.293	0.92693				2
2025.11.12	00:59:07.773	0.92690	0.92741			6
2025.11.12	00:59:08.133		0.92744			4
2025.11.12	00:59:09.843	0.92700	0.92746			6
2025.11.12	00:59:10.384		0.92747			4
2025.11.12	00:59:10.876	0.92689	0.92742			6
2025.11.12	00:59:11.384		0.92745			4
2025.11.12	00:59:12.355	0.92696	0.92747			6
2025.11.12	00:59:12.885	0.92691	0.92745			6
2025.11.12	00:59:13.206	0.92696	0.92747			6
2025.11.12	00:59:13.555		0.92749			4
2025.11.12	00:59:14.626	0.92700				2
2025.11.12	00:59:15.664	0.92703	0.92750			6
2025.11.12	00:59:16.414		0.92749			4
2025.11.12	00:59:16.743		0.92750			4
2025.11.12	00:59:17.187		0.92749			4
2025.11.12	00:59:17.643		0.92750			4
2025.11.12	00:59:18.001	0.92706	0.92752			6
2025.11.12	00:59:18.852	0.92708	0.92747			6
2025.11.12	00:59:19.154	0.92692	0.92748			6
2025.11.12	00:59:20.034		0.92749			4
2025.11.12	00:59:20.352	0.92695				2
2025.11.12	00:59:21.204		0.92751			4
2025.11.12	00:59:22.229		0.92750			4
2025.11.12	00:59:23.543	0.92705	0.92751			6
2025.11.12	00:59:26.620		0.92752			4
2025.11.12	00:59:28.407	0.92703				2
2025.11.12	00:59:30.916		0.92751			4
2025.11.12	00:59:31.712	0.92700	0.92750			6
2025.11.12	00:59:32.204		0.92751			4
2025.11.12	00:59:32.796		0.92750			4
2025.11.12	00:59:35.649		0.92749			4
2025.11.12	00:59:43.804	0.92723	0.92760			6
2025.11.12	00:59:44.114	0.92724	0.92755			6
2025.11.12	00:59:44.742	0.92725				2
2025.11.12	00:59:48.371		0.92756			4
2025.11.12	00:59:50.318	0.92722	0.92757			6
2025.11.12	00:59:50.640	0.92726	0.92756			6
2025.11.12	00:59:50.960	0.92700	0.92754			6
2025.11.12	00:59:52.003		0.92756			4
2025.11.12	00:59:52.379		0.92755			4
2025.11.12	00:59:53.197		0.92754			4
2025.11.12	00:59:53.559	0.92711	0.92758			6
2025.11.12	00:59:53.862	0.92703	0.92759			6
2025.11.12	00:59:54.181	0.92705				2
2025.11.12	00:59:55.069		0.92760			4
2025.11.12	00:59:57.579	0.92716	0.92758			6
2025.11.12	00:59:57.901	0.92714	0.92761			6
2025.11.12	00:59:58.374	0.92713				2
2025.11.12	00:59:58.682	0.92717				2
2025.11.12	01:00:00.030	0.92719	0.92759			6
2025.11.12	01:00:00.339	0.92718	0.92775			6
2025.11.12	01:00:00.643	0.92714				2
2025.11.12	01:00:00.958	0.92711	0.92759			6
2025.11.12	01:00:01.262	0.92713	0.92770			6
2025.11.12	01:00:01.587	0.92712	0.92764			6
2025.11.12	01:00:01.959	0.92717	0.92762			6
2025.11.12	01:00:02.282	0.92715	0.92765			6
2025.11.12	01:00:02.587		0.92767			4
2025.11.12	01:00:02.910	0.92713	0.92765			6
2025.11.12	01:00:03.250		0.92763			4
2025.11.12	01:00:03.622	0.92714				2
2025.11.12	01:00:04.028	0.92713	0.92787			6
2025.11.12	01:00:04.381		0.92786			4
2025.11.12	01:00:05.036	0.92729	0.92742			6
2025.11.12	01:00:05.336	0.92695	0.92750			6
2025.11.12	01:00:05.657	0.92711	0.92784			6
2025.11.12	01:00:05.985		0.92776			4
2025.11.12	01:00:06.305		0.92768			4
2025.11.12	01:00:06.607		0.92765			4
2025.11.12	01:00:07.240	0.92720	0.92733			6
2025.11.12	01:00:07.543	0.92715	0.92750			6
2025.11.12	01:00:08.996	0.92716	0.92754			6
2025.11.12	01:00:09.706		0.92753			4
2025.11.12	01:00:10.018	0.92722	0.92754			6
2025.11.12	01:00:10.369	0.92716	0.92755			6
2025.11.12	01:00:10.680		0.92754			4
2025.11.12	01:00:11.068	0.92715	0.92755			6
2025.11.12	01:00:12.386	0.92713	0.92745			6
2025.11.12	01:00:12.899	0.92722				2
2025.11.12	01:00:13.246	0.92721				2
2025.11.12	01:00:14.205		0.92746			4
2025.11.12	01:00:14.865	0.92717	0.92757			6
2025.11.12	01:00:15.890		0.92755			4
2025.11.12	01:00:16.212	0.92716	0.92757			6
2025.11.12	01:00:16.892	0.92717				2
2025.11.12	01:00:17.205	0.92716	0.92755			6
2025.11.12	01:00:17.601	0.92715	0.92757			6
2025.11.12	01:00:18.007		0.92755			4
2025.11.12	01:00:18.347	0.92716				2
2025.11.12	01:00:19.387	0.92722	0.92756			6
2025.11.12	01:00:19.705	0.92714				2
2025.11.12	01:00:21.416		0.92755			4
2025.11.12	01:00:21.946	0.92713	0.92752			6
2025.11.12	01:00:23.305	0.92711				2
2025.11.12	01:00:27.117	0.92712				2
2025.11.12	01:00:27.449		0.92749			4
2025.11.12	01:00:27.791		0.92751			4
2025.11.12	01:00:30.165	0.92713	0.92745			6
2025.11.12	01:00:30.471	0.92723	0.92752			6
2025.11.12	01:00:30.791	0.92717	0.92753			6
2025.11.12	01:00:31.101	0.92713	0.92754			6
2025.11.12	01:00:31.406		0.92751			4
2025.11.12	01:00:32.686	0.92709	0.92744			6
2025.11.12	01:00:32.998	0.92717	0.92753			6
2025.11.12	01:00:33.396	0.92718				2
2025.11.12	01:00:33.698	0.92721	0.92745			6
2025.11.12	01:00:34.028		0.92752			4
2025.11.12	01:00:34.883	0.92724				2
2025.11.12	01:00:35.257	0.92722				2
2025.11.12	01:00:35.558	0.92718	0.92753			6
2025.11.12	01:00:36.051	0.92716	0.92751			6
2025.11.12	01:00:36.426	0.92717				2
2025.11.12	01:00:36.753	0.92716	0.92750			6
2025.11.12	01:00:37.494	0.92717	0.92745			6
2025.11.12	01:00:37.801	0.92714	0.92749			6
2025.11.12	01:00:38.102		0.92750			4
2025.11.12	01:00:38.817		0.92749			4
2025.11.12	01:00:39.453	0.92715	0.92750			6
2025.11.12	01:00:41.211		0.92749			4
2025.11.12	01:00:41.532	0.92717	0.92746			6
2025.11.12	01:00:41.883		0.92751			4
2025.11.12	01:00:42.288	0.92722				2
2025.11.12	01:00:42.622	0.92724	0.92749			6
2025.11.12	01:00:42.933		0.92748			4
2025.11.12	01:00:43.250	0.92718	0.92751			6
2025.11.12	01:00:43.581		0.92750			4
2025.11.12	01:00:43.901		0.92745			4
2025.11.12	01:00:46.074		0.92748			4
2025.11.12	01:00:47.518		0.92744			4
2025.11.12	01:00:47.834		0.92745			4
2025.11.12	01:00:48.960		0.92744			4
2025.11.12	01:00:49.366		0.92745			4
2025.11.12	01:00:49.690	0.92714	0.92733			6
2025.11.12	01:00:50.002	0.92711	0.92737			6
2025.11.12	01:00:50.335		0.92733			4
2025.11.12	01:00:50.638		0.92737			4
2025.11.12	01:00:51.280	0.92724	0.92735			6
2025.11.12	01:00:51.599	0.92723	0.92741			6
2025.11.12	01:00:51.925	0.92717	0.92740			6
2025.11.12	01:00:52.229	0.92721				2
2025.11.12	01:00:52.546	0.92711	0.92735			6
2025.11.12	01:00:52.858	0.92712	0.92734			6
2025.11.12	01:00:57.473		0.92733			4
2025.11.12	01:00:59.720	0.92713	0.92736			6
2025.11.12	01:01:00.023	0.92713				2
2025.11.12	01:01:02.862	0.92716				2
2025.11.12	01:01:03.173	0.92718				2
2025.11.12	01:01:04.233	0.92713				2
2025.11.12	01:01:04.653		0.92733			4
2025.11.12	01:01:04.958	0.92712	0.92736			6
2025.11.12	01:01:06.222		0.92733			4
2025.11.12	01:01:07.043	0.92715	0.92736			6
2025.11.12	01:01:07.359		0.92738			4
2025.11.12	01:01:09.175	0.92716	0.92739			6
2025.11.12	01:01:09.507	0.92715				2
2025.11.12	01:01:11.941	0.92716				2
2025.11.12	01:01:12.303	0.92715	0.92740			6
2025.11.12	01:01:13.080		0.92737			4
2025.11.12	01:01:13.398	0.92716				2
2025.11.12	01:01:13.858		0.92738			4
2025.11.12	01:01:14.176	0.92715	0.92736			6
2025.11.12	01:01:14.584	0.92716				2
2025.11.12	01:01:16.063	0.92718				2
2025.11.12	01:01:19.188		0.92737			4
2025.11.12	01:01:20.072		0.92736			4
2025.11.12	01:01:23.783		0.92738			4
2025.11.12	01:01:25.264		0.92737			4
2025.11.12	01:01:27.593	0.92716	0.92736			6
2025.11.12	01:01:27.896		0.92737			4
2025.11.12	01:01:29.060		0.92738			4
2025.11.12	01:01:29.373	0.92717				2
2025.11.12	01:01:30.202		0.92737			4
2025.11.12	01:01:31.830	0.92719	0.92738			6
2025.11.12	01:01:32.357	0.92718				2
2025.11.12	01:01:32.876		0.92739			4
2025.11.12	01:01:40.380	0.92717	0.92738			6
2025.11.12	01:01:41.408	0.92716	0.92739			6
2025.11.12	01:01:44.098	0.92718	0.92738			6
2025.11.12	01:01:46.090	0.92715	0.92739			6
2025.11.12	01:01:49.098	0.92716				2
2025.11.12	01:01:49.962	0.92718	0.92738			6
2025.11.12	01:01:57.718	0.92720				2
2025.11.12	01:02:00.171	0.92720				2
2025.11.12	01:02:07.307		0.92739			4
2025.11.12	01:02:09.372	0.92719	0.92737			6
2025.11.12	01:02:23.869	0.92717	0.92736			6
2025.11.12	01:02:24.969	0.92716				2
2025.11.12	01:02:25.283	0.92718				2
2025.11.12	01:02:26.437	0.92723	0.92732			6
2025.11.12	01:02:29.566	0.92724	0.92733			6
2025.11.12	01:02:29.868	0.92718	0.92736			6
2025.11.12	01:02:32.270	0.92719				2
2025.11.12	01:02:33.791	0.92718				2
2025.11.12	01:02:34.942		0.92739			4
2025.11.12	01:02:37.460		0.92740			4
2025.11.12	01:02:37.761		0.92739			4
2025.11.12	01:02:38.334	0.92717				2
2025.11.12	01:02:39.605	0.92716	0.92737			6
2025.11.12	01:02:44.017	0.92718	0.92736			6
2025.11.12	01:02:46.554	0.92715				2
2025.11.12	01:02:59.383		0.92735			4
2025.11.12	01:03:00.383	0.92717	0.92736			6
2025.11.12	01:03:08.285		0.92737			4
2025.11.12	01:03:09.197		0.92736			4
2025.11.12	01:03:16.842	0.92715				2
2025.11.12	01:03:18.740	0.92716				2
2025.11.12	01:03:28.753	0.92718	0.92737			6
2025.11.12	01:03:31.408	0.92719				2
2025.11.12	01:03:46.640	0.92720				2
2025.11.12	01:03:47.422	0.92719				2
2025.11.12	01:03:50.475		0.92736			4
2025.11.12	01:03:54.170	0.92720				2
2025.11.12	01:03:57.999		0.92737			4
2025.11.12	01:03:58.955	0.92719				2
2025.11.12	01:04:00.676	0.92719	0.92736			6
2025.11.12	01:04:03.977	0.92718				2
2025.11.12	01:04:08.080	0.92719				2
2025.11.12	01:04:12.643		0.92735			4
2025.11.12	01:04:14.547	0.92718	0.92734			6
2025.11.12	01:04:17.093		0.92735			4
2025.11.12	01:04:27.820	0.92719				2
2025.11.12	01:04:34.812	0.92725	0.92733			6
2025.11.12	01:04:38.335	0.92720	0.92735			6
2025.11.12	01:04:42.458	0.92721				2
2025.11.12	01:05:00.312	0.92721				2
2025.11.12	01:05:00.958	0.92718	0.92734			6
2025.11.12	01:05:03.109		0.92735			4
2025.11.12	01:05:03.736		0.92734			4
2025.11.12	01:05:05.485	0.92717	0.92731			6
2025.11.12	01:05:09.076	0.92718	0.92730			6
2025.11.12	01:05:27.652	0.92719	0.92731			6
2025.11.12	01:05:38.834	0.92720	0.92734			6
2025.11.12	01:06:00.351	0.92720				2
2025.11.12	01:06:12.845		0.92733			4
2025.11.12	01:06:23.269	0.92721				2
2025.11.12	01:07:00.129	0.92720				2
2025.11.12	01:07:01.068	0.92721				2
2025.11.12	01:07:06.768	0.92720	0.92734			6
2025.11.12	01:07:07.077	0.92719	0.92733			6
2025.11.12	01:07:13.198		0.92732			4
2025.11.12	01:07:15.169	0.92720				2
2025.11.12	01:07:16.895	0.92718	0.92729			6
2025.11.12	01:07:17.888	0.92722	0.92734			6
2025.11.12	01:07:18.358	0.92723				2
2025.11.12	01:07:27.940	0.92722				2
2025.11.12	01:07:38.274	0.92723				2
2025.11.12	01:07:40.070	0.92722	0.92733			6
2025.11.12	01:07:40.389		0.92732			4
2025.11.12	01:07:42.824		0.92733			4
2025.11.12	01:07:45.602		0.92732			4
2025.11.12	01:07:55.634	0.92721	0.92733			6
2025.11.12	01:07:57.469	0.92720	0.92732			6
2025.11.12	01:07:59.465	0.92722				2
2025.11.12	01:08:00.223	0.92722				2
2025.11.12	01:08:26.268	0.92721				2
2025.11.12	01:08:29.268	0.92722				2
2025.11.12	01:08:34.642	0.92721				2
2025.11.12	01:08:58.669	0.92722	0.92732			6
2025.11.12	01:08:59.933	0.92721				2
2025.11.12	01:09:02.569	0.92721				2
2025.11.12	01:09:03.571	0.92722				2
2025.11.12	01:09:04.204	0.92721				2
2025.11.12	01:09:05.571		0.92731			4
2025.11.12	01:09:10.424	0.92720				2
2025.11.12	01:09:12.168		0.92730			4
2025.11.12	01:09:16.126	0.92721	0.92732			6
2025.11.12	01:09:23.568	0.92722				2
2025.11.12	01:09:34.940	0.92721	0.92733			6
2025.11.12	01:09:36.619	0.92720	0.92731			6
2025.11.12	01:10:00.398	0.92718	0.92729			6
2025.11.12	01:10:01.434	0.92722	0.92734			6
2025.11.12	01:10:01.738	0.92721	0.92732			6
2025.11.12	01:10:03.769		0.92731			4
2025.11.12	01:10:05.697	0.92719				2
2025.11.12	01:10:32.271	0.92718				2
2025.11.12	01:10:44.869	0.92719				2
2025.11.12	01:10:54.825	0.92721	0.92733			6
2025.11.12	01:10:59.767	0.92720				2
2025.11.12	01:11:01.848	0.92720	0.92732			6
2025.11.12	01:11:08.033		0.92733			4
2025.11.12	01:11:08.569		0.92732			4
2025.11.12	01:11:10.474		0.92733			4
2025.11.12	01:11:11.359		0.92731			4
2025.11.12	01:11:13.441	0.92719	0.92732			6
2025.11.12	01:11:15.485	0.92720	0.92731			6
2025.11.12	01:11:20.578	0.92719	0.92732			6
2025.11.12	01:11:29.870	0.92720				2
2025.11.12	01:11:41.506		0.92730			4
2025.11.12	01:11:41.820		0.92731			4
2025.11.12	01:11:47.271	0.92719	0.92732			6
2025.11.12	01:11:57.768		0.92731			4
2025.11.12	01:12:00.488	0.92719				2
2025.11.12	01:12:05.557	0.92720				2
2025.11.12	01:12:15.939	0.92719	0.92729			6
2025.11.12	01:12:18.770	0.92718				2
2025.11.12	01:12:19.072	0.92719				2
2025.11.12	01:12:25.845	0.92718				2
2025.11.12	01:12:27.468	0.92719				2
2025.11.12	01:12:31.669	0.92718				2
2025.11.12	01:12:34.072	0.92719				2
2025.11.12	01:12:43.023	0.92718	0.92728			6
2025.11.12	01:12:44.872	0.92717				2
2025.11.12	01:12:45.378		0.92727			4
2025.11.12	01:12:48.527	0.92719	0.92728			6
2025.11.12	01:12:56.216		0.92730			4
2025.11.12	01:12:58.669	0.92720				2
2025.11.12	01:13:00.645	0.92720				2
2025.11.12	01:13:56.767		0.92730			4
2025.11.12	01:14:00.602	0.92720				2
2025.11.12	01:14:06.771	0.92719	0.92731			6
2025.11.12	01:14:09.412		0.92730			4
2025.11.12	01:14:12.172	0.92720				2
2025.11.12	01:14:29.568		0.92731			4
2025.11.12	01:14:33.469		0.92730			4
2025.11.12	01:14:42.171	0.92719	0.92731			6
2025.11.12	01:14:57.924	0.92720				2
2025.11.12	01:15:00.306	0.92720				2
2025.11.12	01:15:03.451		0.92732			4
2025.11.12	01:15:06.862		0.92731			4
2025.11.12	01:15:09.770		0.92732			4
2025.11.12	01:15:13.077		0.92731			4
2025.11.12	01:15:23.437	0.92721				2
2025.11.12	01:15:26.766	0.92720				2
2025.11.12	01:15:30.175	0.92721				2
2025.11.12	01:15:33.469	0.92720				2
2025.11.12	01:15:36.205	0.92721				2
2025.11.12	01:16:00.076	0.92721				2
2025.11.12	01:16:00.512	0.92720				2
2025.11.12	01:16:02.554	0.92721				2
2025.11.12	01:16:13.261		0.92731			4
2025.11.12	01:16:17.925		0.92730			4
2025.11.12	01:16:20.269	0.92722	0.92731			6
2025.11.12	01:16:20.936	0.92719	0.92728			6
2025.11.12	01:16:23.145		0.92731			4
2025.11.12	01:16:26.272	0.92720				2
2025.11.12	01:16:36.075	0.92719				2
2025.11.12	01:16:37.518	0.92718	0.92729			6
2025.11.12	01:16:38.871		0.92728			4
2025.11.12	01:16:39.742		0.92727			4
2025.11.12	01:16:43.368	0.92719	0.92728			6
2025.11.12	01:16:46.672	0.92718	0.92727			6
2025.11.12	01:16:49.370	0.92719	0.92728			6
2025.11.12	01:17:00.763	0.92719				2
2025.11.12	01:17:16.330		0.92730			4
2025.11.12	01:17:19.971		0.92731			4
2025.11.12	01:17:21.232	0.92720				2
2025.11.12	01:17:25.669		0.92730			4
2025.11.12	01:17:30.157	0.92719	0.92728			6
2025.11.12	01:17:34.334		0.92731			4
2025.11.12	01:18:01.411	0.92719				2
2025.11.12	01:18:17.567		0.92728			4
2025.11.12	01:18:20.868	0.92718				2
2025.11.12	01:18:39.772	0.92719				2
2025.11.12	01:18:41.364		0.92729			4
2025.11.12	01:18:44.303	0.92718				2
2025.11.12	01:18:47.334		0.92728			4
2025.11.12	01:18:53.140		0.92729			4
2025.11.12	01:19:00.741	0.92718				2
2025.11.12	01:19:03.848	0.92719	0.92728			6
2025.11.12	01:19:14.889		0.92730			4
2025.11.12	01:19:24.806	0.92721	0.92732			6
2025.11.12	01:19:30.626		0.92733			4
2025.11.12	01:19:33.806		0.92732			4
2025.11.12	01:19:35.215		0.92733			4
2025.11.12	01:19:37.947		0.92732			4
2025.11.12	01:19:42.245	0.92720				2
2025.11.12	01:19:44.162	0.92721	0.92731			6
2025.11.12	01:19:46.235		0.92730			4
2025.11.12	01:19:49.139	0.92720	0.92731			6
2025.11.12	01:20:00.683	0.92720				2
2025.11.12	01:20:06.171		0.92732			4
2025.11.12	01:20:09.542		0.92731			4
2025.11.12	01:20:11.869		0.92732			4
2025.11.12	01:20:17.840	0.92719	0.92729			6
2025.11.12	01:20:22.668		0.92728			4
2025.11.12	01:20:36.472		0.92729			4
2025.11.12	01:21:00.654	0.92719	0.92727			6
2025.11.12	01:21:00.986		0.92728			4
2025.11.12	01:21:03.388		0.92727			4
2025.11.12	01:21:06.771		0.92728			4
2025.11.12	01:21:22.192		0.92727			4
2025.11.12	01:21:24.097		0.92728			4
2025.11.12	01:21:47.869		0.92727			4
2025.11.12	01:22:00.671	0.92719				2
2025.11.12	01:22:03.449		0.92728			4
2025.11.12	01:22:31.496	0.92721	0.92730			6
2025.11.12	01:22:37.290	0.92720	0.92731			6
2025.11.12	01:22:37.782		0.92730			4
2025.11.12	01:22:40.594	0.92721				2
2025.11.12	01:22:41.642		0.92731			4
2025.11.12	01:22:43.450		0.92730			4
2025.11.12	01:22:52.663		0.92729			4
2025.11.12	01:22:56.043		0.92730			4
2025.11.12	01:22:58.969		0.92729			4
2025.11.12	01:23:00.268	0.92721				2
2025.11.12	01:23:01.734		0.92730			4
2025.11.12	01:23:03.455		0.92729			4
2025.11.12	01:23:06.909		0.92730			4
2025.11.12	01:23:09.573		0.92729			4
2025.11.12	01:23:15.295		0.92731			4
2025.11.12	01:23:17.544	0.92722	0.92733			6
2025.11.12	01:23:18.302	0.92723	0.92732			6
2025.11.12	01:23:21.541	0.92722				2
2025.11.12	01:23:23.399		0.92733			4
2025.11.12	01:23:24.517	0.92723	0.92732			6
2025.11.12	01:23:25.456	0.92722	0.92734			6
2025.11.12	01:23:45.378		0.92732			4
2025.11.12	01:24:00.632	0.92722	0.92734			6
2025.11.12	01:24:01.576	0.92725				2
2025.11.12	01:24:03.044	0.92724				2
2025.11.12	01:24:09.411	0.92725				2
2025.11.12	01:24:20.168	0.92727	0.92735			6
2025.11.12	01:24:21.223		0.92736			4
2025.11.12	01:24:23.209		0.92735			4
2025.11.12	01:24:25.559	0.92726	0.92736			6
2025.11.12	01:24:26.733	0.92725	0.92734			6
2025.11.12	01:24:31.668		0.92735			4
2025.11.12	01:24:44.163		0.92734			4
2025.11.12	01:24:46.950		0.92733			4
2025.11.12	01:24:50.198		0.92734			4
2025.11.12	01:24:51.381		0.92733			4
2025.11.12	01:24:53.381		0.92734			4
2025.11.12	01:25:01.727	0.92725				2
2025.11.12	01:25:07.798		0.92733			4
2025.11.12	01:25:15.890	0.92724				2
2025.11.12	01:25:18.169		0.92732			4
2025.11.12	01:25:22.368		0.92733			4
2025.11.12	01:25:45.881		0.92732			4
2025.11.12	01:25:52.281	0.92723				2
2025.11.12	01:26:03.451	0.92723	0.92733			6
2025.11.12	01:26:06.471		0.92732			4
2025.11.12	01:26:09.932	0.92724				2
2025.11.12	01:26:13.853		0.92733			4
2025.11.12	01:26:25.927	0.92723	0.92730			6
2025.11.12	01:26:40.167	0.92721				2
2025.11.12	01:26:40.660	0.92727	0.92734			6
2025.11.12	01:26:42.976	0.92726				2
2025.11.12	01:26:44.634	0.92725	0.92732			6
2025.11.12	01:26:46.874	0.92723	0.92731			6
2025.11.12	01:26:54.469		0.92730			4
2025.11.12	01:26:58.205		0.92731			4
2025.11.12	01:27:02.491	0.92725	0.92733			6
2025.11.12	01:27:04.311		0.92732			4
2025.11.12	01:27:06.626		0.92733			4
2025.11.12	01:27:09.070		0.92732			4
2025.11.12	01:27:12.770		0.92733			4
2025.11.12	01:27:19.476	0.92724				2
2025.11.12	01:27:26.997		0.92732			4
2025.11.12	01:27:27.357		0.92733			4
2025.11.12	01:27:30.470	0.92722	0.92731			6
2025.11.12	01:27:34.068	0.92723				2
2025.11.12	01:27:37.717	0.92722				2
2025.11.12	01:27:38.943	0.92723	0.92730			6
2025.11.12	01:27:40.559		0.92731			4
2025.11.12	01:27:53.748	0.92721	0.92730			6
2025.11.12	01:27:55.419		0.92729			4
2025.11.12	01:27:57.620	0.92723	0.92730			6
2025.11.12	01:28:00.640	0.92723				2
2025.11.12	01:28:03.441		0.92731			4
2025.11.12	01:28:04.724	0.92724	0.92732			6
2025.11.12	01:28:05.865	0.92722	0.92730			6
2025.11.12	01:28:11.886		0.92731			4
2025.11.12	01:28:50.639		0.92732			4
2025.11.12	01:28:51.686	0.92721				2
2025.11.12	01:28:52.445		0.92733			4
2025.11.12	01:28:52.772		0.92732			4
2025.11.12	01:28:53.520	0.92722	0.92731			6
2025.11.12	01:28:57.752		0.92732			4
2025.11.12	01:28:58.918	0.92723	0.92731			6
2025.11.12	01:29:01.845	0.92723	0.92733			6
2025.11.12	01:29:03.694	0.92724				2
2025.11.12	01:29:06.039	0.92723				2
2025.11.12	01:29:07.974	0.92724				2
2025.11.12	01:29:10.187	0.92723				2
2025.11.12	01:29:11.690	0.92725				2
2025.11.12	01:29:12.067	0.92726	0.92734			6
2025.11.12	01:29:14.329	0.92725				2
2025.11.12	01:29:16.368	0.92726				2
2025.11.12	01:29:18.473	0.92725				2
2025.11.12	01:29:19.969	0.92726				2
2025.11.12	01:30:00.437	0.92726				2
2025.11.12	01:30:14.349		0.92734			4
2025.11.12	01:30:16.870	0.92727				2
2025.11.12	01:30:18.707	0.92726				2
2025.11.12	01:30:20.018	0.92727	0.92735			6
2025.11.12	01:30:28.968	0.92726	0.92734			6
2025.11.12	01:30:30.356		0.92735			4
2025.11.12	01:30:33.764	0.92727	0.92734			6
2025.11.12	01:30:34.565	0.92725				2
2025.11.12	01:30:37.387	0.92726				2
2025.11.12	01:30:40.969	0.92727	0.92735			6
2025.11.12	01:30:41.519		0.92736			4
2025.11.12	01:30:45.164		0.92735			4
2025.11.12	01:30:49.702	0.92726	0.92734			6
2025.11.12	01:30:51.300		0.92735			4
2025.11.12	01:30:53.367	0.92727				2
2025.11.12	01:30:56.869	0.92726				2
2025.11.12	01:31:00.474	0.92728	0.92737			6
2025.11.12	01:31:03.926	0.92729	0.92736			6
2025.11.12	01:31:07.968		0.92737			4
2025.11.12	01:31:12.214	0.92725	0.92734			6
2025.11.12	01:31:21.356		0.92733			4
2025.11.12	01:31:38.891		0.92732			4
2025.11.12	01:31:39.427		0.92733			4
2025.11.12	01:31:47.457	0.92726	0.92736			6
2025.11.12	01:31:54.094		0.92735			4
2025.11.12	01:31:58.859	0.92725	0.92734			6
2025.11.12	01:32:00.416	0.92726	0.92735			6
2025.11.12	01:32:03.654		0.92736			4
2025.11.12	01:32:11.408		0.92735			4
2025.11.12	01:32:18.170	0.92727	0.92736			6
2025.11.12	01:32:30.471	0.92726	0.92734			6
2025.11.12	01:32:30.887		0.92735			4
2025.11.12	01:32:33.591		0.92734			4
2025.11.12	01:32:48.174		0.92735			4
2025.11.12	01:32:52.368		0.92734			4
2025.11.12	01:32:54.472	0.92730	0.92738			6
2025.11.12	01:32:54.775	0.92731				2
2025.11.12	01:33:00.469	0.92731				2
2025.11.12	01:33:18.442	0.92730				2
2025.11.12	01:33:19.172	0.92731				2
2025.11.12	01:33:21.137	0.92730	0.92739			6
2025.11.12	01:33:31.479	0.92728	0.92736			6
2025.11.12	01:33:33.736	0.92727	0.92735			6
2025.11.12	01:33:41.702	0.92726	0.92736			6
2025.11.12	01:33:47.798	0.92727	0.92735			6
2025.11.12	01:33:52.068	0.92728	0.92736			6
2025.11.12	01:33:55.572	0.92727	0.92735			6
2025.11.12	01:33:58.257	0.92726	0.92734			6
2025.11.12	01:34:00.775	0.92726				2
2025.11.12	01:34:06.362		0.92733			4
2025.11.12	01:34:08.026		0.92734			4
2025.11.12	01:34:09.645	0.92727	0.92735			6
2025.11.12	01:34:10.120	0.92726				2
2025.11.12	01:34:12.469	0.92727				2
2025.11.12	01:34:16.360		0.92736			4
2025.11.12	01:34:17.991		0.92735			4
2025.11.12	01:34:25.070		0.92734			4
2025.11.12	01:34:26.768	0.92726	0.92735			6
2025.11.12	01:34:28.368	0.92727				2
2025.11.12	01:34:37.669	0.92728				2
2025.11.12	01:34:42.168		0.92736			4
2025.11.12	01:35:02.605	0.92728				2
2025.11.12	01:35:10.645	0.92727				2
2025.11.12	01:35:13.481		0.92737			4
2025.11.12	01:35:16.015	0.92728	0.92736			6
2025.11.12	01:35:16.789	0.92729				2
2025.11.12	01:35:23.494	0.92728				2
2025.11.12	01:35:24.734	0.92729				2
2025.11.12	01:35:37.669	0.92727				2
2025.11.12	01:35:39.768		0.92735			4
2025.11.12	01:36:01.137	0.92727				2
2025.11.12	01:36:13.804	0.92729	0.92736			6
2025.11.12	01:36:14.202	0.92728	0.92737			6
2025.11.12	01:36:15.052	0.92726	0.92735			6
2025.11.12	01:36:17.864	0.92725				2
2025.11.12	01:36:20.535	0.92726				2
2025.11.12	01:36:23.243	0.92729	0.92737			6
2025.11.12	01:36:26.639	0.92728				2
2025.11.12	01:36:30.375		0.92736			4
2025.11.12	01:36:31.696	0.92727	0.92735			6
2025.11.12	01:36:34.864	0.92728	0.92736			6
2025.11.12	01:36:37.506	0.92729				2
2025.11.12	01:36:47.953	0.92728				2
2025.11.12	01:37:01.407	0.92728				2
2025.11.12	01:37:16.623	0.92729				2
2025.11.12	01:37:22.672	0.92728				2
2025.11.12	01:37:32.068	0.92729				2
2025.11.12	01:37:34.867		0.92736			4
2025.11.12	01:37:47.771		0.92737			4
2025.11.12	01:37:49.566	0.92727	0.92736			6
2025.11.12	01:37:51.553		0.92735			4
2025.11.12	01:37:55.200	0.92728				2
2025.11.12	01:38:01.167	0.92728				2
2025.11.12	01:38:06.675	0.92727				2
2025.11.12	01:38:16.388	0.92730	0.92738			6
2025.11.12	01:38:25.967	0.92729				2
2025.11.12	01:38:30.453	0.92730	0.92737			6
2025.11.12	01:38:38.652		0.92738			4
2025.11.12	01:38:46.668		0.92739			4
2025.11.12	01:38:58.970		0.92738			4
2025.11.12	01:39:00.355	0.92730				2
2025.11.12	01:39:02.568	0.92729	0.92737			6
2025.11.12	01:39:04.863	0.92730	0.92738			6
2025.11.12	01:39:05.186	0.92729				2
2025.11.12	01:39:14.224	0.92728	0.92736			6
2025.11.12	01:39:14.539	0.92729	0.92738			6
2025.11.12	01:39:30.578		0.92737			4
2025.11.12	01:39:33.832	0.92730				2
2025.11.12	01:39:37.193	0.92729	0.92738			6
2025.11.12	01:39:40.941	0.92730				2
2025.11.12	01:39:43.375	0.92729	0.92736			6
2025.11.12	01:39:44.348		0.92737			4
2025.11.12	01:39:45.353		0.92738			4
2025.11.12	01:39:53.207	0.92731	0.92739			6
2025.11.12	01:39:56.568		0.92740			4
2025.11.12	01:39:57.593	0.92732	0.92739			6
2025.11.12	01:40:00.609	0.92732				2
2025.11.12	01:40:04.970	0.92731				2
2025.11.12	01:40:09.478	0.92730				2
2025.11.12	01:40:15.376		0.92738			4
2025.11.12	01:40:25.875	0.92731				2
2025.11.12	01:40:31.970	0.92730				2
2025.11.12	01:40:35.978		0.92737			4
2025.11.12	01:40:41.238	0.92729	0.92736			6
2025.11.12	01:40:51.168		0.92737			4
2025.11.12	01:41:02.497	0.92729				2
2025.11.12	01:41:04.369	0.92728				2
2025.11.12	01:41:07.512	0.92729				2
2025.11.12	01:41:15.630	0.92728	0.92736			6
2025.11.12	01:41:17.042	0.92727				2
2025.11.12	01:41:30.175	0.92728				2
2025.11.12	01:41:34.578	0.92731	0.92738			6
2025.11.12	01:41:34.990	0.92732	0.92739			6
2025.11.12	01:41:41.868	0.92731				2
2025.11.12	01:41:49.398		0.92738			4
2025.11.12	01:41:53.806	0.92732	0.92741			6
2025.11.12	01:41:54.235		0.92739			4
2025.11.12	01:41:55.796	0.92730				2
2025.11.12	01:41:59.877		0.92738			4
2025.11.12	01:42:01.436	0.92730				2
2025.11.12	01:42:02.396	0.92729				2
2025.11.12	01:42:06.269	0.92730				2
2025.11.12	01:42:12.777	0.92731	0.92739			6
2025.11.12	01:42:15.199	0.92730				2
2025.11.12	01:42:15.969	0.92731				2
2025.11.12	01:42:16.486		0.92738			4
2025.11.12	01:42:18.467		0.92739			4
2025.11.12	01:42:33.635	0.92730	0.92738			6
2025.11.12	01:42:46.960	0.92734	0.92741			6
2025.11.12	01:42:51.427	0.92732	0.92740			6
2025.11.12	01:42:53.887		0.92739			4
2025.11.12	01:42:58.741	0.92731				2
2025.11.12	01:43:00.696	0.92730	0.92740			6
2025.11.12	01:43:02.203	0.92731	0.92739			6
2025.11.12	01:43:11.338		0.92740			4
2025.11.12	01:43:15.804	0.92730	0.92739			6
2025.11.12	01:43:17.871	0.92731	0.92738			6
2025.11.12	01:43:18.510	0.92732	0.92739			6
2025.11.12	01:43:19.512	0.92731				2
2025.11.12	01:43:27.015	0.92729	0.92738			6
2025.11.12	01:43:28.047	0.92730	0.92737			6
2025.11.12	01:43:40.476	0.92732	0.92739			6
2025.11.12	01:43:42.101	0.92731				2
2025.11.12	01:43:43.992	0.92732	0.92740			6
2025.11.12	01:43:45.010	0.92731	0.92739			6
2025.11.12	01:43:49.529	0.92732	0.92738			6
2025.11.12	01:43:49.843	0.92730	0.92739			6
2025.11.12	01:43:50.507	0.92731				2
2025.11.12	01:43:55.490	0.92730				2
2025.11.12	01:44:04.572	0.92730				2
2025.11.12	01:44:18.339	0.92731				2
2025.11.12	01:44:25.969		0.92738			4
2025.11.12	01:44:28.621	0.92729	0.92739			6
2025.11.12	01:44:31.413	0.92731	0.92741			6
2025.11.12	01:44:36.150	0.92732				2
2025.11.12	01:44:36.482	0.92733				2
2025.11.12	01:44:36.829	0.92732				2
2025.11.12	01:44:37.721	0.92733	0.92742			6
2025.11.12	01:44:38.723		0.92741			4
2025.11.12	01:44:42.890	0.92732				2
2025.11.12	01:44:47.629	0.92733	0.92740			6
2025.11.12	01:44:48.717		0.92741			4
2025.11.12	01:44:55.494	0.92732	0.92740			6
2025.11.12	01:44:58.970		0.92739			4
2025.11.12	01:45:00.313	0.92732				2
2025.11.12	01:45:05.811		0.92740			4
2025.11.12	01:45:07.092		0.92741			4
2025.11.12	01:45:08.360		0.92740			4
2025.11.12	01:45:10.968		0.92739			4
2025.11.12	01:45:21.837		0.92740			4
2025.11.12	01:45:24.171		0.92739			4
2025.11.12	01:45:24.596	0.92736	0.92743			6
2025.11.12	01:45:26.820	0.92735				2
2025.11.12	01:45:30.268	0.92734				2
2025.11.12	01:45:44.251	0.92735				2
2025.11.12	01:45:49.209	0.92734				2
2025.11.12	01:45:57.096	0.92735				2
2025.11.12	01:46:00.528	0.92735				2
2025.11.12	01:46:16.669		0.92744			4
2025.11.12	01:46:29.066		0.92743			4
2025.11.12	01:46:49.212		0.92742			4
2025.11.12	01:46:54.263	0.92733				2
2025.11.12	01:46:54.792		0.92741			4
2025.11.12	01:46:59.821	0.92734	0.92743			6
2025.11.12	01:47:01.246	0.92735				2
2025.11.12	01:47:09.001	0.92734	0.92742			6
2025.11.12	01:47:09.508	0.92735				2
2025.11.12	01:47:10.152	0.92734				2
2025.11.12	01:47:11.225	0.92732	0.92740			6
2025.11.12	01:47:11.577		0.92741			4
2025.11.12	01:47:13.983	0.92730	0.92738			6
2025.11.12	01:47:14.456	0.92731	0.92739			6
2025.11.12	01:47:16.068	0.92732				2
2025.11.12	01:47:16.511	0.92734	0.92740			6
2025.11.12	01:47:22.833		0.92741			4
2025.11.12	01:47:27.923	0.92733				2
2025.11.12	01:47:30.948	0.92734	0.92743			6
2025.11.12	01:47:32.443	0.92733	0.92741			6
2025.11.12	01:47:33.105		0.92743			4
2025.11.12	01:47:35.364	0.92734	0.92742			6
2025.11.12	01:47:41.713	0.92735				2
2025.11.12	01:47:45.680	0.92734				2
2025.11.12	01:47:46.268	0.92736				2
2025.11.12	01:47:47.890	0.92733	0.92741			6
2025.11.12	01:48:00.313	0.92733				2
2025.11.12	01:48:00.680		0.92740			4
2025.11.12	01:48:06.170		0.92741			4
2025.11.12	01:48:07.626		0.92742			4
2025.11.12	01:48:33.253	0.92734				2
2025.11.12	01:48:47.899	0.92733				2
2025.11.12	01:49:00.381	0.92733				2
2025.11.12	01:49:00.823	0.92734	0.92741			6
2025.11.12	01:49:09.074		0.92742			4
2025.11.12	01:49:16.250		0.92741			4
2025.11.12	01:49:25.313		0.92742			4
2025.11.12	01:49:41.736	0.92733				2
2025.11.12	01:49:43.438	0.92734				2
2025.11.12	01:49:46.970	0.92733				2
2025.11.12	01:49:49.262	0.92734				2
2025.11.12	01:50:02.298	0.92734				2
2025.11.12	01:50:10.112	0.92733				2
2025.11.12	01:50:14.254	0.92734				2
2025.11.12	01:50:20.640	0.92736	0.92744			6
2025.11.12	01:50:20.958	0.92737				2
2025.11.12	01:50:25.639	0.92736				2
2025.11.12	01:50:26.649	0.92735				2
2025.11.12	01:50:31.407		0.92743			4
2025.11.12	01:50:36.321	0.92736	0.92744			6
2025.11.12	01:50:37.343		0.92745			4
2025.11.12	01:50:42.168		0.92744			4
2025.11.12	01:50:59.612		0.92743			4
2025.11.12	01:51:00.739	0.92737	0.92745			6
2025.11.12	01:51:11.854		0.92744			4
2025.11.12	01:51:30.707		0.92745			4
2025.11.12	01:51:45.219		0.92744			4
2025.11.12	01:51:54.932		0.92745			4
2025.11.12	01:52:00.746	0.92740	0.92747			6
2025.11.12	01:52:01.732		0.92748			4
2025.11.12	01:52:07.421	0.92741				2
2025.11.12	01:52:10.970	0.92740	0.92747			6
2025.11.12	01:52:20.264	0.92737	0.92746			6
2025.11.12	01:52:29.079		0.92745			4
2025.11.12	01:52:30.251	0.92736				2
2025.11.12	01:52:40.393		0.92743			4
2025.11.12	01:52:47.540	0.92738	0.92746			6
2025.11.12	01:52:47.849	0.92736				2
2025.11.12	01:52:49.879	0.92737				2
2025.11.12	01:53:01.332	0.92737				2
2025.11.12	01:53:01.968		0.92745			4
2025.11.12	01:53:03.048	0.92736				2
2025.11.12	01:53:03.357	0.92737				2
2025.11.12	01:53:10.611	0.92736				2
2025.11.12	01:53:27.740	0.92737				2
2025.11.12	01:53:36.468		0.92744			4
2025.11.12	01:53:47.233	0.92736	0.92743			6
2025.11.12	01:53:54.058	0.92735	0.92744			6
2025.11.12	01:53:58.967	0.92736				2
2025.11.12	01:54:00.708	0.92735				2
2025.11.12	01:54:16.972		0.92743			4
2025.11.12	01:54:26.771	0.92736				2
2025.11.12	01:54:35.061	0.92738	0.92746			6
2025.11.12	01:54:45.051		0.92745			4
2025.11.12	01:55:01.289	0.92738				2
2025.11.12	01:55:08.372	0.92736	0.92744			6
2025.11.12	01:55:08.966		0.92745			4
2025.11.12	01:55:10.415	0.92737				2
2025.11.12	01:55:20.781	0.92736	0.92746			6
2025.11.12	01:55:24.828	0.92739				2
2025.11.12	01:55:25.195	0.92737	0.92745			6
2025.11.12	01:55:29.195	0.92736				2
2025.11.12	01:55:33.403	0.92737				2
2025.11.12	01:55:34.560	0.92736				2
2025.11.12	01:55:38.314	0.92737				2
2025.11.12	01:55:40.164	0.92736				2
2025.11.12	01:55:40.949	0.92737				2
2025.11.12	01:55:48.502	0.92738				2
2025.11.12	01:55:54.453	0.92737				2
2025.11.12	01:55:54.763		0.92744			4
2025.11.12	01:55:55.940	0.92738				2
2025.11.12	01:56:00.711	0.92738				2
2025.11.12	01:56:05.199	0.92736				2
2025.11.12	01:56:10.060	0.92735	0.92742			6
2025.11.12	01:56:11.065	0.92736	0.92743			6
2025.11.12	01:56:12.900	0.92735	0.92744			6
2025.11.12	01:56:13.367	0.92736				2
2025.11.12	01:56:22.411	0.92738	0.92746			6
2025.11.12	01:56:24.942	0.92737				2
2025.11.12	01:56:25.675	0.92738				2
2025.11.12	01:56:31.179	0.92739				2
2025.11.12	01:56:43.369	0.92740				2
2025.11.12	01:57:00.769	0.92739				2
2025.11.12	01:57:13.330	0.92740	0.92747			6
2025.11.12	01:57:16.287	0.92737	0.92746			6
2025.11.12	01:57:47.777	0.92738				2
2025.11.12	01:57:52.392	0.92736				2
2025.11.12	01:57:52.984	0.92737				2
2025.11.12	01:57:58.702	0.92736				2
2025.11.12	01:57:59.983		0.92743			4
2025.11.12	01:58:00.316	0.92737				2
2025.11.12	01:58:00.727	0.92736				2
2025.11.12	01:58:15.017	0.92734				2
2025.11.12	01:58:26.094	0.92735				2
2025.11.12	01:58:32.121	0.92734				2
2025.11.12	01:58:52.876		0.92741			4
2025.11.12	01:58:55.672	0.92735	0.92742			6
2025.11.12	01:58:55.979		0.92743			4
2025.11.12	01:59:00.424	0.92735				2
2025.11.12	01:59:07.185	0.92734	0.92742			6
2025.11.12	01:59:35.904		0.92743			4
2025.11.12	01:59:45.113		0.92742			4
2025.11.12	01:59:59.842		0.92741			4
2025.11.12	02:00:00.326	0.92731	0.92739			6
2025.11.12	02:00:00.640	0.92730				2
2025.11.12	02:00:02.017	0.92731				2
2025.11.12	02:00:04.973	0.92730				2
2025.11.12	02:00:05.280	0.92731	0.92740			6
2025.11.12	02:00:11.957	0.92732				2
2025.11.12	02:00:13.861	0.92733				2
2025.11.12	02:00:19.657	0.92731	0.92738			6
2025.11.12	02:00:19.974	0.92730	0.92737			6
2025.11.12	02:00:20.906	0.92729	0.92738			6
2025.11.12	02:00:22.145		0.92737			4
2025.11.12	02:00:28.641	0.92728	0.92734			6
2025.11.12	02:00:28.958		0.92735			4
2025.11.12	02:00:29.302		0.92736			4
2025.11.12	02:00:31.056	0.92730				2
2025.11.12	02:00:31.358	0.92729				2
2025.11.12	02:00:36.782	0.92724	0.92731			6
2025.11.12	02:00:40.113	0.92725	0.92733			6
2025.11.12	02:00:42.242	0.92724	0.92732			6
2025.11.12	02:00:44.342	0.92725	0.92731			6
2025.11.12	02:00:45.964	0.92724				2
2025.11.12	02:00:46.307	0.92723	0.92730			6
2025.11.12	02:00:49.750	0.92724	0.92731			6
2025.11.12	02:00:51.963	0.92725	0.92732			6
2025.11.12	02:00:53.608		0.92731			4
2025.11.12	02:00:53.937		0.92732			4
2025.11.12	02:00:54.254		0.92731			4
2025.11.12	02:00:56.212		0.92732			4
2025.11.12	02:00:56.767		0.92733			4
2025.11.12	02:01:01.853	0.92724	0.92732			6
2025.11.12	02:01:04.139		0.92731			4
2025.11.12	02:01:07.728	0.92727	0.92733			6
2025.11.12	02:01:08.042	0.92731	0.92738			6
2025.11.12	02:01:08.359	0.92730				2
2025.11.12	02:01:10.659	0.92731	0.92737			6
2025.11.12	02:01:14.022		0.92738			4
2025.11.12	02:01:14.675	0.92732				2
2025.11.12	02:01:21.452		0.92739			4
2025.11.12	02:01:22.098	0.92731				2
2025.11.12	02:01:24.180	0.92732	0.92740			6
2025.11.12	02:01:30.475	0.92729	0.92739			6
2025.11.12	02:01:32.478	0.92727	0.92738			6
2025.11.12	02:01:33.175	0.92726	0.92736			6
2025.11.12	02:01:36.592	0.92728				2
2025.11.12	02:01:41.495		0.92737			4
2025.11.12	02:01:45.982	0.92729	0.92738			6
2025.11.12	02:01:46.417	0.92730				2
2025.11.12	02:01:53.135		0.92739			4
2025.11.12	02:01:55.048	0.92731	0.92740			6
2025.11.12	02:01:55.462		0.92739			4
2025.11.12	02:02:00.040	0.92731	0.92741			6
2025.11.12	02:02:00.651	0.92732	0.92740			6
2025.11.12	02:02:02.289		0.92739			4
2025.11.12	02:02:02.670	0.92733	0.92740			6
2025.11.12	02:02:03.118	0.92732				2
2025.11.12	02:02:05.013		0.92741			4
2025.11.12	02:02:05.554	0.92729	0.92738			6
2025.11.12	02:02:09.248		0.92737			4
2025.11.12	02:02:13.312		0.92736			4
2025.11.12	02:02:14.425	0.92730	0.92737			6
2025.11.12	02:02:14.958	0.92731				2
2025.11.12	02:02:16.229	0.92730	0.92738			6
2025.11.12	02:02:18.820	0.92731				2
2025.11.12	02:02:19.425	0.92732	0.92740			6
2025.11.12	02:02:19.804		0.92739			4
2025.11.12	02:02:21.528	0.92731				2
2025.11.12	02:02:23.460	0.92732				2
2025.11.12	02:02:23.900	0.92730				2
2025.11.12	02:02:25.040	0.92731				2
2025.11.12	02:02:26.148	0.92732	0.92738			6
2025.11.12	02:02:26.505	0.92729	0.92737			6
2025.11.12	02:02:26.812	0.92727				2
2025.11.12	02:02:27.470	0.92726				2
2025.11.12	02:02:31.139	0.92727				2
2025.11.12	02:02:31.444	0.92725	0.92736			6
2025.11.12	02:02:32.339	0.92726	0.92735			6
2025.11.12	02:02:35.100	0.92727	0.92734			6
2025.11.12	02:02:35.417	0.92726				2
2025.11.12	02:02:39.747	0.92727				2
2025.11.12	02:02:43.481	0.92728	0.92735			6
2025.11.12	02:02:46.968	0.92727				2
2025.11.12	02:02:47.739		0.92737			4
2025.11.12	02:02:49.803	0.92728				2
2025.11.12	02:02:51.276	0.92727				2
2025.11.12	02:02:52.314	0.92728	0.92736			6
2025.11.12	02:02:55.092	0.92727				2
2025.11.12	02:02:57.428		0.92737			4
2025.11.12	02:02:59.915	0.92728				2
2025.11.12	02:03:01.444	0.92728				2
2025.11.12	02:03:03.109	0.92727				2
2025.11.12	02:03:05.000	0.92729				2
2025.11.12	02:03:10.750		0.92738			4
2025.11.12	02:03:15.519	0.92730				2
2025.11.12	02:03:16.509	0.92729	0.92737			6
2025.11.12	02:03:21.572		0.92738			4
2025.11.12	02:03:23.549	0.92730				2
2025.11.12	02:03:25.632	0.92729				2
2025.11.12	02:03:28.527	0.92730				2
2025.11.12	02:03:33.092	0.92729				2
2025.11.12	02:03:34.552	0.92730				2
2025.11.12	02:03:35.770	0.92729	0.92739			6
2025.11.12	02:03:38.523	0.92730				2
2025.11.12	02:03:42.093	0.92729				2
2025.11.12	02:03:45.694		0.92738			4
2025.11.12	02:03:53.218	0.92728				2
2025.11.12	02:03:54.016	0.92730				2
2025.11.12	02:03:55.390	0.92729				2
2025.11.12	02:03:57.743	0.92730	0.92737			6
2025.11.12	02:03:58.639	0.92728				2
2025.11.12	02:03:59.163	0.92729				2
2025.11.12	02:04:00.174	0.92728				2
2025.11.12	02:04:00.639	0.92726	0.92735			6
2025.11.12	02:04:00.993	0.92728				2
2025.11.12	02:04:01.303		0.92738			4
2025.11.12	02:04:01.627	0.92729				2
2025.11.12	02:04:02.116	0.92730	0.92739			6
2025.11.12	02:04:06.264	0.92731				2
2025.11.12	02:04:07.787	0.92730				2
2025.11.12	02:04:08.919	0.92731				2
2025.11.12	02:04:10.663	0.92730				2
2025.11.12	02:04:16.907	0.92728	0.92735			6
2025.11.12	02:04:17.374	0.92727	0.92734			6
2025.11.12	02:04:18.352	0.92726	0.92732			6
2025.11.12	02:04:20.058		0.92734			4
2025.11.12	02:04:23.239	0.92725				2
2025.11.12	02:04:24.839	0.92723	0.92732			6
2025.11.12	02:04:27.001	0.92726				2
2025.11.12	02:04:28.064	0.92725	0.92733			6
2025.11.12	02:04:31.674	0.92726	0.92732			6
2025.11.12	02:04:32.713	0.92725	0.92733			6
2025.11.12	02:04:35.775	0.92724	0.92732			6
2025.11.12	02:04:38.242	0.92723	0.92733			6
2025.11.12	02:04:49.023	0.92724				2
2025.11.12	02:04:51.941		0.92732			4
2025.11.12	02:04:52.248		0.92733			4
2025.11.12	02:05:01.046	0.92724				2
2025.11.12	02:05:09.840	0.92725				2
2025.11.12	02:05:10.882		0.92732			4
2025.11.12	02:05:14.670	0.92724	0.92733			6
2025.11.12	02:05:15.177	0.92723				2
2025.11.12	02:05:16.883	0.92724				2
2025.11.12	02:05:22.115		0.92732			4
2025.11.12	02:05:29.176	0.92721	0.92731			6
2025.11.12	02:05:30.255		0.92730			4
2025.11.12	02:05:32.806	0.92722				2
2025.11.12	02:05:34.746	0.92721				2
2025.11.12	02:05:35.676	0.92722				2
2025.11.12	02:05:41.451	0.92721				2
2025.11.12	02:05:42.436	0.92725	0.92731			6
2025.11.12	02:05:43.585	0.92724				2
2025.11.12	02:05:49.505	0.92721	0.92729			6
2025.11.12	02:05:59.200	0.92722	0.92728			6
2025.11.12	02:06:00.676	0.92722				2
2025.11.12	02:06:01.608	0.92719	0.92727			6
2025.11.12	02:06:02.618		0.92726			4
2025.11.12	02:06:06.570	0.92718				2
2025.11.12	02:06:13.345	0.92716	0.92725			6
2025.11.12	02:06:15.645		0.92726			4
2025.11.12	02:06:15.950	0.92719	0.92725			6
2025.11.12	02:06:16.259	0.92718				2
2025.11.12	02:06:17.959		0.92726			4
2025.11.12	02:06:20.482	0.92716				2
2025.11.12	02:06:23.423	0.92715				2
2025.11.12	02:06:23.813	0.92717				2
2025.11.12	02:06:24.270	0.92716	0.92725			6
2025.11.12	02:06:31.555	0.92715				2
2025.11.12	02:06:32.117	0.92717	0.92724			6
2025.11.12	02:06:34.067	0.92716	0.92725			6
2025.11.12	02:06:39.721	0.92715				2
2025.11.12	02:06:41.923	0.92714	0.92724			6
2025.11.12	02:06:42.282	0.92715				2
2025.11.12	02:06:43.797	0.92713	0.92723			6
2025.11.12	02:06:44.108	0.92712	0.92722			6
2025.11.12	02:06:44.600	0.92713				2
2025.11.12	02:06:44.934	0.92712				2
2025.11.12	02:06:46.038	0.92711				2
2025.11.12	02:06:46.386	0.92710				2
2025.11.12	02:06:46.751	0.92711	0.92721			6
2025.11.12	02:06:53.288	0.92712				2
2025.11.12	02:06:53.617	0.92711				2
2025.11.12	02:06:59.149	0.92712	0.92723			6
2025.11.12	02:06:59.466	0.92713				2
2025.11.12	02:07:00.475	0.92713				2
2025.11.12	02:07:00.983	0.92712				2
2025.11.12	02:07:04.391	0.92713				2
2025.11.12	02:07:09.694	0.92712				2
2025.11.12	02:07:10.284	0.92713				2
2025.11.12	02:07:11.894	0.92712	0.92722			6
2025.11.12	02:07:12.227	0.92711				2
2025.11.12	02:07:12.785	0.92712				2
2025.11.12	02:07:15.232	0.92711	0.92720			6
2025.11.12	02:07:16.230	0.92713	0.92721			6
2025.11.12	02:07:18.167	0.92711	0.92720			6
2025.11.12	02:07:18.488	0.92710				2
2025.11.12	02:07:24.176	0.92712	0.92721			6
2025.11.12	02:07:25.166		0.92722			4
2025.11.12	02:07:26.209		0.92723			4
2025.11.12	02:07:32.947		0.92722			4
2025.11.12	02:07:33.757	0.92713	0.92723			6
2025.11.12	02:07:35.967		0.92722			4
2025.11.12	02:07:38.584	0.92712	0.92723			6
2025.11.12	02:07:39.260		0.92721			4
2025.11.12	02:07:40.356	0.92710				2
2025.11.12	02:07:41.540	0.92711	0.92722			6
2025.11.12	02:07:41.860	0.92712				2
2025.11.12	02:07:48.165		0.92723			4
2025.11.12	02:07:48.658		0.92722			4
2025.11.12	02:07:49.120		0.92723			4
2025.11.12	02:07:58.151	0.92711				2
2025.11.12	02:07:58.801	0.92712	0.92722			6
2025.11.12	02:07:59.211	0.92711	0.92723			6
2025.11.12	02:08:00.089	0.92712	0.92722			6
2025.11.12	02:08:01.444	0.92711	0.92723			6
2025.11.12	02:08:02.814	0.92712	0.92722			6
2025.11.12	02:08:03.844		0.92721			4
2025.11.12	02:08:04.912		0.92722			4
2025.11.12	02:08:06.819		0.92723			4
2025.11.12	02:08:11.782	0.92713				2
2025.11.12	02:08:16.533	0.92712				2
2025.11.12	02:08:17.948	0.92714	0.92724			6
2025.11.12	02:08:18.251	0.92716	0.92726			6
2025.11.12	02:08:23.814	0.92715				2
2025.11.12	02:08:26.298		0.92725			4
2025.11.12	02:08:28.376	0.92714				2
2025.11.12	02:08:30.455		0.92724			4
2025.11.12	02:08:35.424	0.92713	0.92722			6
2025.11.12	02:08:36.357		0.92723			4
2025.11.12	02:08:45.130	0.92714	0.92724			6
2025.11.12	02:08:48.021	0.92715				2
2025.11.12	02:08:51.553	0.92716	0.92725			6
2025.11.12	02:08:52.077	0.92717	0.92724			6
2025.11.12	02:08:52.398	0.92715				2
2025.11.12	02:08:52.770	0.92714				2
2025.11.12	02:08:53.350		0.92725			4
2025.11.12	02:08:54.099		0.92723			4
2025.11.12	02:08:59.512		0.92724			4
2025.11.12	02:09:00.447	0.92714	0.92723			6
2025.11.12	02:09:00.779	0.92713	0.92724			6
2025.11.12	02:09:01.763	0.92714				2
2025.11.12	02:09:02.079	0.92713				2
2025.11.12	02:09:04.589	0.92714	0.92723			6
2025.11.12	02:09:05.255	0.92713	0.92722			6
2025.11.12	02:09:06.434	0.92712				2
2025.11.12	02:09:10.504	0.92713				2
2025.11.12	02:09:11.236	0.92712	0.92721			6
2025.11.12	02:09:14.171		0.92723			4
2025.11.12	02:09:15.758	0.92713				2
2025.11.12	02:09:17.239	0.92712				2
2025.11.12	02:09:18.895	0.92713				2
2025.11.12	02:09:20.299		0.92722			4
2025.11.12	02:09:21.162	0.92714				2
2025.11.12	02:09:25.698	0.92713				2
2025.11.12	02:09:26.232	0.92714	0.92723			6
2025.11.12	02:09:31.296	0.92713				2
2025.11.12	02:09:49.656		0.92722			4
2025.11.12	02:09:51.925	0.92711				2
2025.11.12	02:09:52.337	0.92712	0.92723			6
2025.11.12	02:09:52.802	0.92711	0.92722			6
2025.11.12	02:09:53.696	0.92716	0.92723			6
2025.11.12	02:09:54.355	0.92715	0.92724			6
2025.11.12	02:09:55.135	0.92714	0.92725			6
2025.11.12	02:09:56.377	0.92715	0.92726			6
2025.11.12	02:09:57.812	0.92716	0.92725			6
2025.11.12	02:10:00.351	0.92716				2
2025.11.12	02:10:03.210	0.92715				2
2025.11.12	02:10:09.113	0.92716	0.92723			6
2025.11.12	02:10:12.296	0.92715	0.92724			6
2025.11.12	02:10:18.612	0.92714				2
2025.11.12	02:10:19.056	0.92715	0.92722			6
2025.11.12	02:10:19.671	0.92713	0.92723			6
2025.11.12	02:10:19.979	0.92715	0.92724			6
2025.11.12	02:10:21.202	0.92714	0.92725			6
2025.11.12	02:10:22.473		0.92724			4
2025.11.12	02:10:30.019	0.92715	0.92726			6
2025.11.12	02:10:32.367	0.92716				2
2025.11.12	02:10:40.139	0.92714	0.92724			6
2025.11.12	02:10:40.712		0.92723			4
2025.11.12	02:10:41.771	0.92713				2
2025.11.12	02:10:43.393	0.92714				2
2025.11.12	02:10:43.750	0.92716	0.92726			6
2025.11.12	02:10:56.321	0.92715	0.92725			6
2025.11.12	02:10:57.676	0.92716	0.92726			6
2025.11.12	02:11:00.456	0.92716				2
2025.11.12	02:11:12.331	0.92717				2
2025.11.12	02:11:23.761		0.92727			4
2025.11.12	02:11:27.216	0.92716	0.92726			6
2025.11.12	02:11:28.967	0.92718				2
2025.11.12	02:11:33.938		0.92727			4
2025.11.12	02:11:35.743	0.92719				2
2025.11.12	02:11:36.555	0.92718	0.92726			6
2025.11.12	02:11:39.645		0.92727			4
2025.11.12	02:11:42.735		0.92726			4
2025.11.12	02:11:45.588	0.92717				2
2025.11.12	02:11:48.895		0.92725			4
2025.11.12	02:11:53.580		0.92726			4
2025.11.12	02:11:54.908	0.92718	0.92727			6
2025.11.12	02:12:00.290	0.92716	0.92726			6
2025.11.12	02:12:04.084	0.92717				2
2025.11.12	02:12:06.876	0.92715	0.92725			6
2025.11.12	02:12:11.780	0.92716				2
2025.11.12	02:12:12.142		0.92727			4
2025.11.12	02:12:17.072	0.92717	0.92726			6
2025.11.12	02:12:25.689	0.92718				2
2025.11.12	02:12:29.377	0.92717				2
2025.11.12	02:12:29.697		0.92729			4
2025.11.12	02:12:30.019		0.92728			4
2025.11.12	02:12:31.805		0.92727			4
2025.11.12	02:12:33.192		0.92728			4
2025.11.12	02:12:33.911	0.92720				2
2025.11.12	02:12:35.672	0.92719				2
2025.11.12	02:12:37.861	0.92718	0.92727			6
2025.11.12	02:12:39.469	0.92719				2
2025.11.12	02:12:40.373	0.92718				2
2025.11.12	02:12:44.017	0.92716				2
2025.11.12	02:12:46.448	0.92717				2
2025.11.12	02:12:49.476	0.92719	0.92728			6
2025.11.12	02:12:53.359	0.92720	0.92729			6
2025.11.12	02:12:55.520	0.92721	0.92730			6
2025.11.12	02:13:00.542	0.92720	0.92731			6
2025.11.12	02:13:07.275	0.92718	0.92726			6
2025.11.12	02:13:12.288	0.92717	0.92727			6
2025.11.12	02:13:13.435	0.92718	0.92728			6
2025.11.12	02:13:16.363	0.92719				2
2025.11.12	02:13:17.546	0.92718				2
2025.11.12	02:13:20.100	0.92719				2
2025.11.12	02:13:23.047	0.92718				2
2025.11.12	02:13:23.609	0.92719	0.92729			6
2025.11.12	02:13:24.146	0.92720	0.92730			6
2025.11.12	02:13:26.279	0.92721	0.92729			6
2025.11.12	02:13:27.456	0.92722				2
2025.11.12	02:13:30.967	0.92720	0.92731			6
2025.11.12	02:13:31.477	0.92721	0.92732			6
2025.11.12	02:13:33.374		0.92731			4
2025.11.12	02:13:34.795	0.92724	0.92733			6
2025.11.12	02:13:36.129	0.92723				2
2025.11.12	02:13:38.069		0.92734			4
2025.11.12	02:13:38.580	0.92724	0.92733			6
2025.11.12	02:13:40.696	0.92725	0.92734			6
2025.11.12	02:13:44.378	0.92721	0.92731			6
2025.11.12	02:13:45.827	0.92722				2
2025.11.12	02:13:54.037	0.92720				2
2025.11.12	02:13:55.493	0.92721				2
2025.11.12	02:14:00.512	0.92721				2
2025.11.12	02:14:02.509	0.92720				2
2025.11.12	02:14:03.285	0.92722				2
2025.11.12	02:14:12.374		0.92730			4
2025.11.12	02:14:13.649	0.92721				2
2025.11.12	02:14:16.307	0.92720				2
2025.11.12	02:14:23.949	0.92719	0.92729			6
2025.11.12	02:14:24.994	0.92720				2
2025.11.12	02:14:28.079	0.92721				2
2025.11.12	02:14:30.548	0.92720				2
2025.11.12	02:14:31.400		0.92730			4
2025.11.12	02:14:39.708	0.92721	0.92729			6
2025.11.12	02:14:41.164	0.92719	0.92730			6
2025.11.12	02:14:43.033	0.92720				2
2025.11.12	02:14:43.626	0.92719				2
2025.11.12	02:14:45.794		0.92729			4
2025.11.12	02:14:50.023		0.92730			4
2025.11.12	02:14:51.946	0.92718	0.92729			6
2025.11.12	02:14:54.258	0.92717				2
2025.11.12	02:14:56.249	0.92718	0.92728			6
2025.11.12	02:14:57.267	0.92719				2
2025.11.12	02:15:00.305	0.92718				2
2025.11.12	02:15:01.428	0.92722	0.92730			6
2025.11.12	02:15:02.278	0.92718	0.92731			6
2025.11.12	02:15:02.998	0.92722				2
2025.11.12	02:15:05.447	0.92721	0.92732			6
2025.11.12	02:15:06.305		0.92731			4
