<DATE>	<TIME>	<BID>	<ASK>	<LAST>	<VOLUME>	<FLAGS>
2025.09.11	00:03:30.970	0.93399	0.93553			6
2025.09.11	00:04:00.540	0.93399	0.93552			6
2025.09.11	00:04:40.534		0.93553			4
2025.09.11	00:05:00.477	0.93399				2
2025.09.11	00:05:05.679		0.93538			4
2025.09.11	00:05:10.052		0.93540			4
2025.09.11	00:05:10.358		0.93538			4
2025.09.11	00:05:14.348		0.93534			4
2025.09.11	00:05:15.423		0.93532			4
2025.09.11	00:05:20.166		0.93530			4
2025.09.11	00:05:22.449		0.93552			4
2025.09.11	00:05:24.350		0.93561			4
2025.09.11	00:05:25.068		0.93562			4
2025.09.11	00:05:26.150		0.93567			4
2025.09.11	00:05:27.738		0.93563			4
2025.09.11	00:05:28.156		0.93554			4
2025.09.11	00:05:29.801		0.93553			4
2025.09.11	00:05:30.356		0.93552			4
2025.09.11	00:05:34.345		0.93553			4
2025.09.11	00:05:35.022		0.93555			4
2025.09.11	00:05:36.875		0.93554			4
2025.09.11	00:05:39.613		0.93553			4
2025.09.11	00:05:44.334		0.93555			4
2025.09.11	00:05:49.277		0.93554			4
2025.09.11	00:05:54.057		0.93556			4
2025.09.11	00:05:56.347		0.93557			4
2025.09.11	00:05:57.278		0.93556			4
2025.09.11	00:05:57.903		0.93557			4
2025.09.11	00:05:59.142		0.93554			4
2025.09.11	00:06:00.077	0.93399				2
2025.09.11	00:06:02.278		0.93564			4
2025.09.11	00:06:10.353		0.93562			4
2025.09.11	00:06:12.349		0.93557			4
2025.09.11	00:06:12.823		0.93551			4
2025.09.11	00:06:16.714		0.93550			4
2025.09.11	00:06:18.353		0.93555			4
2025.09.11	00:06:27.168		0.93572			4
2025.09.11	00:06:46.916		0.93571			4
2025.09.11	00:06:48.359		0.93569			4
2025.09.11	00:06:55.886		0.93562			4
2025.09.11	00:06:56.343		0.93563			4
2025.09.11	00:06:59.642		0.93561			4
2025.09.11	00:07:02.821	0.93399	0.93558			6
2025.09.11	00:07:05.937		0.93555			4
2025.09.11	00:07:06.241		0.93565			4
2025.09.11	00:07:06.557		0.93559			4
2025.09.11	00:07:06.877		0.93565			4
2025.09.11	00:07:07.498		0.93559			4
2025.09.11	00:07:07.818		0.93565			4
2025.09.11	00:07:09.077		0.93559			4
2025.09.11	00:07:09.381		0.93565			4
2025.09.11	00:07:09.697		0.93559			4
2025.09.11	00:07:09.998		0.93565			4
2025.09.11	00:07:10.300		0.93559			4
2025.09.11	00:07:10.603		0.93565			4
2025.09.11	00:07:10.917		0.93559			4
2025.09.11	00:07:11.558		0.93564			4
2025.09.11	00:07:12.198		0.93559			4
2025.09.11	00:07:12.519		0.93566			4
2025.09.11	00:07:15.038		0.93559			4
2025.09.11	00:07:15.357		0.93561			4
2025.09.11	00:07:15.660		0.93559			4
2025.09.11	00:07:16.298		0.93565			4
2025.09.11	00:07:16.622		0.93543			4
2025.09.11	00:07:16.938		0.93565			4
2025.09.11	00:07:17.258		0.93559			4
2025.09.11	00:07:17.578		0.93545			4
2025.09.11	00:07:17.898		0.93559			4
2025.09.11	00:07:18.202		0.93550			4
2025.09.11	00:07:18.518		0.93559			4
2025.09.11	00:07:18.838		0.93570			4
2025.09.11	00:07:19.157		0.93550			4
2025.09.11	00:07:19.477		0.93569			4
2025.09.11	00:07:19.799		0.93559			4
2025.09.11	00:07:20.118		0.93547			4
2025.09.11	00:07:20.422		0.93559			4
2025.09.11	00:07:20.738		0.93551			4
2025.09.11	00:07:21.059		0.93553			4
2025.09.11	00:07:21.378		0.93549			4
2025.09.11	00:07:21.683		0.93559			4
2025.09.11	00:07:21.997		0.93551			4
2025.09.11	00:07:22.318		0.93559			4
2025.09.11	00:07:22.619		0.93543			4
2025.09.11	00:07:22.938		0.93541			4
2025.09.11	00:07:23.257		0.93563			4
2025.09.11	00:07:23.577		0.93543			4
2025.09.11	00:07:23.882		0.93559			4
2025.09.11	00:07:24.197		0.93543			4
2025.09.11	00:07:24.499		0.93559			4
2025.09.11	00:07:24.816		0.93557			4
2025.09.11	00:07:25.138		0.93543			4
2025.09.11	00:07:25.440		0.93563			4
2025.09.11	00:07:25.757		0.93543			4
2025.09.11	00:07:26.059		0.93559			4
2025.09.11	00:07:26.679		0.93542			4
2025.09.11	00:07:26.982		0.93562			4
2025.09.11	00:07:27.297		0.93559			4
2025.09.11	00:07:27.598		0.93542			4
2025.09.11	00:07:27.916		0.93562			4
2025.09.11	00:07:28.217		0.93557			4
2025.09.11	00:07:28.839		0.93562			4
2025.09.11	00:07:29.156		0.93557			4
2025.09.11	00:07:29.778		0.93542			4
2025.09.11	00:07:30.097		0.93559			4
2025.09.11	00:07:30.737		0.93557			4
2025.09.11	00:07:31.058		0.93562			4
2025.09.11	00:07:31.377		0.93559			4
2025.09.11	00:07:31.681		0.93557			4
2025.09.11	00:07:31.997		0.93559			4
2025.09.11	00:07:32.301		0.93557			4
2025.09.11	00:07:32.617		0.93559			4
2025.09.11	00:07:32.938		0.93557			4
2025.09.11	00:07:33.257		0.93562			4
2025.09.11	00:07:33.563		0.93542			4
2025.09.11	00:07:34.179		0.93561			4
2025.09.11	00:07:34.497		0.93541			4
2025.09.11	00:07:34.798		0.93556			4
2025.09.11	00:07:35.117		0.93559			4
2025.09.11	00:07:35.418		0.93541			4
2025.09.11	00:07:35.719		0.93538			4
2025.09.11	00:07:36.038		0.93559			4
2025.09.11	00:07:36.340		0.93538			4
2025.09.11	00:07:36.658		0.93541			4
2025.09.11	00:07:36.977		0.93561			4
2025.09.11	00:07:37.278		0.93554			4
2025.09.11	00:07:37.597		0.93559			4
2025.09.11	00:07:37.902		0.93541			4
2025.09.11	00:07:38.538		0.93559			4
2025.09.11	00:07:38.858		0.93554			4
2025.09.11	00:07:39.161		0.93561			4
2025.09.11	00:07:39.477		0.93541			4
2025.09.11	00:07:39.781		0.93559			4
2025.09.11	00:07:40.097		0.93541			4
2025.09.11	00:07:40.417		0.93561			4
2025.09.11	00:07:40.717		0.93556			4
2025.09.11	00:07:41.338		0.93561			4
2025.09.11	00:07:41.657		0.93556			4
2025.09.11	00:07:41.959		0.93559			4
2025.09.11	00:07:42.278		0.93541			4
2025.09.11	00:07:42.581		0.93559			4
2025.09.11	00:07:42.897		0.93541			4
2025.09.11	00:07:43.217		0.93556			4
2025.09.11	00:07:43.537		0.93541			4
2025.09.11	00:07:43.838		0.93559			4
2025.09.11	00:07:44.157		0.93541			4
2025.09.11	00:07:44.459		0.93561			4
2025.09.11	00:07:44.777		0.93559			4
2025.09.11	00:07:45.079		0.93541			4
2025.09.11	00:07:45.380		0.93559			4
2025.09.11	00:07:46.002		0.93556			4
2025.09.11	00:07:46.318		0.93561			4
2025.09.11	00:07:46.638		0.93556			4
2025.09.11	00:07:46.938		0.93561			4
2025.09.11	00:07:47.259		0.93556			4
2025.09.11	00:07:47.577		0.93561			4
2025.09.11	00:07:47.897		0.93556			4
2025.09.11	00:07:48.537		0.93561			4
2025.09.11	00:07:48.837		0.93556			4
2025.09.11	00:07:49.158		0.93561			4
2025.09.11	00:07:49.460		0.93559			4
2025.09.11	00:07:49.777		0.93556			4
2025.09.11	00:07:50.078		0.93559			4
2025.09.11	00:07:50.397		0.93541			4
2025.09.11	00:07:50.698		0.93559			4
2025.09.11	00:07:51.018		0.93561			4
2025.09.11	00:07:51.337		0.93538			4
2025.09.11	00:07:51.637		0.93559			4
2025.09.11	00:07:51.957		0.93554			4
2025.09.11	00:07:52.597		0.93561			4
2025.09.11	00:07:52.899		0.93555			4
2025.09.11	00:07:53.217		0.93560			4
2025.09.11	00:07:53.537		0.93538			4
2025.09.11	00:07:53.838		0.93541			4
2025.09.11	00:07:54.157		0.93561			4
2025.09.11	00:07:54.458		0.93539			4
2025.09.11	00:07:54.763		0.93560			4
2025.09.11	00:07:55.078		0.93541			4
2025.09.11	00:07:55.378		0.93560			4
2025.09.11	00:07:55.680		0.93554			4
2025.09.11	00:07:56.298		0.93561			4
2025.09.11	00:07:56.618		0.93541			4
2025.09.11	00:07:56.920		0.93560			4
2025.09.11	00:07:57.237		0.93541			4
2025.09.11	00:07:57.537		0.93560			4
2025.09.11	00:07:57.839		0.93541			4
2025.09.11	00:07:58.157		0.93539			4
2025.09.11	00:07:58.458		0.93561			4
2025.09.11	00:07:58.777		0.93556			4
2025.09.11	00:07:59.098		0.93541			4
2025.09.11	00:07:59.418		0.93561			4
2025.09.11	00:07:59.721		0.93553			4
2025.09.11	00:08:00.037	0.93399	0.93560			6
2025.09.11	00:08:00.338		0.93541			4
2025.09.11	00:08:00.657		0.93560			4
2025.09.11	00:08:01.277		0.93539			4
2025.09.11	00:08:01.579		0.93560			4
2025.09.11	00:08:01.897		0.93556			4
2025.09.11	00:08:02.199		0.93560			4
2025.09.11	00:08:04.949		0.93561			4
2025.09.11	00:08:12.798		0.93560			4
2025.09.11	00:08:18.346		0.93557			4
2025.09.11	00:08:21.799		0.93546			4
2025.09.11	00:08:34.587		0.93544			4
2025.09.11	00:08:42.365		0.93542			4
2025.09.11	00:08:47.800		0.93547			4
2025.09.11	00:08:50.358		0.93545			4
2025.09.11	00:09:00.251	0.93399	0.93544			6
2025.09.11	00:09:12.169		0.93543			4
2025.09.11	00:09:20.315		0.93542			4
2025.09.11	00:09:29.646		0.93551			4
2025.09.11	00:09:33.892		0.93552			4
2025.09.11	00:09:34.349		0.93557			4
2025.09.11	00:09:38.350		0.93556			4
2025.09.11	00:09:44.345		0.93552			4
2025.09.11	00:10:00.323	0.93399	0.93499			6
2025.09.11	00:10:11.482	0.93361	0.93502			6
2025.09.11	00:10:26.668		0.93501			4
2025.09.11	00:10:30.916	0.93332				2
2025.09.11	00:10:33.347	0.93333				2
2025.09.11	00:10:33.648	0.93366				2
2025.09.11	00:10:37.596	0.93365	0.93502			6
2025.09.11	00:10:49.125		0.93501			4
2025.09.11	00:11:00.042	0.93365				2
2025.09.11	00:11:00.344	0.93366	0.93500			6
2025.09.11	00:11:02.769		0.93501			4
2025.09.11	00:11:04.585	0.93399	0.93511			6
2025.09.11	00:11:06.221		0.93499			4
2025.09.11	00:11:07.058	0.93366	0.93501			6
2025.09.11	00:11:08.015	0.93399	0.93499			6
2025.09.11	00:11:14.288	0.93366	0.93501			6
2025.09.11	00:11:15.236	0.93399	0.93499			6
2025.09.11	00:11:21.157	0.93367	0.93500			6
2025.09.11	00:11:22.371	0.93399	0.93498			6
2025.09.11	00:11:28.692	0.93367	0.93500			6
2025.09.11	00:11:29.644	0.93399	0.93498			6
2025.09.11	00:11:35.895	0.93367	0.93500			6
2025.09.11	00:11:36.813	0.93399	0.93498			6
2025.09.11	00:12:00.381	0.93399				2
2025.09.11	00:12:02.762	0.93402				2
2025.09.11	00:12:40.653		0.93498			4
2025.09.11	00:12:47.773		0.93494			4
2025.09.11	00:12:53.075		0.93489			4
2025.09.11	00:12:59.684		0.93490			4
2025.09.11	00:13:02.762	0.93399				2
2025.09.11	00:13:19.949		0.93489			4
2025.09.11	00:14:00.379	0.93399				2
2025.09.11	00:14:28.345		0.93489			4
2025.09.11	00:14:30.154		0.93488			4
2025.09.11	00:14:59.854		0.93489			4
2025.09.11	00:15:02.762	0.93399				2
2025.09.11	00:15:34.907		0.93488			4
2025.09.11	00:15:44.856		0.93489			4
2025.09.11	00:15:47.677		0.93485			4
2025.09.11	00:15:55.555		0.93489			4
2025.09.11	00:16:01.424	0.93399				2
2025.09.11	00:16:04.937		0.93488			4
2025.09.11	00:16:14.687		0.93489			4
2025.09.11	00:16:24.056		0.93492			4
2025.09.11	00:16:29.845		0.93486			4
2025.09.11	00:16:30.459		0.93489			4
2025.09.11	00:16:50.535		0.93490			4
2025.09.11	00:17:02.350	0.93399				2
2025.09.11	00:17:12.970		0.93488			4
2025.09.11	00:17:26.519		0.93496			4
2025.09.11	00:17:32.255		0.93495			4
2025.09.11	00:17:41.520		0.93496			4
2025.09.11	00:17:52.814		0.93492			4
2025.09.11	00:17:53.123		0.93496			4
2025.09.11	00:18:00.015	0.93399				2
2025.09.11	00:18:01.877		0.93494			4
2025.09.11	00:18:11.522		0.93496			4
2025.09.11	00:18:19.442		0.93508			4
2025.09.11	00:18:31.053		0.93509			4
2025.09.11	00:18:31.912		0.93506			4
2025.09.11	00:18:38.252		0.93507			4
2025.09.11	00:18:40.030		0.93510			4
2025.09.11	00:19:01.365	0.93399				2
2025.09.11	00:19:19.654		0.93509			4
2025.09.11	00:19:23.557		0.93510			4
2025.09.11	00:19:36.801		0.93509			4
2025.09.11	00:19:37.906		0.93507			4
2025.09.11	00:19:41.076		0.93506			4
2025.09.11	00:19:42.443		0.93508			4
2025.09.11	00:20:02.760	0.93402				2
2025.09.11	00:20:13.779		0.93507			4
2025.09.11	00:20:16.653		0.93508			4
2025.09.11	00:20:32.553		0.93507			4
2025.09.11	00:20:42.459		0.93506			4
2025.09.11	00:21:00.656	0.93402	0.93507			6
2025.09.11	00:21:02.760	0.93404				2
2025.09.11	00:21:22.090		0.93505			4
2025.09.11	00:21:32.161		0.93504			4
2025.09.11	00:21:51.647		0.93509			4
2025.09.11	00:22:02.185	0.93404				2
2025.09.11	00:22:18.539		0.93506			4
2025.09.11	00:22:44.965		0.93508			4
2025.09.11	00:22:50.654		0.93506			4
2025.09.11	00:22:51.737		0.93505			4
2025.09.11	00:23:02.543	0.93404				2
2025.09.11	00:23:13.946		0.93504			4
2025.09.11	00:23:17.404		0.93506			4
2025.09.11	00:23:37.800		0.93504			4
2025.09.11	00:23:51.025		0.93503			4
2025.09.11	00:24:02.899	0.93404	0.93502			6
2025.09.11	00:24:04.237		0.93503			4
2025.09.11	00:24:17.095		0.93502			4
2025.09.11	00:24:17.446		0.93505			4
2025.09.11	00:24:20.539		0.93502			4
2025.09.11	00:24:30.661		0.93505			4
2025.09.11	00:24:40.653		0.93502			4
2025.09.11	00:24:53.478		0.93503			4
2025.09.11	00:25:00.307	0.93404				2
2025.09.11	00:25:00.652		0.93505			4
2025.09.11	00:25:26.468		0.93507			4
2025.09.11	00:25:35.721		0.93506			4
2025.09.11	00:25:37.955		0.93508			4
2025.09.11	00:25:43.123		0.93506			4
2025.09.11	00:25:44.923		0.93507			4
2025.09.11	00:25:46.131		0.93506			4
2025.09.11	00:25:56.739		0.93505			4
2025.09.11	00:26:07.352	0.93404				2
2025.09.11	00:26:16.202		0.93506			4
2025.09.11	00:26:23.158		0.93509			4
2025.09.11	00:26:37.575		0.93505			4
2025.09.11	00:27:04.402	0.93404	0.93504			6
2025.09.11	00:27:13.961		0.93505			4
2025.09.11	00:27:17.316		0.93506			4
2025.09.11	00:27:17.620		0.93505			4
2025.09.11	00:27:18.175		0.93506			4
2025.09.11	00:27:19.349		0.93505			4
2025.09.11	00:27:20.535		0.93508			4
2025.09.11	00:27:23.437		0.93509			4
2025.09.11	00:27:23.737		0.93508			4
2025.09.11	00:27:36.453		0.93509			4
2025.09.11	00:27:56.842		0.93506			4
2025.09.11	00:28:00.317	0.93404				2
2025.09.11	00:28:03.321		0.93507			4
2025.09.11	00:28:10.356		0.93508			4
2025.09.11	00:28:17.608		0.93509			4
2025.09.11	00:28:21.340		0.93508			4
2025.09.11	00:28:40.079		0.93510			4
2025.09.11	00:28:48.463		0.93507			4
2025.09.11	00:29:00.354	0.93404				2
2025.09.11	00:29:02.760	0.93399				2
2025.09.11	00:29:09.321		0.93505			4
2025.09.11	00:29:13.294		0.93504			4
2025.09.11	00:29:21.740		0.93507			4
2025.09.11	00:29:34.928		0.93504			4
2025.09.11	00:29:37.058		0.93508			4
2025.09.11	00:29:42.092		0.93507			4
2025.09.11	00:29:53.322		0.93506			4
2025.09.11	00:30:00.310	0.93399				2
2025.09.11	00:30:05.616		0.93505			4
2025.09.11	00:30:39.195		0.93502			4
2025.09.11	00:30:48.757		0.93501			4
2025.09.11	00:31:00.381	0.93399	0.93500			6
2025.09.11	00:31:02.760	0.93400				2
2025.09.11	00:31:39.184		0.93499			4
2025.09.11	00:31:59.637		0.93500			4
2025.09.11	00:32:05.478	0.93400				2
2025.09.11	00:32:10.653		0.93499			4
2025.09.11	00:32:19.652		0.93498			4
2025.09.11	00:32:28.224		0.93497			4
2025.09.11	00:32:48.755		0.93499			4
2025.09.11	00:32:56.922		0.93498			4
2025.09.11	00:33:00.963	0.93400				2
2025.09.11	00:33:08.856		0.93497			4
2025.09.11	00:33:14.520		0.93500			4
2025.09.11	00:33:17.830	0.93413	0.93501			6
2025.09.11	00:33:18.857		0.93500			4
2025.09.11	00:33:24.187		0.93501			4
2025.09.11	00:33:29.696		0.93502			4
2025.09.11	00:33:52.354		0.93501			4
2025.09.11	00:34:00.356	0.93413				2
2025.09.11	00:34:53.329		0.93501			4
2025.09.11	00:34:56.310		0.93503			4
2025.09.11	00:34:56.624		0.93504			4
2025.09.11	00:34:57.157	0.93422	0.93514			6
2025.09.11	00:35:00.591	0.93422				2
2025.09.11	00:35:11.565	0.93412	0.93502			6
2025.09.11	00:35:12.316		0.93504			4
2025.09.11	00:35:12.617		0.93503			4
2025.09.11	00:35:13.076	0.93425	0.93512			6
2025.09.11	00:35:16.101		0.93511			4
2025.09.11	00:35:19.355		0.93510			4
2025.09.11	00:35:27.231		0.93511			4
2025.09.11	00:35:28.249		0.93512			4
2025.09.11	00:35:28.958		0.93511			4
2025.09.11	00:35:33.223		0.93512			4
2025.09.11	00:35:34.654		0.93511			4
2025.09.11	00:35:44.259		0.93509			4
2025.09.11	00:35:44.981		0.93511			4
2025.09.11	00:35:45.659		0.93509			4
2025.09.11	00:35:46.156		0.93511			4
2025.09.11	00:35:46.654		0.93509			4
2025.09.11	00:35:47.507		0.93511			4
2025.09.11	00:35:48.332		0.93509			4
2025.09.11	00:35:48.829		0.93511			4
2025.09.11	00:35:49.328		0.93509			4
2025.09.11	00:35:51.792		0.93511			4
2025.09.11	00:35:52.284		0.93509			4
2025.09.11	00:35:52.792		0.93511			4
2025.09.11	00:35:53.263		0.93510			4
2025.09.11	00:35:53.837		0.93508			4
2025.09.11	00:35:54.339		0.93511			4
2025.09.11	00:35:54.681		0.93510			4
2025.09.11	00:35:55.921	0.93412	0.93501			6
2025.09.11	00:35:56.291	0.93426	0.93511			6
2025.09.11	00:35:58.920		0.93512			4
2025.09.11	00:35:59.527		0.93510			4
2025.09.11	00:36:00.962	0.93426				2
2025.09.11	00:36:04.657		0.93511			4
2025.09.11	00:36:06.787		0.93510			4
2025.09.11	00:36:07.290		0.93511			4
2025.09.11	00:36:08.348	0.93413	0.93505			6
2025.09.11	00:36:09.145		0.93503			4
2025.09.11	00:36:09.892		0.93501			4
2025.09.11	00:36:12.700	0.93422	0.93515			6
2025.09.11	00:36:15.066		0.93514			4
2025.09.11	00:36:15.368		0.93512			4
2025.09.11	00:36:15.672	0.93420				2
2025.09.11	00:36:16.036	0.93421	0.93510			6
2025.09.11	00:36:16.364	0.93422	0.93511			6
2025.09.11	00:36:16.678	0.93418	0.93507			6
2025.09.11	00:36:17.067	0.93417	0.93508			6
2025.09.11	00:36:17.396	0.93416	0.93509			6
2025.09.11	00:36:24.208		0.93508			4
2025.09.11	00:36:24.527		0.93509			4
2025.09.11	00:36:25.173		0.93510			4
2025.09.11	00:36:25.477	0.93415				2
2025.09.11	00:36:25.778	0.93416	0.93509			6
2025.09.11	00:36:28.057	0.93415	0.93510			6
2025.09.11	00:36:29.858	0.93416	0.93509			6
2025.09.11	00:36:39.189	0.93414	0.93510			6
2025.09.11	00:36:39.919	0.93415				2
2025.09.11	00:36:40.437	0.93414				2
2025.09.11	00:36:42.155		0.93511			4
2025.09.11	00:36:44.530	0.93413				2
2025.09.11	00:36:45.584	0.93414				2
2025.09.11	00:36:50.349	0.93415	0.93510			6
2025.09.11	00:36:51.444	0.93414	0.93511			6
2025.09.11	00:36:54.447	0.93415	0.93510			6
2025.09.11	00:36:54.781	0.93414				2
2025.09.11	00:36:55.193	0.93415				2
2025.09.11	00:36:55.876	0.93414				2
2025.09.11	00:36:58.353	0.93415	0.93511			6
2025.09.11	00:37:00.154	0.93415				2
2025.09.11	00:37:03.277		0.93510			4
2025.09.11	00:37:08.611	0.93414	0.93511			6
2025.09.11	00:37:09.190	0.93413	0.93512			6
2025.09.11	00:37:13.353		0.93513			4
2025.09.11	00:37:14.371		0.93512			4
2025.09.11	00:37:16.053		0.93513			4
2025.09.11	00:37:16.685	0.93414				2
2025.09.11	00:37:23.606		0.93512			4
2025.09.11	00:37:24.190	0.93416	0.93510			6
2025.09.11	00:37:25.149	0.93415	0.93511			6
2025.09.11	00:37:27.153	0.93414	0.93512			6
2025.09.11	00:37:40.150		0.93511			4
2025.09.11	00:37:40.955	0.93415				2
2025.09.11	00:37:49.909	0.93416				2
2025.09.11	00:37:51.071	0.93415				2
2025.09.11	00:37:52.953	0.93416				2
2025.09.11	00:37:55.665		0.93510			4
2025.09.11	00:37:57.160	0.93417				2
2025.09.11	00:38:00.432	0.93417	0.93509			6
2025.09.11	00:38:01.955		0.93510			4
2025.09.11	00:38:05.362	0.93416				2
2025.09.11	00:38:05.673	0.93417	0.93509			6
2025.09.11	00:38:11.255		0.93510			4
2025.09.11	00:38:14.388	0.93416				2
2025.09.11	00:38:16.403	0.93418	0.93509			6
2025.09.11	00:38:19.653	0.93417				2
2025.09.11	00:38:20.477	0.93416	0.93511			6
2025.09.11	00:38:21.753		0.93510			4
2025.09.11	00:38:22.953	0.93415	0.93511			6
2025.09.11	00:38:23.383	0.93416	0.93510			6
2025.09.11	00:38:23.707	0.93418	0.93507			6
2025.09.11	00:38:25.006		0.93508			4
2025.09.11	00:38:25.923	0.93417				2
2025.09.11	00:38:27.153	0.93416	0.93509			6
2025.09.11	00:38:28.954	0.93417				2
2025.09.11	00:38:29.553	0.93419	0.93506			6
2025.09.11	00:38:32.072	0.93418	0.93507			6
2025.09.11	00:38:33.154		0.93508			4
2025.09.11	00:38:38.620	0.93419	0.93507			6
2025.09.11	00:38:39.189	0.93418	0.93509			6
2025.09.11	00:38:40.149	0.93419	0.93507			6
2025.09.11	00:38:42.638	0.93418	0.93508			6
2025.09.11	00:38:43.353	0.93419				2
2025.09.11	00:38:47.300	0.93414	0.93505			6
2025.09.11	00:38:47.617		0.93506			4
2025.09.11	00:38:48.496		0.93507			4
2025.09.11	00:38:50.360		0.93505			4
2025.09.11	00:38:54.298		0.93504			4
2025.09.11	00:38:54.753		0.93505			4
2025.09.11	00:39:01.183	0.93414				2
2025.09.11	00:39:01.692		0.93507			4
2025.09.11	00:39:02.855		0.93506			4
2025.09.11	00:39:09.381		0.93507			4
2025.09.11	00:39:10.155		0.93506			4
2025.09.11	00:39:11.197		0.93507			4
2025.09.11	00:39:13.043		0.93505			4
2025.09.11	00:39:14.152		0.93504			4
2025.09.11	00:39:14.467		0.93505			4
2025.09.11	00:39:15.202		0.93504			4
2025.09.11	00:39:16.315	0.93411	0.93512			6
2025.09.11	00:39:22.792		0.93509			4
2025.09.11	00:39:23.123		0.93508			4
2025.09.11	00:39:23.956		0.93509			4
2025.09.11	00:39:24.344		0.93510			4
2025.09.11	00:39:25.186		0.93511			4
2025.09.11	00:39:25.977		0.93510			4
2025.09.11	00:39:26.337		0.93512			4
2025.09.11	00:39:26.703		0.93511			4
2025.09.11	00:39:28.124		0.93510			4
2025.09.11	00:39:28.605		0.93509			4
2025.09.11	00:39:30.731		0.93508			4
2025.09.11	00:39:31.091		0.93509			4
2025.09.11	00:39:31.898		0.93508			4
2025.09.11	00:39:33.162		0.93510			4
2025.09.11	00:39:33.479		0.93508			4
2025.09.11	00:39:34.150		0.93509			4
2025.09.11	00:39:34.959		0.93508			4
2025.09.11	00:39:36.998		0.93509			4
2025.09.11	00:39:43.162		0.93510			4
2025.09.11	00:39:43.488		0.93509			4
2025.09.11	00:39:48.902		0.93510			4
2025.09.11	00:39:49.226		0.93509			4
2025.09.11	00:39:49.590		0.93510			4
2025.09.11	00:39:49.890		0.93509			4
2025.09.11	00:39:50.243		0.93510			4
2025.09.11	00:39:50.897		0.93509			4
2025.09.11	00:39:51.801		0.93507			4
2025.09.11	00:39:52.271		0.93508			4
2025.09.11	00:39:52.588		0.93507			4
2025.09.11	00:39:55.647		0.93508			4
2025.09.11	00:39:55.957		0.93507			4
2025.09.11	00:39:59.024		0.93508			4
2025.09.11	00:39:59.688		0.93507			4
2025.09.11	00:40:01.899	0.93411				2
2025.09.11	00:40:03.307		0.93506			4
2025.09.11	00:40:04.059		0.93507			4
2025.09.11	00:40:06.802		0.93508			4
2025.09.11	00:40:10.957		0.93507			4
2025.09.11	00:40:11.940		0.93508			4
2025.09.11	00:40:12.331		0.93507			4
2025.09.11	00:40:14.342		0.93508			4
2025.09.11	00:40:14.647		0.93507			4
2025.09.11	00:40:15.005		0.93508			4
2025.09.11	00:40:16.248	0.93407				2
2025.09.11	00:40:21.361		0.93507			4
2025.09.11	00:40:21.702		0.93508			4
2025.09.11	00:40:22.371		0.93509			4
2025.09.11	00:40:23.587		0.93508			4
2025.09.11	00:40:27.447		0.93509			4
2025.09.11	00:40:28.053		0.93508			4
2025.09.11	00:40:29.416		0.93509			4
2025.09.11	00:40:33.310		0.93510			4
2025.09.11	00:40:33.651		0.93509			4
2025.09.11	00:40:34.776		0.93510			4
2025.09.11	00:40:35.081		0.93509			4
2025.09.11	00:40:35.615		0.93510			4
2025.09.11	00:40:35.929		0.93509			4
2025.09.11	00:40:36.799		0.93507			4
2025.09.11	00:40:37.456		0.93510			4
2025.09.11	00:40:37.883		0.93509			4
2025.09.11	00:40:40.406		0.93510			4
2025.09.11	00:40:41.066		0.93509			4
2025.09.11	00:40:42.038		0.93510			4
2025.09.11	00:40:44.294		0.93509			4
2025.09.11	00:40:47.856		0.93510			4
2025.09.11	00:40:59.802		0.93508			4
2025.09.11	00:41:00.901	0.93407				2
2025.09.11	00:41:06.803		0.93509			4
2025.09.11	00:41:07.798		0.93508			4
2025.09.11	00:41:10.271		0.93509			4
2025.09.11	00:41:11.553		0.93508			4
2025.09.11	00:41:16.160	0.93408	0.93509			6
2025.09.11	00:41:21.802		0.93508			4
2025.09.11	00:41:24.756		0.93507			4
2025.09.11	00:41:32.046		0.93508			4
2025.09.11	00:41:33.754		0.93507			4
2025.09.11	00:41:35.085		0.93503			4
2025.09.11	00:41:42.699		0.93502			4
2025.09.11	00:41:52.055		0.93500			4
2025.09.11	00:41:53.469		0.93503			4
2025.09.11	00:41:59.386		0.93504			4
2025.09.11	00:42:00.286	0.93408	0.93503			6
2025.09.11	00:42:08.556		0.93502			4
2025.09.11	00:42:17.554		0.93503			4
2025.09.11	00:42:21.288		0.93501			4
2025.09.11	00:42:36.287		0.93502			4
2025.09.11	00:42:38.853		0.93501			4
2025.09.11	00:42:43.010		0.93503			4
2025.09.11	00:42:45.210		0.93501			4
2025.09.11	00:42:47.355		0.93502			4
2025.09.11	00:42:49.954		0.93501			4
2025.09.11	00:42:52.653		0.93502			4
2025.09.11	00:42:57.871		0.93501			4
2025.09.11	00:43:00.533	0.93408				2
2025.09.11	00:43:06.436		0.93500			4
2025.09.11	00:43:14.556		0.93499			4
2025.09.11	00:43:20.148		0.93502			4
2025.09.11	00:43:22.902		0.93503			4
2025.09.11	00:43:25.230		0.93502			4
2025.09.11	00:43:35.149		0.93501			4
2025.09.11	00:43:48.486		0.93502			4
2025.09.11	00:43:52.953		0.93501			4
2025.09.11	00:44:03.156	0.93408				2
2025.09.11	00:44:29.095		0.93509			4
2025.09.11	00:44:29.718		0.93510			4
2025.09.11	00:44:30.060		0.93509			4
2025.09.11	00:44:35.530		0.93504			4
2025.09.11	00:44:36.347		0.93503			4
2025.09.11	00:44:40.030		0.93504			4
2025.09.11	00:44:50.150		0.93505			4
2025.09.11	00:44:58.420		0.93507			4
2025.09.11	00:44:59.574		0.93505			4
2025.09.11	00:45:00.403	0.93408	0.93506			6
2025.09.11	00:45:03.348	0.93373	0.93515			6
2025.09.11	00:45:06.986	0.93408	0.93506			6
2025.09.11	00:45:10.230	0.93426	0.93488			6
2025.09.11	00:45:14.176	0.93439	0.93490			6
2025.09.11	00:45:17.102		0.93489			4
2025.09.11	00:45:20.154		0.93486			4
2025.09.11	00:45:37.056		0.93484			4
2025.09.11	00:45:45.007		0.93485			4
2025.09.11	00:46:01.412	0.93439				2
2025.09.11	00:46:10.052		0.93486			4
2025.09.11	00:46:14.172	0.93440				2
2025.09.11	00:46:24.156		0.93485			4
2025.09.11	00:46:38.553		0.93486			4
2025.09.11	00:46:40.352		0.93488			4
2025.09.11	00:46:50.153		0.93487			4
2025.09.11	00:47:03.312	0.93404	0.93494			6
2025.09.11	00:47:06.961	0.93440	0.93487			6
2025.09.11	00:47:10.666		0.93489			4
2025.09.11	00:47:14.118	0.93439				2
2025.09.11	00:47:29.123		0.93488			4
2025.09.11	00:47:40.053		0.93487			4
2025.09.11	00:48:00.429	0.93439				2
2025.09.11	00:48:10.730		0.93488			4
2025.09.11	00:48:19.611		0.93490			4
2025.09.11	00:48:29.212		0.93488			4
2025.09.11	00:48:35.148		0.93487			4
2025.09.11	00:49:00.539	0.93439	0.93488			6
2025.09.11	00:49:02.341		0.93495			4
2025.09.11	00:49:02.977		0.93496			4
2025.09.11	00:49:05.759		0.93487			4
2025.09.11	00:49:06.342		0.93486			4
2025.09.11	00:49:06.663		0.93485			4
2025.09.11	00:49:14.998	0.93406				2
2025.09.11	00:49:23.252		0.93484			4
2025.09.11	00:49:38.342		0.93485			4
2025.09.11	00:49:40.119		0.93484			4
2025.09.11	00:49:45.274		0.93483			4
2025.09.11	00:49:49.823		0.93484			4
2025.09.11	00:49:51.759		0.93485			4
2025.09.11	00:49:59.123	0.93405				2
2025.09.11	00:50:01.069	0.93405				2
2025.09.11	00:50:06.588	0.93406	0.93484			6
2025.09.11	00:50:14.173	0.93436				2
2025.09.11	00:50:28.314		0.93482			4
2025.09.11	00:50:30.221		0.93481			4
2025.09.11	00:50:31.352		0.93483			4
2025.09.11	00:50:31.660		0.93482			4
2025.09.11	00:50:32.618		0.93481			4
2025.09.11	00:50:33.196		0.93484			4
2025.09.11	00:50:33.864		0.93482			4
2025.09.11	00:50:35.603		0.93483			4
2025.09.11	00:50:49.828		0.93481			4
2025.09.11	00:50:56.436		0.93480			4
2025.09.11	00:51:00.154	0.93436	0.93482			6
2025.09.11	00:51:01.954		0.93481			4
2025.09.11	00:51:03.065		0.93480			4
2025.09.11	00:51:04.671		0.93481			4
2025.09.11	00:51:04.977		0.93483			4
2025.09.11	00:51:11.413		0.93480			4
2025.09.11	00:51:12.478		0.93479			4
2025.09.11	00:51:14.602		0.93480			4
2025.09.11	00:51:15.159		0.93479			4
2025.09.11	00:51:17.861		0.93481			4
2025.09.11	00:51:21.455		0.93480			4
2025.09.11	00:51:24.455		0.93481			4
2025.09.11	00:51:25.359		0.93483			4
2025.09.11	00:51:30.207		0.93481			4
2025.09.11	00:51:31.157		0.93482			4
2025.09.11	00:51:35.155		0.93483			4
2025.09.11	00:51:35.776		0.93482			4
2025.09.11	00:51:40.376		0.93483			4
2025.09.11	00:51:49.829		0.93480			4
2025.09.11	00:51:53.917	0.93442	0.93513			6
2025.09.11	00:51:55.386		0.93511			4
2025.09.11	00:51:59.872		0.93512			4
2025.09.11	00:52:00.414	0.93442	0.93511			6
2025.09.11	00:52:00.966		0.93513			4
2025.09.11	00:52:01.878		0.93514			4
2025.09.11	00:52:02.197		0.93515			4
2025.09.11	00:52:03.322		0.93512			4
2025.09.11	00:52:03.963		0.93511			4
2025.09.11	00:52:06.256		0.93510			4
2025.09.11	00:52:07.388		0.93507			4
2025.09.11	00:52:07.802		0.93510			4
2025.09.11	00:52:08.138		0.93512			4
2025.09.11	00:52:08.479		0.93508			4
2025.09.11	00:52:09.398		0.93507			4
2025.09.11	00:52:11.919		0.93509			4
2025.09.11	00:52:12.347		0.93510			4
2025.09.11	00:52:12.666		0.93508			4
2025.09.11	00:52:12.978		0.93507			4
2025.09.11	00:52:14.258		0.93508			4
2025.09.11	00:52:14.600		0.93509			4
2025.09.11	00:52:15.327		0.93506			4
2025.09.11	00:52:15.990		0.93507			4
2025.09.11	00:52:16.772		0.93508			4
2025.09.11	00:52:17.297		0.93509			4
2025.09.11	00:52:17.913		0.93507			4
2025.09.11	00:52:18.910		0.93506			4
2025.09.11	00:52:19.224		0.93508			4
2025.09.11	00:52:19.525		0.93511			4
2025.09.11	00:52:19.827		0.93508			4
2025.09.11	00:52:20.287		0.93505			4
2025.09.11	00:52:20.602		0.93508			4
2025.09.11	00:52:21.114		0.93506			4
2025.09.11	00:52:21.991		0.93508			4
2025.09.11	00:52:22.698		0.93507			4
2025.09.11	00:52:23.961		0.93506			4
2025.09.11	00:52:25.724		0.93505			4
2025.09.11	00:52:26.824		0.93508			4
2025.09.11	00:52:27.139		0.93507			4
2025.09.11	00:52:27.446		0.93506			4
2025.09.11	00:52:29.078		0.93521			4
2025.09.11	00:52:30.230		0.93519			4
2025.09.11	00:52:30.552		0.93521			4
2025.09.11	00:52:30.871		0.93520			4
2025.09.11	00:52:31.481		0.93518			4
2025.09.11	00:52:31.913		0.93519			4
2025.09.11	00:52:33.052	0.93443	0.93518			6
2025.09.11	00:52:35.260	0.93442	0.93519			6
2025.09.11	00:52:37.934		0.93520			4
2025.09.11	00:52:39.743	0.93444	0.93511			6
2025.09.11	00:52:40.092	0.93442	0.93514			6
2025.09.11	00:52:40.768		0.93515			4
2025.09.11	00:52:42.824		0.93516			4
2025.09.11	00:52:44.100		0.93517			4
2025.09.11	00:52:45.980		0.93516			4
2025.09.11	00:52:46.881		0.93506			4
2025.09.11	00:52:47.927		0.93510			4
2025.09.11	00:52:51.411		0.93517			4
2025.09.11	00:52:51.752	0.93443	0.93516			6
2025.09.11	00:52:54.217		0.93518			4
2025.09.11	00:52:58.779	0.93442	0.93519			6
2025.09.11	00:53:00.429	0.93442				2
2025.09.11	00:53:06.664		0.93518			4
2025.09.11	00:53:14.473		0.93520			4
2025.09.11	00:53:17.857		0.93521			4
2025.09.11	00:53:19.591		0.93519			4
2025.09.11	00:53:20.776		0.93520			4
2025.09.11	00:53:21.841		0.93521			4
2025.09.11	00:53:27.075		0.93525			4
2025.09.11	00:53:27.578		0.93523			4
2025.09.11	00:53:44.666		0.93522			4
2025.09.11	00:53:46.886		0.93520			4
2025.09.11	00:53:50.777	0.93443	0.93518			6
2025.09.11	00:53:51.509	0.93442	0.93519			6
2025.09.11	00:53:54.447	0.93441				2
2025.09.11	00:53:58.897	0.93440	0.93521			6
2025.09.11	00:54:00.355	0.93440				2
2025.09.11	00:54:01.413	0.93446	0.93527			6
2025.09.11	00:54:01.719	0.93445	0.93526			6
2025.09.11	00:54:02.022	0.93444	0.93525			6
2025.09.11	00:54:02.750	0.93443	0.93526			6
2025.09.11	00:54:03.743	0.93442				2
2025.09.11	00:54:04.908	0.93443	0.93525			6
2025.09.11	00:54:05.219	0.93441	0.93527			6
2025.09.11	00:54:06.321	0.93436	0.93533			6
2025.09.11	00:54:06.847	0.93437	0.93531			6
2025.09.11	00:54:08.030	0.93444	0.93524			6
2025.09.11	00:54:08.365	0.93440	0.93529			6
2025.09.11	00:54:08.714	0.93441	0.93528			6
2025.09.11	00:54:09.018	0.93442	0.93527			6
2025.09.11	00:54:09.361	0.93441	0.93528			6
2025.09.11	00:54:11.231	0.93437	0.93532			6
2025.09.11	00:54:11.562	0.93440	0.93529			6
2025.09.11	00:54:12.344	0.93444	0.93525			6
2025.09.11	00:54:12.646	0.93438	0.93531			6
2025.09.11	00:54:12.966	0.93442	0.93527			6
2025.09.11	00:54:13.273	0.93437	0.93532			6
2025.09.11	00:54:13.905	0.93445	0.93524			6
2025.09.11	00:54:14.228		0.93523			4
2025.09.11	00:54:14.678	0.93446				2
2025.09.11	00:54:14.983		0.93529			4
2025.09.11	00:54:15.298	0.93464	0.93539			6
2025.09.11	00:54:15.612		0.93541			4
2025.09.11	00:54:16.048		0.93547			4
2025.09.11	00:54:16.968		0.93549			4
2025.09.11	00:54:17.298		0.93551			4
2025.09.11	00:54:18.345		0.93552			4
2025.09.11	00:54:18.766		0.93551			4
2025.09.11	00:54:19.327		0.93553			4
2025.09.11	00:54:19.945		0.93552			4
2025.09.11	00:54:20.321		0.93551			4
2025.09.11	00:54:20.877		0.93552			4
2025.09.11	00:54:21.248		0.93551			4
2025.09.11	00:54:21.553		0.93552			4
2025.09.11	00:54:23.774		0.93553			4
2025.09.11	00:54:25.023		0.93552			4
2025.09.11	00:54:27.623		0.93551			4
2025.09.11	00:54:28.907		0.93552			4
2025.09.11	00:54:29.562		0.93553			4
2025.09.11	00:54:30.207		0.93550			4
2025.09.11	00:54:31.740		0.93548			4
2025.09.11	00:54:54.512	0.93458	0.93503			6
2025.09.11	00:54:54.831		0.93502			4
2025.09.11	00:54:57.329		0.93500			4
2025.09.11	00:54:57.682		0.93502			4
2025.09.11	00:54:58.066		0.93501			4
2025.09.11	00:54:58.446		0.93502			4
2025.09.11	00:54:58.810		0.93500			4
2025.09.11	00:54:59.427		0.93502			4
2025.09.11	00:55:00.319	0.93458				2
2025.09.11	00:55:00.913		0.93497			4
2025.09.11	00:55:01.671		0.93499			4
2025.09.11	00:55:03.525		0.93498			4
2025.09.11	00:55:04.353		0.93497			4
2025.09.11	00:55:14.660		0.93499			4
2025.09.11	00:55:15.002		0.93498			4
2025.09.11	00:55:15.355		0.93501			4
2025.09.11	00:55:16.056	0.93454	0.93503			6
2025.09.11	00:55:16.804		0.93502			4
2025.09.11	00:55:19.379		0.93505			4
2025.09.11	00:55:21.816		0.93503			4
2025.09.11	00:55:22.122		0.93505			4
2025.09.11	00:55:23.854		0.93506			4
2025.09.11	00:55:26.065		0.93505			4
2025.09.11	00:55:27.427		0.93504			4
2025.09.11	00:55:27.791		0.93505			4
2025.09.11	00:55:30.920	0.93450				2
2025.09.11	00:55:31.294		0.93507			4
2025.09.11	00:55:32.053		0.93506			4
2025.09.11	00:55:33.075		0.93505			4
2025.09.11	00:55:33.512		0.93504			4
2025.09.11	00:55:33.838		0.93505			4
2025.09.11	00:55:34.151		0.93506			4
2025.09.11	00:55:35.494		0.93505			4
2025.09.11	00:55:40.962		0.93503			4
2025.09.11	00:55:41.332		0.93504			4
2025.09.11	00:55:41.687		0.93505			4
2025.09.11	00:55:42.627		0.93506			4
2025.09.11	00:55:43.009		0.93504			4
2025.09.11	00:55:43.316		0.93505			4
2025.09.11	00:55:44.797		0.93504			4
2025.09.11	00:55:47.558		0.93505			4
2025.09.11	00:55:47.960		0.93504			4
2025.09.11	00:55:49.723		0.93503			4
2025.09.11	00:55:50.095		0.93504			4
2025.09.11	00:55:51.158		0.93505			4
2025.09.11	00:55:51.913		0.93503			4
2025.09.11	00:55:52.257		0.93504			4
2025.09.11	00:55:54.753		0.93505			4
2025.09.11	00:55:57.043		0.93504			4
2025.09.11	00:55:57.353		0.93505			4
2025.09.11	00:55:57.940		0.93503			4
2025.09.11	00:55:58.242		0.93504			4
2025.09.11	00:55:58.583		0.93505			4
2025.09.11	00:55:59.965		0.93504			4
2025.09.11	00:56:00.293	0.93450	0.93498			6
2025.09.11	00:56:00.706		0.93499			4
2025.09.11	00:56:04.066		0.93500			4
2025.09.11	00:56:06.047		0.93499			4
2025.09.11	00:56:11.045		0.93500			4
2025.09.11	00:56:11.408		0.93499			4
2025.09.11	00:56:12.081		0.93498			4
2025.09.11	00:56:17.414		0.93497			4
2025.09.11	00:56:19.953		0.93498			4
2025.09.11	00:56:26.256		0.93499			4
2025.09.11	00:56:27.124		0.93498			4
2025.09.11	00:56:28.936		0.93497			4
2025.09.11	00:56:30.311		0.93498			4
2025.09.11	00:56:30.924	0.93448				2
2025.09.11	00:56:36.752		0.93497			4
2025.09.11	00:56:37.615		0.93498			4
2025.09.11	00:56:46.955		0.93497			4
2025.09.11	00:56:49.829		0.93495			4
2025.09.11	00:56:50.256		0.93494			4
2025.09.11	00:56:50.919		0.93493			4
2025.09.11	00:56:53.793		0.93495			4
2025.09.11	00:56:54.963		0.93493			4
2025.09.11	00:56:55.911		0.93495			4
2025.09.11	00:56:56.741		0.93496			4
2025.09.11	00:56:57.978		0.93495			4
2025.09.11	00:56:59.071		0.93494			4
2025.09.11	00:56:59.384		0.93496			4
2025.09.11	00:57:00.396	0.93448				2
2025.09.11	00:57:02.210		0.93495			4
2025.09.11	00:57:07.457		0.93496			4
2025.09.11	00:57:12.981		0.93497			4
2025.09.11	00:57:16.648	0.93415	0.93495			6
2025.09.11	00:57:16.978		0.93492			4
2025.09.11	00:57:17.407	0.93418	0.93491			6
2025.09.11	00:57:17.920		0.93493			4
2025.09.11	00:57:19.459		0.93492			4
2025.09.11	00:57:21.495	0.93415	0.93493			6
2025.09.11	00:57:22.261		0.93491			4
2025.09.11	00:57:22.770		0.93490			4
2025.09.11	00:57:23.199		0.93494			4
2025.09.11	00:57:24.347		0.93495			4
2025.09.11	00:57:31.654		0.93494			4
2025.09.11	00:57:35.730		0.93493			4
2025.09.11	00:57:38.297		0.93494			4
2025.09.11	00:57:51.495	0.93416				2
2025.09.11	00:57:53.555		0.93495			4
2025.09.11	00:57:55.751		0.93494			4
2025.09.11	00:58:00.001	0.93416				2
2025.09.11	00:58:19.797		0.93493			4
2025.09.11	00:58:20.552		0.93492			4
2025.09.11	00:58:22.053	0.93415	0.93491			6
2025.09.11	00:58:22.362		0.93490			4
2025.09.11	00:58:22.747		0.93492			4
2025.09.11	00:58:23.964		0.93494			4
2025.09.11	00:58:31.567		0.93495			4
2025.09.11	00:58:49.652		0.93493			4
2025.09.11	00:58:50.003		0.93495			4
2025.09.11	00:58:52.218		0.93493			4
2025.09.11	00:58:58.054		0.93494			4
2025.09.11	00:59:00.654	0.93415				2
2025.09.11	00:59:08.422		0.93493			4
2025.09.11	00:59:13.480		0.93494			4
2025.09.11	00:59:13.968		0.93493			4
2025.09.11	00:59:17.136	0.93409				2
2025.09.11	00:59:20.552		0.93492			4
2025.09.11	00:59:21.271		0.93493			4
2025.09.11	00:59:21.756		0.93494			4
2025.09.11	00:59:29.094		0.93495			4
2025.09.11	00:59:32.556		0.93496			4
2025.09.11	00:59:34.080		0.93497			4
2025.09.11	00:59:36.497	0.93413				2
2025.09.11	00:59:37.395		0.93498			4
2025.09.11	00:59:49.954		0.93497			4
2025.09.11	00:59:51.499	0.93417				2
2025.09.11	00:59:52.293	0.93399				2
2025.09.11	00:59:53.300		0.93498			4
2025.09.11	00:59:55.951		0.93497			4
2025.09.11	01:00:00.306	0.93405	0.93494			6
2025.09.11	01:00:00.621	0.93421	0.93496			6
2025.09.11	01:00:01.109	0.93424	0.93490			6
2025.09.11	01:00:01.413	0.93426				2
2025.09.11	01:00:01.754	0.93431	0.93492			6
2025.09.11	01:00:02.102		0.93491			4
2025.09.11	01:00:02.419	0.93442	0.93496			6
2025.09.11	01:00:02.966	0.93441	0.93490			6
2025.09.11	01:00:03.707	0.93428	0.93505			6
2025.09.11	01:00:04.012	0.93429	0.93531			6
2025.09.11	01:00:04.342		0.93529			4
2025.09.11	01:00:04.646		0.93523			4
2025.09.11	01:00:04.951		0.93509			4
2025.09.11	01:00:05.257	0.93431	0.93518			6
2025.09.11	01:00:05.562	0.93427	0.93534			6
2025.09.11	01:00:05.865		0.93531			4
2025.09.11	01:00:06.169	0.93428	0.93530			6
2025.09.11	01:00:06.471		0.93531			4
2025.09.11	01:00:06.774	0.93432	0.93521			6
2025.09.11	01:00:07.078		0.93530			4
2025.09.11	01:00:07.379	0.93441	0.93491			6
2025.09.11	01:00:07.825	0.93451	0.93489			6
2025.09.11	01:00:09.776		0.93490			4
2025.09.11	01:00:10.670		0.93489			4
2025.09.11	01:00:11.007	0.93447	0.93488			6
2025.09.11	01:00:11.586		0.93487			4
2025.09.11	01:00:12.106		0.93488			4
2025.09.11	01:00:14.456		0.93487			4
2025.09.11	01:00:15.229	0.93445	0.93483			6
2025.09.11	01:00:15.570		0.93482			4
2025.09.11	01:00:16.385		0.93481			4
2025.09.11	01:00:16.722	0.93443				2
2025.09.11	01:00:18.789		0.93482			4
2025.09.11	01:00:20.315		0.93484			4
2025.09.11	01:00:21.753		0.93483			4
2025.09.11	01:00:24.937		0.93481			4
2025.09.11	01:00:25.248	0.93446	0.93501			6
2025.09.11	01:00:25.593	0.93456				2
2025.09.11	01:00:27.056	0.93446	0.93482			6
2025.09.11	01:00:31.791		0.93481			4
2025.09.11	01:00:32.853		0.93482			4
2025.09.11	01:00:33.237	0.93459	0.93490			6
2025.09.11	01:00:34.111	0.93458	0.93493			6
2025.09.11	01:00:34.629	0.93453	0.93487			6
2025.09.11	01:00:38.348		0.93486			4
2025.09.11	01:00:39.849		0.93487			4
2025.09.11	01:00:45.454	0.93454				2
2025.09.11	01:00:47.733	0.93462	0.93494			6
2025.09.11	01:00:48.170	0.93458				2
2025.09.11	01:00:49.136	0.93460	0.93493			6
2025.09.11	01:00:49.486	0.93465				2
2025.09.11	01:00:51.321		0.93495			4
2025.09.11	01:00:52.343	0.93460	0.93493			6
2025.09.11	01:00:55.053		0.93492			4
2025.09.11	01:00:56.793	0.93457	0.93493			6
2025.09.11	01:00:57.588		0.93489			4
2025.09.11	01:00:58.609	0.93458	0.93485			6
2025.09.11	01:00:58.919	0.93462	0.93489			6
2025.09.11	01:00:59.433	0.93463				2
2025.09.11	01:01:00.153	0.93462	0.93488			6
2025.09.11	01:01:01.356		0.93489			4
2025.09.11	01:01:02.994		0.93488			4
2025.09.11	01:01:04.053	0.93463				2
2025.09.11	01:01:07.988	0.93460				2
2025.09.11	01:01:11.615	0.93457	0.93493			6
2025.09.11	01:01:17.340		0.93486			4
2025.09.11	01:01:19.383	0.93458	0.93489			6
2025.09.11	01:01:20.624		0.93493			4
2025.09.11	01:01:23.864	0.93463	0.93496			6
2025.09.11	01:01:25.726	0.93456	0.93490			6
2025.09.11	01:01:28.348	0.93454	0.93486			6
2025.09.11	01:01:33.753		0.93485			4
2025.09.11	01:01:34.406		0.93486			4
2025.09.11	01:01:34.735	0.93457	0.93488			6
2025.09.11	01:01:36.348	0.93461	0.93489			6
2025.09.11	01:01:36.657	0.93463	0.93487			6
2025.09.11	01:01:37.261	0.93455	0.93490			6
2025.09.11	01:01:42.382	0.93456	0.93489			6
2025.09.11	01:01:44.091	0.93461	0.93492			6
2025.09.11	01:01:44.402		0.93491			4
2025.09.11	01:01:51.455		0.93490			4
2025.09.11	01:01:51.928	0.93460	0.93488			6
2025.09.11	01:01:52.413		0.93489			4
2025.09.11	01:01:56.962		0.93490			4
2025.09.11	01:02:00.157	0.93460				2
2025.09.11	01:02:01.955		0.93489			4
2025.09.11	01:02:03.539		0.93490			4
2025.09.11	01:02:04.954		0.93489			4
2025.09.11	01:02:08.356	0.93459				2
2025.09.11	01:02:09.977		0.93490			4
2025.09.11	01:02:11.412	0.93461	0.93488			6
2025.09.11	01:02:24.402	0.93460	0.93485			6
2025.09.11	01:02:28.514	0.93461	0.93486			6
2025.09.11	01:02:29.597		0.93488			4
2025.09.11	01:02:31.018	0.93460				2
2025.09.11	01:02:35.553		0.93487			4
2025.09.11	01:02:37.022		0.93486			4
2025.09.11	01:02:37.432		0.93487			4
2025.09.11	01:02:46.056	0.93461				2
2025.09.11	01:02:54.295		0.93488			4
2025.09.11	01:02:56.855		0.93487			4
2025.09.11	01:02:58.374		0.93493			4
2025.09.11	01:02:59.551	0.93462	0.93490			6
2025.09.11	01:03:00.365	0.93463	0.93489			6
2025.09.11	01:03:02.554		0.93490			4
2025.09.11	01:03:04.063	0.93465	0.93489			6
2025.09.11	01:03:06.229	0.93466	0.93494			6
2025.09.11	01:03:14.918	0.93467	0.93495			6
2025.09.11	01:03:16.681		0.93494			4
2025.09.11	01:03:16.995	0.93472	0.93498			6
2025.09.11	01:03:17.309		0.93500			4
2025.09.11	01:03:19.658	0.93473				2
2025.09.11	01:03:20.318		0.93501			4
2025.09.11	01:03:26.255	0.93474				2
2025.09.11	01:03:27.508	0.93473	0.93500			6
2025.09.11	01:03:28.343		0.93501			4
2025.09.11	01:03:31.654		0.93500			4
2025.09.11	01:03:33.524	0.93474	0.93501			6
2025.09.11	01:03:34.561	0.93475	0.93506			6
2025.09.11	01:03:34.895		0.93505			4
2025.09.11	01:03:45.517	0.93476	0.93502			6
2025.09.11	01:03:48.156		0.93501			4
2025.09.11	01:03:50.534		0.93502			4
2025.09.11	01:03:51.753		0.93501			4
2025.09.11	01:03:55.988	0.93475	0.93502			6
2025.09.11	01:03:56.853	0.93476	0.93501			6
2025.09.11	01:03:58.421	0.93475	0.93502			6
2025.09.11	01:04:00.535	0.93475				2
2025.09.11	01:04:01.956	0.93476				2
2025.09.11	01:04:02.691	0.93477	0.93500			6
2025.09.11	01:04:05.554	0.93478				2
2025.09.11	01:04:07.954	0.93477				2
2025.09.11	01:04:12.454	0.93476	0.93501			6
2025.09.11	01:04:14.800	0.93477	0.93500			6
2025.09.11	01:04:15.153	0.93478				2
2025.09.11	01:04:16.355	0.93479				2
2025.09.11	01:04:17.554		0.93499			4
2025.09.11	01:04:25.511	0.93478	0.93505			6
2025.09.11	01:04:28.001	0.93477				2
2025.09.11	01:04:29.764	0.93478				2
2025.09.11	01:04:30.538		0.93504			4
2025.09.11	01:04:32.855	0.93479				2
2025.09.11	01:04:33.754	0.93478				2
2025.09.11	01:04:36.018		0.93505			4
2025.09.11	01:04:36.632	0.93477				2
2025.09.11	01:04:37.053	0.93478				2
2025.09.11	01:04:40.536		0.93504			4
2025.09.11	01:04:46.516	0.93477	0.93501			6
2025.09.11	01:04:47.998		0.93500			4
2025.09.11	01:04:56.879	0.93475	0.93499			6
2025.09.11	01:05:00.509	0.93479	0.93501			6
2025.09.11	01:05:01.053	0.93480	0.93500			6
2025.09.11	01:05:10.952	0.93479				2
2025.09.11	01:05:13.358	0.93480	0.93499			6
2025.09.11	01:05:33.067	0.93483	0.93501			6
2025.09.11	01:05:34.354		0.93500			4
2025.09.11	01:05:36.520	0.93484	0.93501			6
2025.09.11	01:05:39.450	0.93490	0.93508			6
2025.09.11	01:05:39.754		0.93507			4
2025.09.11	01:05:44.966	0.93488	0.93506			6
2025.09.11	01:05:47.256		0.93505			4
2025.09.11	01:05:49.057		0.93506			4
2025.09.11	01:06:02.473	0.93488	0.93505			6
2025.09.11	01:06:04.070	0.93489	0.93506			6
2025.09.11	01:06:21.876		0.93505			4
2025.09.11	01:06:35.518	0.93488	0.93506			6
2025.09.11	01:06:36.347	0.93489				2
2025.09.11	01:06:37.656		0.93505			4
2025.09.11	01:06:40.825		0.93506			4
2025.09.11	01:06:45.190	0.93490				2
2025.09.11	01:06:48.156	0.93489				2
2025.09.11	01:06:54.158	0.93490				2
2025.09.11	01:07:00.444	0.93488	0.93505			6
2025.09.11	01:07:01.431		0.93506			4
2025.09.11	01:07:03.154	0.93487				2
2025.09.11	01:07:30.528		0.93503			4
2025.09.11	01:07:31.696	0.93484	0.93500			6
2025.09.11	01:07:44.375		0.93501			4
2025.09.11	01:07:51.754		0.93500			4
2025.09.11	01:07:52.060	0.93483	0.93501			6
2025.09.11	01:07:55.360	0.93484	0.93500			6
2025.09.11	01:08:00.038	0.93484				2
2025.09.11	01:08:18.999		0.93501			4
2025.09.11	01:08:20.254	0.93483	0.93500			6
2025.09.11	01:08:21.530		0.93499			4
2025.09.11	01:08:56.553		0.93498			4
2025.09.11	01:08:59.554		0.93499			4
2025.09.11	01:09:00.756	0.93483				2
2025.09.11	01:09:05.268		0.93498			4
2025.09.11	01:09:07.367		0.93499			4
2025.09.11	01:09:09.757		0.93498			4
2025.09.11	01:09:14.254		0.93499			4
2025.09.11	01:09:17.253		0.93498			4
2025.09.11	01:09:19.365	0.93481				2
2025.09.11	01:09:19.941	0.93483	0.93499			6
2025.09.11	01:09:21.155	0.93479	0.93497			6
2025.09.11	01:09:23.256	0.93480				2
2025.09.11	01:09:28.855		0.93495			4
2025.09.11	01:09:29.232	0.93481	0.93496			6
2025.09.11	01:09:35.377	0.93480	0.93497			6
2025.09.11	01:09:36.102	0.93481	0.93496			6
2025.09.11	01:09:47.856	0.93480	0.93497			6
2025.09.11	01:09:52.126	0.93478	0.93495			6
2025.09.11	01:09:57.965	0.93479	0.93494			6
2025.09.11	01:10:00.622	0.93479				2
2025.09.11	01:10:12.457	0.93481	0.93497			6
2025.09.11	01:10:17.816	0.93484				2
2025.09.11	01:10:22.559	0.93483	0.93498			6
2025.09.11	01:10:25.356	0.93487	0.93499			6
2025.09.11	01:10:28.055	0.93486	0.93500			6
2025.09.11	01:10:30.376	0.93488				2
2025.09.11	01:10:35.525	0.93486				2
2025.09.11	01:10:41.549	0.93485	0.93499			6
2025.09.11	01:10:59.576		0.93498			4
2025.09.11	01:11:00.439	0.93484				2
2025.09.11	01:11:09.525	0.93485	0.93497			6
2025.09.11	01:11:11.070	0.93483	0.93499			6
2025.09.11	01:11:12.457	0.93484	0.93498			6
2025.09.11	01:11:15.884	0.93483	0.93499			6
2025.09.11	01:11:20.518	0.93484				2
2025.09.11	01:12:00.622	0.93484				2
2025.09.11	01:12:02.520	0.93488	0.93501			6
2025.09.11	01:12:05.204	0.93489				2
2025.09.11	01:12:21.980		0.93503			4
2025.09.11	01:12:26.320		0.93501			4
2025.09.11	01:12:33.733	0.93488				2
2025.09.11	01:12:37.946	0.93490	0.93502			6
2025.09.11	01:12:40.365	0.93489				2
2025.09.11	01:12:40.954	0.93490				2
2025.09.11	01:12:56.253	0.93489	0.93501			6
2025.09.11	01:12:58.367		0.93502			4
2025.09.11	01:12:59.588		0.93501			4
2025.09.11	01:13:00.367	0.93496	0.93510			6
2025.09.11	01:13:01.389	0.93495	0.93508			6
2025.09.11	01:13:06.576	0.93493	0.93506			6
2025.09.11	01:13:13.422	0.93492	0.93505			6
2025.09.11	01:13:31.954	0.93491				2
2025.09.11	01:13:40.056	0.93492	0.93506			6
2025.09.11	01:13:40.652		0.93505			4
2025.09.11	01:13:46.140	0.93491	0.93504			6
2025.09.11	01:14:00.435	0.93491	0.93506			6
2025.09.11	01:14:00.748	0.93490	0.93502			6
2025.09.11	01:14:01.977		0.93501			4
2025.09.11	01:14:14.515	0.93487	0.93500			6
2025.09.11	01:14:14.828		0.93501			4
2025.09.11	01:14:15.153		0.93499			4
2025.09.11	01:14:16.071		0.93500			4
2025.09.11	01:14:19.135	0.93486	0.93499			6
2025.09.11	01:14:19.958	0.93487				2
2025.09.11	01:14:23.856	0.93488	0.93500			6
2025.09.11	01:14:24.182		0.93499			4
2025.09.11	01:14:29.002		0.93498			4
2025.09.11	01:14:29.763		0.93500			4
2025.09.11	01:14:37.521	0.93492	0.93505			6
2025.09.11	01:14:39.870	0.93494	0.93506			6
2025.09.11	01:14:43.107		0.93507			4
2025.09.11	01:14:53.554	0.93495				2
2025.09.11	01:15:00.315	0.93495				2
2025.09.11	01:15:00.717		0.93506			4
2025.09.11	01:15:01.231	0.93496	0.93509			6
2025.09.11	01:15:01.749	0.93495				2
2025.09.11	01:15:02.322		0.93508			4
2025.09.11	01:15:03.539	0.93497	0.93509			6
2025.09.11	01:15:06.139	0.93492	0.93505			6
2025.09.11	01:15:07.184		0.93504			4
2025.09.11	01:15:07.656	0.93493				2
2025.09.11	01:15:10.355		0.93505			4
2025.09.11	01:15:10.658		0.93506			4
2025.09.11	01:15:10.963	0.93491	0.93503			6
2025.09.11	01:15:13.004	0.93490				2
2025.09.11	01:15:28.431	0.93491				2
2025.09.11	01:15:29.631		0.93502			4
2025.09.11	01:15:30.913		0.93503			4
2025.09.11	01:15:35.522		0.93504			4
2025.09.11	01:15:37.055		0.93503			4
2025.09.11	01:15:38.712		0.93502			4
2025.09.11	01:15:39.753		0.93503			4
2025.09.11	01:15:43.353		0.93502			4
2025.09.11	01:15:47.010		0.93503			4
2025.09.11	01:15:51.005		0.93502			4
2025.09.11	01:15:53.553		0.93503			4
2025.09.11	01:15:55.299		0.93502			4
2025.09.11	01:15:56.853		0.93503			4
2025.09.11	01:16:00.030	0.93491	0.93502			6
2025.09.11	01:16:01.354		0.93503			4
2025.09.11	01:16:04.352		0.93502			4
2025.09.11	01:16:17.547		0.93503			4
2025.09.11	01:16:17.895		0.93502			4
2025.09.11	01:16:26.399	0.93492				2
2025.09.11	01:16:29.049	0.93491	0.93503			6
2025.09.11	01:16:38.484		0.93502			4
2025.09.11	01:16:39.372	0.93489	0.93500			6
2025.09.11	01:16:54.531	0.93492	0.93501			6
2025.09.11	01:17:01.908	0.93492				2
2025.09.11	01:17:05.373	0.93489	0.93499			6
2025.09.11	01:17:06.971		0.93500			4
2025.09.11	01:17:08.039		0.93499			4
2025.09.11	01:17:09.532		0.93500			4
2025.09.11	01:17:14.555	0.93488				2
2025.09.11	01:17:15.186	0.93489				2
2025.09.11	01:17:37.032	0.93490	0.93502			6
2025.09.11	01:17:39.635	0.93491				2
2025.09.11	01:17:49.953		0.93501			4
2025.09.11	01:17:51.494	0.93490	0.93502			6
2025.09.11	01:17:58.305	0.93489	0.93500			6
2025.09.11	01:18:00.535	0.93489				2
2025.09.11	01:18:05.186	0.93491	0.93501			6
2025.09.11	01:18:24.811	0.93490	0.93500			6
2025.09.11	01:18:25.371		0.93501			4
2025.09.11	01:18:25.717	0.93491				2
2025.09.11	01:18:41.556	0.93490				2
2025.09.11	01:18:44.571	0.93491				2
2025.09.11	01:19:10.534	0.93491				2
2025.09.11	01:19:16.355	0.93492				2
2025.09.11	01:19:18.459	0.93491				2
2025.09.11	01:19:25.626		0.93501			4
2025.09.11	01:19:29.114	0.93492	0.93502			6
2025.09.11	01:19:30.176		0.93501			4
2025.09.11	01:19:48.230	0.93490	0.93500			6
2025.09.11	01:19:48.539	0.93485	0.93496			6
2025.09.11	01:19:50.619	0.93486	0.93500			6
2025.09.11	01:20:00.026	0.93486				2
2025.09.11	01:20:00.356	0.93487	0.93501			6
2025.09.11	01:20:23.527		0.93497			4
2025.09.11	01:20:25.085		0.93501			4
2025.09.11	01:20:25.441		0.93497			4
2025.09.11	01:20:25.896		0.93501			4
2025.09.11	01:20:29.259	0.93486				2
2025.09.11	01:20:33.946	0.93487				2
2025.09.11	01:20:43.630	0.93484	0.93498			6
2025.09.11	01:20:43.941	0.93480	0.93493			6
2025.09.11	01:20:44.952	0.93478				2
2025.09.11	01:20:45.285	0.93480				2
2025.09.11	01:20:53.273	0.93479				2
2025.09.11	01:20:54.208	0.93483	0.93494			6
2025.09.11	01:20:55.445	0.93482				2
2025.09.11	01:20:56.287	0.93483				2
2025.09.11	01:20:56.924	0.93482				2
2025.09.11	01:20:57.320	0.93483	0.93493			6
2025.09.11	01:20:58.656		0.93494			4
2025.09.11	01:21:00.415	0.93483				2
2025.09.11	01:21:02.500	0.93482				2
2025.09.11	01:21:04.656	0.93483				2
2025.09.11	01:21:05.609	0.93482				2
2025.09.11	01:21:06.559	0.93480				2
2025.09.11	01:21:07.656	0.93481				2
2025.09.11	01:21:20.110		0.93493			4
2025.09.11	01:21:20.662	0.93482	0.93495			6
2025.09.11	01:21:22.179	0.93481				2
2025.09.11	01:21:23.247	0.93486	0.93498			6
2025.09.11	01:21:27.485	0.93485	0.93497			6
2025.09.11	01:21:28.954	0.93486				2
2025.09.11	01:21:31.653	0.93485				2
2025.09.11	01:21:32.459	0.93483	0.93494			6
2025.09.11	01:21:32.773	0.93482	0.93495			6
2025.09.11	01:21:33.455	0.93483	0.93494			6
2025.09.11	01:21:33.800		0.93495			4
2025.09.11	01:21:34.472		0.93494			4
2025.09.11	01:21:34.788	0.93482	0.93495			6
2025.09.11	01:21:40.523	0.93483	0.93494			6
2025.09.11	01:21:51.004		0.93495			4
2025.09.11	01:21:51.804	0.93482				2
2025.09.11	01:21:53.508	0.93483	0.93494			6
2025.09.11	01:21:54.753		0.93495			4
2025.09.11	01:21:55.312		0.93494			4
2025.09.11	01:21:57.755		0.93495			4
2025.09.11	01:21:59.470		0.93494			4
2025.09.11	01:22:00.421	0.93483	0.93495			6
2025.09.11	01:22:01.653		0.93494			4
2025.09.11	01:22:13.653	0.93484				2
2025.09.11	01:22:15.262	0.93483	0.93495			6
2025.09.11	01:22:16.132		0.93494			4
2025.09.11	01:22:18.153	0.93484				2
2025.09.11	01:22:23.548	0.93483	0.93495			6
2025.09.11	01:22:26.350	0.93484	0.93494			6
2025.09.11	01:22:28.375	0.93483				2
2025.09.11	01:22:29.791		0.93495			4
2025.09.11	01:22:33.957		0.93494			4
2025.09.11	01:22:35.793	0.93484				2
2025.09.11	01:22:36.790	0.93483	0.93495			6
2025.09.11	01:22:38.147	0.93484	0.93496			6
2025.09.11	01:22:39.208	0.93485	0.93495			6
2025.09.11	01:22:41.254	0.93484				2
2025.09.11	01:22:43.353	0.93485				2
2025.09.11	01:22:44.855	0.93484				2
2025.09.11	01:22:46.495		0.93496			4
2025.09.11	01:22:48.343	0.93483	0.93495			6
2025.09.11	01:22:49.353	0.93482	0.93496			6
2025.09.11	01:22:50.351	0.93483	0.93495			6
2025.09.11	01:22:51.456	0.93482	0.93496			6
2025.09.11	01:22:52.657	0.93483	0.93495			6
2025.09.11	01:22:53.611	0.93482	0.93496			6
2025.09.11	01:22:55.763	0.93483				2
2025.09.11	01:22:56.991	0.93482				2
2025.09.11	01:22:59.493		0.93495			4
2025.09.11	01:23:00.313	0.93482				2
2025.09.11	01:23:07.946		0.93496			4
2025.09.11	01:23:08.572	0.93481				2
2025.09.11	01:23:18.306	0.93482				2
2025.09.11	01:23:19.342	0.93481				2
2025.09.11	01:23:29.696		0.93495			4
2025.09.11	01:23:30.353	0.93480	0.93496			6
2025.09.11	01:23:31.770	0.93481				2
2025.09.11	01:23:39.166	0.93482	0.93497			6
2025.09.11	01:23:40.763	0.93483				2
2025.09.11	01:23:59.309	0.93481	0.93494			6
2025.09.11	01:23:59.964	0.93482				2
2025.09.11	01:24:00.332	0.93481	0.93492			6
2025.09.11	01:24:02.481		0.93493			4
2025.09.11	01:24:03.753	0.93482	0.93492			6
2025.09.11	01:24:04.955	0.93483	0.93494			6
2025.09.11	01:24:07.040	0.93482				2
2025.09.11	01:24:10.250	0.93484	0.93495			6
2025.09.11	01:24:17.602	0.93483	0.93496			6
2025.09.11	01:24:26.395	0.93484	0.93495			6
2025.09.11	01:25:00.633	0.93483				2
2025.09.11	01:25:12.753		0.93494			4
2025.09.11	01:25:23.043		0.93493			4
2025.09.11	01:25:28.053		0.93494			4
2025.09.11	01:25:31.055		0.93493			4
2025.09.11	01:25:33.793		0.93494			4
2025.09.11	01:25:34.839	0.93482	0.93493			6
2025.09.11	01:25:35.834	0.93480	0.93492			6
2025.09.11	01:25:44.205	0.93479				2
2025.09.11	01:25:51.673		0.93493			4
2025.09.11	01:25:53.215		0.93492			4
2025.09.11	01:25:55.204	0.93481	0.93494			6
2025.09.11	01:26:00.175	0.93481				2
2025.09.11	01:26:19.869	0.93482				2
2025.09.11	01:26:26.776		0.93496			4
2025.09.11	01:26:35.070	0.93484	0.93497			6
2025.09.11	01:26:49.004	0.93485	0.93496			6
2025.09.11	01:27:01.812	0.93484				2
2025.09.11	01:27:02.555		0.93495			4
2025.09.11	01:27:08.961	0.93483	0.93496			6
2025.09.11	01:27:11.813	0.93484	0.93495			6
2025.09.11	01:27:13.653	0.93483	0.93496			6
2025.09.11	01:27:16.054	0.93484	0.93495			6
2025.09.11	01:27:18.454	0.93483	0.93496			6
2025.09.11	01:27:21.136	0.93484	0.93495			6
2025.09.11	01:27:23.854	0.93483				2
2025.09.11	01:27:26.855		0.93496			4
2025.09.11	01:27:29.254		0.93495			4
2025.09.11	01:27:37.659	0.93484				2
2025.09.11	01:27:40.354	0.93483				2
2025.09.11	01:27:43.352		0.93496			4
2025.09.11	01:28:03.962	0.93483				2
2025.09.11	01:28:17.013	0.93482				2
2025.09.11	01:28:45.147		0.93496			4
2025.09.11	01:28:54.044	0.93485	0.93497			6
2025.09.11	01:28:54.600		0.93498			4
2025.09.11	01:28:56.198		0.93497			4
2025.09.11	01:28:57.191	0.93486	0.93498			6
2025.09.11	01:28:57.510	0.93487				2
2025.09.11	01:28:57.835		0.93499			4
2025.09.11	01:28:58.287		0.93498			4
2025.09.11	01:29:00.418	0.93488	0.93499			6
2025.09.11	01:29:18.304	0.93484	0.93495			6
2025.09.11	01:29:19.699	0.93482				2
2025.09.11	01:29:20.758		0.93496			4
2025.09.11	01:29:26.942	0.93483	0.93495			6
2025.09.11	01:29:27.980	0.93482	0.93496			6
2025.09.11	01:29:31.884	0.93483	0.93495			6
2025.09.11	01:29:32.300	0.93482	0.93496			6
2025.09.11	01:29:49.798	0.93481				2
2025.09.11	01:29:50.260	0.93483	0.93494			6
2025.09.11	01:29:51.293		0.93495			4
2025.09.11	01:29:56.463	0.93484				2
2025.09.11	01:29:57.453	0.93483				2
2025.09.11	01:30:00.377	0.93482				2
2025.09.11	01:30:00.702	0.93481				2
2025.09.11	01:30:01.835		0.93496			4
2025.09.11	01:30:02.696	0.93482				2
2025.09.11	01:30:03.337	0.93486	0.93493			6
2025.09.11	01:30:07.028	0.93482	0.93495			6
2025.09.11	01:30:07.354		0.93496			4
2025.09.11	01:30:08.917	0.93483				2
2025.09.11	01:30:09.224	0.93482	0.93494			6
2025.09.11	01:30:09.753	0.93481	0.93495			6
2025.09.11	01:30:10.534	0.93482	0.93494			6
2025.09.11	01:30:10.953		0.93495			4
2025.09.11	01:30:14.653		0.93494			4
2025.09.11	01:30:15.153		0.93495			4
2025.09.11	01:30:18.577	0.93483				2
2025.09.11	01:30:18.884		0.93494			4
2025.09.11	01:30:19.891		0.93493			4
2025.09.11	01:30:20.960		0.93494			4
2025.09.11	01:30:30.292		0.93493			4
2025.09.11	01:30:35.601	0.93479	0.93492			6
2025.09.11	01:30:37.690	0.93480				2
2025.09.11	01:30:38.853	0.93479				2
2025.09.11	01:30:40.737	0.93480				2
2025.09.11	01:30:41.844	0.93479				2
2025.09.11	01:30:44.737	0.93480				2
2025.09.11	01:30:45.748	0.93479	0.93493			6
2025.09.11	01:30:47.554	0.93480	0.93492			6
2025.09.11	01:30:47.858	0.93479	0.93493			6
2025.09.11	01:31:00.351	0.93477	0.93492			6
2025.09.11	01:31:00.833	0.93478				2
2025.09.11	01:31:03.456	0.93479				2
2025.09.11	01:31:07.022		0.93491			4
2025.09.11	01:31:07.413		0.93492			4
2025.09.11	01:31:08.704		0.93491			4
2025.09.11	01:31:13.910	0.93480				2
2025.09.11	01:31:16.015	0.93479				2
2025.09.11	01:31:19.123	0.93480	0.93492			6
2025.09.11	01:31:20.421	0.93479				2
2025.09.11	01:31:22.306	0.93480	0.93491			6
2025.09.11	01:31:22.623	0.93479	0.93492			6
2025.09.11	01:31:23.260	0.93480	0.93491			6
2025.09.11	01:31:23.657	0.93479	0.93492			6
2025.09.11	01:31:24.842	0.93480	0.93493			6
2025.09.11	01:31:25.564	0.93479				2
2025.09.11	01:31:27.670	0.93480				2
2025.09.11	01:31:28.712	0.93479				2
2025.09.11	01:31:30.159		0.93491			4
2025.09.11	01:31:30.777	0.93480	0.93492			6
2025.09.11	01:31:31.143	0.93479				2
2025.09.11	01:31:33.891	0.93480	0.93491			6
2025.09.11	01:31:34.928	0.93479	0.93492			6
2025.09.11	01:31:43.206	0.93480				2
2025.09.11	01:31:43.653	0.93479				2
2025.09.11	01:31:43.966	0.93480	0.93491			6
2025.09.11	01:31:44.383	0.93479	0.93492			6
2025.09.11	01:31:46.311	0.93480				2
2025.09.11	01:31:46.962	0.93479				2
2025.09.11	01:31:49.510	0.93481				2
2025.09.11	01:31:52.456	0.93480	0.93491			6
2025.09.11	01:31:53.566		0.93492			4
2025.09.11	01:31:54.344	0.93481	0.93491			6
2025.09.11	01:31:54.728	0.93480	0.93492			6
2025.09.11	01:31:55.638	0.93479				2
2025.09.11	01:31:56.239		0.93491			4
2025.09.11	01:31:57.590	0.93480				2
2025.09.11	01:31:58.741	0.93479				2
2025.09.11	01:31:59.777		0.93490			4
2025.09.11	01:32:00.078	0.93477	0.93492			6
2025.09.11	01:32:00.890	0.93479	0.93489			6
2025.09.11	01:32:01.203	0.93477	0.93490			6
2025.09.11	01:32:02.113	0.93478				2
2025.09.11	01:32:03.954	0.93479	0.93489			6
2025.09.11	01:32:04.335	0.93478	0.93490			6
2025.09.11	01:32:11.623	0.93475	0.93487			6
2025.09.11	01:32:12.632	0.93477				2
2025.09.11	01:32:14.725	0.93476	0.93488			6
2025.09.11	01:32:15.370		0.93489			4
2025.09.11	01:32:17.908	0.93475	0.93490			6
2025.09.11	01:32:18.973	0.93476	0.93489			6
2025.09.11	01:32:19.975	0.93475	0.93490			6
2025.09.11	01:32:26.191	0.93474	0.93491			6
2025.09.11	01:32:27.260		0.93488			4
2025.09.11	01:32:27.755	0.93475	0.93490			6
2025.09.11	01:32:30.369		0.93491			4
2025.09.11	01:32:31.375	0.93474				2
2025.09.11	01:32:32.441	0.93475				2
2025.09.11	01:32:35.550	0.93473	0.93488			6
2025.09.11	01:32:35.860	0.93474				2
2025.09.11	01:32:41.214	0.93475	0.93489			6
2025.09.11	01:32:44.315	0.93474	0.93488			6
2025.09.11	01:32:45.365	0.93473				2
2025.09.11	01:32:45.703		0.93489			4
2025.09.11	01:32:55.927	0.93472				2
2025.09.11	01:32:57.122	0.93473				2
2025.09.11	01:33:00.041	0.93472				2
2025.09.11	01:33:00.420	0.93473				2
2025.09.11	01:33:01.127	0.93472				2
2025.09.11	01:33:01.457	0.93473				2
2025.09.11	01:33:02.096	0.93472				2
2025.09.11	01:33:02.435	0.93473				2
2025.09.11	01:33:05.440	0.93472				2
2025.09.11	01:33:10.619	0.93471				2
2025.09.11	01:33:11.657	0.93472				2
2025.09.11	01:33:13.762	0.93471				2
2025.09.11	01:33:20.739	0.93470				2
2025.09.11	01:33:22.019	0.93471				2
2025.09.11	01:33:31.343	0.93470				2
2025.09.11	01:33:39.552		0.93490			4
2025.09.11	01:34:00.390	0.93470				2
2025.09.11	01:34:02.235	0.93469				2
2025.09.11	01:34:02.588	0.93470				2
2025.09.11	01:34:12.803	0.93471				2
2025.09.11	01:34:13.859	0.93470				2
2025.09.11	01:34:14.860		0.93491			4
2025.09.11	01:34:16.934	0.93471				2
2025.09.11	01:34:17.724	0.93470	0.93490			6
2025.09.11	01:34:29.403	0.93469				2
2025.09.11	01:34:38.696		0.93486			4
2025.09.11	01:34:46.012		0.93487			4
2025.09.11	01:34:46.319		0.93486			4
2025.09.11	01:34:47.429		0.93487			4
2025.09.11	01:34:53.260	0.93470				2
2025.09.11	01:34:56.370	0.93467	0.93483			6
2025.09.11	01:34:57.481		0.93484			4
2025.09.11	01:34:58.354		0.93485			4
2025.09.11	01:34:58.695		0.93483			4
2025.09.11	01:35:00.573	0.93467				2
2025.09.11	01:35:02.579		0.93484			4
2025.09.11	01:35:06.518	0.93466				2
2025.09.11	01:35:07.823		0.93485			4
2025.09.11	01:35:08.354	0.93471	0.93487			6
2025.09.11	01:35:08.990		0.93488			4
2025.09.11	01:35:09.589		0.93487			4
2025.09.11	01:35:13.544		0.93488			4
2025.09.11	01:35:16.845		0.93487			4
2025.09.11	01:35:18.782		0.93488			4
2025.09.11	01:35:27.698	0.93468				2
2025.09.11	01:35:30.534		0.93487			4
2025.09.11	01:35:37.779		0.93488			4
2025.09.11	01:35:42.449	0.93471				2
2025.09.11	01:35:56.237	0.93468	0.93486			6
2025.09.11	01:35:59.116	0.93469				2
2025.09.11	01:36:00.455	0.93469				2
2025.09.11	01:36:02.856	0.93471	0.93488			6
2025.09.11	01:36:05.138		0.93487			4
2025.09.11	01:36:06.669		0.93488			4
2025.09.11	01:36:09.073		0.93487			4
2025.09.11	01:36:10.808		0.93488			4
2025.09.11	01:36:11.973		0.93487			4
2025.09.11	01:36:12.865	0.93472	0.93488			6
2025.09.11	01:36:14.735		0.93485			4
2025.09.11	01:36:20.782		0.93486			4
2025.09.11	01:36:21.186		0.93485			4
2025.09.11	01:36:24.754	0.93471				2
2025.09.11	01:36:27.248		0.93486			4
2025.09.11	01:36:28.054		0.93487			4
2025.09.11	01:36:28.442		0.93485			4
2025.09.11	01:36:36.445		0.93487			4
2025.09.11	01:36:37.466		0.93488			4
2025.09.11	01:36:37.771		0.93487			4
2025.09.11	01:36:39.713		0.93486			4
2025.09.11	01:36:40.696		0.93487			4
2025.09.11	01:36:41.413	0.93472				2
2025.09.11	01:36:42.790		0.93488			4
2025.09.11	01:36:43.314		0.93487			4
2025.09.11	01:36:46.964	0.93473				2
2025.09.11	01:36:59.356		0.93488			4
2025.09.11	01:37:00.435	0.93473				2
2025.09.11	01:37:01.052		0.93487			4
2025.09.11	01:37:01.449		0.93488			4
2025.09.11	01:37:02.253		0.93489			4
2025.09.11	01:37:02.638		0.93488			4
2025.09.11	01:37:04.581		0.93487			4
2025.09.11	01:37:08.639		0.93486			4
2025.09.11	01:37:09.713		0.93487			4
2025.09.11	01:37:10.798		0.93486			4
2025.09.11	01:37:13.270		0.93485			4
2025.09.11	01:37:13.799		0.93486			4
2025.09.11	01:37:29.452		0.93485			4
2025.09.11	01:37:31.526		0.93486			4
2025.09.11	01:37:33.597	0.93471				2
2025.09.11	01:37:35.669		0.93485			4
2025.09.11	01:37:36.453		0.93486			4
2025.09.11	01:37:36.838		0.93485			4
2025.09.11	01:37:38.779		0.93486			4
2025.09.11	01:37:41.882		0.93487			4
2025.09.11	01:37:43.115		0.93486			4
2025.09.11	01:37:47.132	0.93467	0.93479			6
2025.09.11	01:37:47.440		0.93478			4
2025.09.11	01:37:47.791		0.93477			4
2025.09.11	01:37:52.953	0.93466				2
2025.09.11	01:38:00.057	0.93466				2
2025.09.11	01:38:01.762		0.93478			4
2025.09.11	01:38:02.128		0.93477			4
2025.09.11	01:38:03.812		0.93478			4
2025.09.11	01:38:05.618		0.93477			4
2025.09.11	01:38:09.007		0.93478			4
2025.09.11	01:38:11.081		0.93476			4
2025.09.11	01:38:12.113		0.93478			4
2025.09.11	01:38:15.918		0.93476			4
2025.09.11	01:38:18.059		0.93477			4
2025.09.11	01:38:18.447		0.93478			4
2025.09.11	01:38:19.365		0.93477			4
2025.09.11	01:38:22.922		0.93476			4
2025.09.11	01:38:24.542		0.93477			4
2025.09.11	01:38:31.788		0.93478			4
2025.09.11	01:38:32.826		0.93477			4
2025.09.11	01:38:39.040		0.93478			4
2025.09.11	01:38:43.192		0.93477			4
2025.09.11	01:38:46.291		0.93476			4
2025.09.11	01:38:51.469		0.93477			4
2025.09.11	01:38:54.575		0.93476			4
2025.09.11	01:38:59.462		0.93477			4
2025.09.11	01:38:59.883		0.93476			4
2025.09.11	01:39:00.507	0.93466	0.93477			6
2025.09.11	01:39:01.958		0.93476			4
2025.09.11	01:39:02.597		0.93477			4
2025.09.11	01:39:03.641		0.93478			4
2025.09.11	01:39:04.028		0.93477			4
2025.09.11	01:39:04.681		0.93478			4
2025.09.11	01:39:05.063		0.93477			4
2025.09.11	01:39:05.727		0.93478			4
2025.09.11	01:39:06.028		0.93477			4
2025.09.11	01:39:06.730	0.93468	0.93478			6
2025.09.11	01:39:09.857		0.93479			4
2025.09.11	01:39:11.923		0.93480			4
2025.09.11	01:39:13.357		0.93479			4
2025.09.11	01:39:23.161		0.93480			4
2025.09.11	01:39:24.207		0.93479			4
2025.09.11	01:39:44.293	0.93469	0.93482			6
2025.09.11	01:39:44.599		0.93479			4
2025.09.11	01:39:52.812		0.93480			4
2025.09.11	01:39:58.023		0.93482			4
2025.09.11	01:40:00.093	0.93469				2
2025.09.11	01:40:05.402		0.93481			4
2025.09.11	01:40:09.225		0.93482			4
2025.09.11	01:40:09.545		0.93481			4
2025.09.11	01:40:13.861		0.93479			4
2025.09.11	01:40:15.244		0.93482			4
2025.09.11	01:40:16.667		0.93481			4
2025.09.11	01:40:20.808		0.93482			4
2025.09.11	01:40:21.847		0.93481			4
2025.09.11	01:40:22.881		0.93482			4
2025.09.11	01:40:26.380	0.93468	0.93479			6
2025.09.11	01:40:44.002	0.93466	0.93477			6
2025.09.11	01:40:44.377		0.93481			4
2025.09.11	01:40:44.697		0.93480			4
2025.09.11	01:40:46.289		0.93477			4
2025.09.11	01:40:49.184		0.93480			4
2025.09.11	01:40:51.405	0.93467	0.93477			6
2025.09.11	01:40:54.621		0.93480			4
2025.09.11	01:41:00.257	0.93467				2
2025.09.11	01:41:01.597	0.93466	0.93477			6
2025.09.11	01:41:06.809	0.93467				2
2025.09.11	01:41:13.026	0.93466	0.93478			6
2025.09.11	01:41:13.376	0.93467	0.93477			6
2025.09.11	01:41:14.038	0.93466	0.93478			6
2025.09.11	01:41:14.375	0.93467	0.93477			6
2025.09.11	01:41:15.070	0.93466	0.93478			6
2025.09.11	01:41:15.376	0.93467	0.93477			6
2025.09.11	01:41:16.109	0.93466	0.93478			6
2025.09.11	01:41:17.854		0.93477			4
2025.09.11	01:41:24.424	0.93467				2
2025.09.11	01:41:25.458	0.93466				2
2025.09.11	01:41:28.574	0.93467				2
2025.09.11	01:41:31.410	0.93466	0.93478			6
2025.09.11	01:41:32.674	0.93467	0.93477			6
2025.09.11	01:41:33.714	0.93466				2
2025.09.11	01:41:34.715		0.93478			4
2025.09.11	01:41:35.375		0.93477			4
2025.09.11	01:41:35.786		0.93478			4
2025.09.11	01:41:36.088		0.93477			4
2025.09.11	01:41:37.856		0.93478			4
2025.09.11	01:41:38.177		0.93477			4
2025.09.11	01:41:49.252		0.93478			4
2025.09.11	01:41:50.458		0.93477			4
2025.09.11	01:41:55.283		0.93478			4
2025.09.11	01:41:55.640		0.93477			4
2025.09.11	01:41:58.572		0.93478			4
2025.09.11	01:41:58.875		0.93477			4
2025.09.11	01:42:00.643	0.93466				2
2025.09.11	01:42:03.802	0.93467				2
2025.09.11	01:42:04.420	0.93464	0.93473			6
2025.09.11	01:42:07.353		0.93474			4
2025.09.11	01:42:11.652		0.93473			4
2025.09.11	01:42:11.977		0.93474			4
2025.09.11	01:42:15.790		0.93473			4
2025.09.11	01:42:17.991		0.93474			4
2025.09.11	01:42:18.898		0.93473			4
2025.09.11	01:42:21.752		0.93474			4
2025.09.11	01:42:22.194	0.93463				2
2025.09.11	01:42:22.787	0.93464				2
2025.09.11	01:42:39.417	0.93466	0.93478			6
2025.09.11	01:42:53.378		0.93481			4
2025.09.11	01:42:54.287		0.93480			4
2025.09.11	01:43:00.675	0.93466	0.93475			6
2025.09.11	01:43:03.437		0.93476			4
2025.09.11	01:43:24.430		0.93477			4
2025.09.11	01:43:30.683		0.93476			4
2025.09.11	01:43:32.253		0.93477			4
2025.09.11	01:43:32.758		0.93476			4
2025.09.11	01:43:35.262	0.93467	0.93477			6
2025.09.11	01:44:00.265	0.93467				2
2025.09.11	01:44:19.427	0.93466	0.93478			6
2025.09.11	01:44:20.456	0.93467				2
2025.09.11	01:44:21.523	0.93466				2
2025.09.11	01:44:21.952	0.93467				2
2025.09.11	01:44:26.672	0.93468				2
2025.09.11	01:44:30.453	0.93467				2
2025.09.11	01:44:34.543	0.93468				2
2025.09.11	01:44:48.866	0.93469				2
2025.09.11	01:44:49.467	0.93468	0.93479			6
2025.09.11	01:44:50.511	0.93469				2
2025.09.11	01:44:52.572	0.93467	0.93478			6
2025.09.11	01:44:53.872		0.93477			4
2025.09.11	01:44:57.810		0.93478			4
2025.09.11	01:44:59.478		0.93477			4
2025.09.11	01:45:00.858	0.93467	0.93476			6
2025.09.11	01:45:01.674		0.93477			4
2025.09.11	01:45:02.019		0.93475			4
2025.09.11	01:45:03.099	0.93469	0.93481			6
2025.09.11	01:45:03.398		0.93480			4
2025.09.11	01:45:03.874		0.93481			4
2025.09.11	01:45:07.954		0.93482			4
2025.09.11	01:45:08.260		0.93481			4
2025.09.11	01:45:22.391	0.93470	0.93479			6
2025.09.11	01:45:26.681		0.93481			4
2025.09.11	01:45:27.375	0.93472	0.93482			6
2025.09.11	01:45:30.392		0.93483			4
2025.09.11	01:45:36.576	0.93471				2
2025.09.11	01:45:36.880	0.93472	0.93482			6
2025.09.11	01:45:38.911		0.93483			4
2025.09.11	01:45:41.966		0.93482			4
2025.09.11	01:45:42.277		0.93483			4
2025.09.11	01:45:42.601	0.93473	0.93482			6
2025.09.11	01:45:44.779		0.93483			4
2025.09.11	01:45:55.585	0.93471				2
2025.09.11	01:45:56.966		0.93482			4
2025.09.11	01:46:00.324	0.93471				2
2025.09.11	01:46:05.115	0.93472				2
2025.09.11	01:46:05.419	0.93470				2
2025.09.11	01:46:06.360	0.93471				2
2025.09.11	01:46:23.791	0.93472	0.93481			6
2025.09.11	01:46:44.671	0.93471	0.93482			6
2025.09.11	01:46:51.926	0.93472	0.93481			6
2025.09.11	01:46:55.035	0.93471				2
2025.09.11	01:47:03.901	0.93471				2
2025.09.11	01:47:04.410	0.93472				2
2025.09.11	01:47:05.521	0.93471	0.93482			6
2025.09.11	01:47:17.821	0.93472	0.93481			6
2025.09.11	01:47:42.679	0.93471	0.93482			6
2025.09.11	01:48:00.289	0.93471				2
2025.09.11	01:48:01.322	0.93472	0.93481			6
2025.09.11	01:48:02.151	0.93471	0.93482			6
2025.09.11	01:48:02.487	0.93470				2
2025.09.11	01:48:03.364		0.93483			4
2025.09.11	01:48:05.367	0.93471	0.93482			6
2025.09.11	01:48:06.154	0.93470				2
2025.09.11	01:48:07.534		0.93483			4
2025.09.11	01:48:08.576	0.93471	0.93482			6
2025.09.11	01:48:09.544	0.93470	0.93483			6
2025.09.11	01:48:11.411	0.93471	0.93482			6
2025.09.11	01:48:11.746	0.93470	0.93483			6
2025.09.11	01:48:12.360		0.93481			4
2025.09.11	01:48:13.750	0.93469				2
2025.09.11	01:48:14.741	0.93470	0.93480			6
2025.09.11	01:48:15.757	0.93469	0.93481			6
2025.09.11	01:48:17.894	0.93470	0.93480			6
2025.09.11	01:48:29.215		0.93481			4
2025.09.11	01:48:31.289		0.93480			4
2025.09.11	01:48:33.364		0.93481			4
2025.09.11	01:48:35.429		0.93480			4
2025.09.11	01:48:35.908	0.93469	0.93481			6
2025.09.11	01:48:36.469	0.93470				2
2025.09.11	01:48:45.185	0.93471	0.93483			6
2025.09.11	01:48:45.877		0.93481			4
2025.09.11	01:48:51.103	0.93470				2
2025.09.11	01:48:54.755	0.93471				2
2025.09.11	01:49:00.487	0.93471				2
2025.09.11	01:49:16.156	0.93469				2
2025.09.11	01:49:32.593	0.93470				2
2025.09.11	01:49:46.066		0.93481			4
2025.09.11	01:49:46.896		0.93480			4
2025.09.11	01:49:47.226		0.93481			4
2025.09.11	01:50:00.009	0.93470				2
2025.09.11	01:50:02.768	0.93469				2
2025.09.11	01:50:03.512	0.93470				2
2025.09.11	01:50:34.460		0.93480			4
2025.09.11	01:50:34.865		0.93481			4
2025.09.11	01:50:35.505		0.93480			4
2025.09.11	01:50:35.902		0.93481			4
2025.09.11	01:50:36.552		0.93480			4
2025.09.11	01:50:36.940		0.93481			4
2025.09.11	01:50:37.591		0.93480			4
2025.09.11	01:50:37.973		0.93481			4
2025.09.11	01:50:38.641		0.93480			4
2025.09.11	01:50:39.007		0.93481			4
2025.09.11	01:50:39.685		0.93480			4
2025.09.11	01:50:40.043		0.93481			4
2025.09.11	01:50:40.723		0.93480			4
2025.09.11	01:50:41.084		0.93481			4
2025.09.11	01:50:41.414	0.93469	0.93482			6
2025.09.11	01:50:42.345	0.93470				2
2025.09.11	01:50:43.722	0.93471	0.93481			6
2025.09.11	01:50:44.223	0.93470	0.93482			6
2025.09.11	01:50:44.843	0.93471	0.93481			6
2025.09.11	01:50:45.257	0.93470	0.93482			6
2025.09.11	01:50:45.773	0.93471				2
2025.09.11	01:50:46.079	0.93468	0.93480			6
2025.09.11	01:50:56.096	0.93467				2
2025.09.11	01:51:01.438	0.93469	0.93481			6
2025.09.11	01:51:05.620		0.93482			4
2025.09.11	01:51:12.799	0.93468	0.93480			6
2025.09.11	01:51:26.389	0.93469	0.93479			6
2025.09.11	01:51:30.076		0.93480			4
2025.09.11	01:51:40.859	0.93470	0.93479			6
2025.09.11	01:51:41.930	0.93469	0.93480			6
2025.09.11	01:51:46.036	0.93470	0.93479			6
2025.09.11	01:51:50.211	0.93469	0.93480			6
2025.09.11	01:52:00.543	0.93469				2
2025.09.11	01:52:18.521	0.93468				2
2025.09.11	01:52:20.377	0.93469				2
2025.09.11	01:52:22.448	0.93470	0.93479			6
2025.09.11	01:52:22.794	0.93469	0.93480			6
2025.09.11	01:52:23.744	0.93468				2
2025.09.11	01:52:26.789	0.93469				2
2025.09.11	01:52:31.131	0.93468	0.93481			6
2025.09.11	01:52:32.031	0.93469	0.93480			6
2025.09.11	01:52:38.375	0.93470				2
2025.09.11	01:52:48.598	0.93468				2
2025.09.11	01:52:54.814	0.93470				2
2025.09.11	01:52:57.244	0.93469	0.93479			6
2025.09.11	01:52:57.924	0.93468	0.93478			6
2025.09.11	01:53:00.374	0.93468				2
2025.09.11	01:53:03.108		0.93479			4
2025.09.11	01:53:31.838		0.93478			4
2025.09.11	01:53:32.349		0.93479			4
2025.09.11	01:53:39.349		0.93478			4
2025.09.11	01:53:41.448	0.93467	0.93479			6
2025.09.11	01:53:47.352	0.93468				2
2025.09.11	01:53:47.667		0.93478			4
2025.09.11	01:53:51.403	0.93467	0.93479			6
2025.09.11	01:53:51.811	0.93466				2
2025.09.11	01:53:52.571	0.93467	0.93478			6
2025.09.11	01:53:53.070	0.93466	0.93479			6
2025.09.11	01:53:53.616	0.93467	0.93478			6
2025.09.11	01:53:54.083	0.93466	0.93479			6
2025.09.11	01:53:54.661	0.93467	0.93478			6
2025.09.11	01:53:55.142	0.93466	0.93479			6
2025.09.11	01:53:55.705	0.93467	0.93478			6
2025.09.11	01:53:56.178	0.93466	0.93479			6
2025.09.11	01:53:56.750	0.93467	0.93478			6
2025.09.11	01:53:57.214	0.93466	0.93479			6
2025.09.11	01:53:57.796	0.93467	0.93478			6
2025.09.11	01:53:58.251	0.93466	0.93479			6
2025.09.11	01:53:58.836	0.93467	0.93478			6
2025.09.11	01:53:59.290	0.93466	0.93479			6
2025.09.11	01:53:59.880	0.93467	0.93478			6
2025.09.11	01:54:00.325	0.93466	0.93479			6
2025.09.11	01:54:00.925	0.93467	0.93478			6
2025.09.11	01:54:01.365	0.93466	0.93479			6
2025.09.11	01:54:01.968	0.93467	0.93478			6
2025.09.11	01:54:02.747	0.93465				2
2025.09.11	01:54:05.725		0.93479			4
2025.09.11	01:54:14.902	0.93466	0.93478			6
2025.09.11	01:54:15.218	0.93465	0.93479			6
2025.09.11	01:54:15.595	0.93472	0.93482			6
2025.09.11	01:54:15.925	0.93471				2
2025.09.11	01:54:16.941		0.93483			4
2025.09.11	01:54:21.168	0.93472				2
2025.09.11	01:54:30.212	0.93470	0.93482			6
2025.09.11	01:54:33.366		0.93483			4
2025.09.11	01:54:38.521		0.93482			4
2025.09.11	01:54:41.387	0.93471				2
2025.09.11	01:54:44.790	0.93470	0.93483			6
2025.09.11	01:54:51.979	0.93471	0.93482			6
2025.09.11	01:54:54.123		0.93483			4
2025.09.11	01:54:56.190		0.93481			4
2025.09.11	01:54:57.808		0.93482			4
2025.09.11	01:54:59.297		0.93483			4
2025.09.11	01:55:00.331	0.93471	0.93482			6
2025.09.11	01:55:01.367	0.93472				2
2025.09.11	01:55:02.390		0.93484			4
2025.09.11	01:55:06.547		0.93485			4
2025.09.11	01:55:15.875		0.93484			4
2025.09.11	01:55:17.950		0.93485			4
2025.09.11	01:55:18.909		0.93484			4
2025.09.11	01:55:26.761	0.93474				2
2025.09.11	01:55:30.434	0.93473	0.93485			6
2025.09.11	01:55:34.905	0.93474	0.93484			6
2025.09.11	01:55:39.455	0.93473	0.93485			6
2025.09.11	01:55:40.381	0.93474	0.93484			6
2025.09.11	01:55:40.791	0.93473	0.93485			6
2025.09.11	01:55:44.742	0.93474	0.93484			6
2025.09.11	01:55:49.079	0.93473	0.93485			6
2025.09.11	01:55:52.701	0.93475	0.93487			6
2025.09.11	01:55:53.010		0.93488			4
2025.09.11	01:55:58.854	0.93478	0.93490			6
2025.09.11	01:55:59.917	0.93479				2
2025.09.11	01:56:00.376	0.93479				2
2025.09.11	01:56:01.544	0.93478				2
2025.09.11	01:56:01.886	0.93476	0.93487			6
2025.09.11	01:56:03.025		0.93488			4
2025.09.11	01:56:04.064		0.93487			4
2025.09.11	01:56:05.097		0.93488			4
2025.09.11	01:56:07.170		0.93487			4
2025.09.11	01:56:08.208		0.93488			4
2025.09.11	01:56:11.214		0.93487			4
2025.09.11	01:56:14.447		0.93488			4
2025.09.11	01:56:19.361		0.93487			4
2025.09.11	01:56:20.793		0.93486			4
2025.09.11	01:56:28.111		0.93487			4
2025.09.11	01:56:32.249	0.93475				2
2025.09.11	01:56:33.225		0.93486			4
2025.09.11	01:56:38.465		0.93487			4
2025.09.11	01:56:42.232		0.93486			4
2025.09.11	01:56:44.303		0.93487			4
2025.09.11	01:56:46.395		0.93486			4
2025.09.11	01:56:47.437		0.93487			4
2025.09.11	01:57:00.929	0.93475				2
2025.09.11	01:57:04.897		0.93485			4
2025.09.11	01:57:05.200		0.93487			4
2025.09.11	01:57:10.057		0.93485			4
2025.09.11	01:57:10.379		0.93487			4
2025.09.11	01:57:17.712		0.93486			4
2025.09.11	01:57:18.026		0.93487			4
2025.09.11	01:57:18.756		0.93486			4
2025.09.11	01:57:19.061		0.93487			4
2025.09.11	01:57:32.715	0.93474	0.93485			6
2025.09.11	01:57:33.745	0.93473				2
2025.09.11	01:57:53.907	0.93472				2
2025.09.11	01:57:54.627		0.93484			4
2025.09.11	01:58:00.054	0.93472				2
2025.09.11	01:58:10.541		0.93485			4
2025.09.11	01:58:16.165	0.93474	0.93484			6
2025.09.11	01:58:24.567	0.93475	0.93485			6
2025.09.11	01:58:25.632	0.93474	0.93484			6
2025.09.11	01:58:47.580	0.93473	0.93483			6
2025.09.11	01:58:51.533	0.93472	0.93482			6
2025.09.11	01:58:53.515		0.93483			4
2025.09.11	01:59:06.603	0.93472				2
2025.09.11	01:59:22.414	0.93475	0.93485			6
2025.09.11	01:59:23.529		0.93486			4
2025.09.11	01:59:26.699		0.93485			4
2025.09.11	01:59:30.367	0.93472	0.93483			6
2025.09.11	01:59:42.890		0.93482			4
2025.09.11	01:59:49.102		0.93483			4
2025.09.11	02:00:00.319	0.93471				2
2025.09.11	02:00:03.146		0.93484			4
2025.09.11	02:00:03.460	0.93470	0.93482			6
2025.09.11	02:00:03.812	0.93471				2
2025.09.11	02:00:06.368	0.93467	0.93479			6
2025.09.11	02:00:16.032	0.93469				2
2025.09.11	02:00:42.146	0.93471	0.93481			6
2025.09.11	02:00:44.011		0.93482			4
2025.09.11	02:00:44.321		0.93481			4
2025.09.11	02:00:44.751	0.93472	0.93482			6
2025.09.11	02:00:48.873	0.93471	0.93483			6
2025.09.11	02:00:55.529	0.93472	0.93484			6
2025.09.11	02:01:00.394	0.93472				2
2025.09.11	02:01:01.251	0.93471	0.93483			6
2025.09.11	02:01:06.497	0.93472	0.93482			6
2025.09.11	02:01:10.668	0.93471				2
2025.09.11	02:01:16.538	0.93472				2
2025.09.11	02:01:53.611	0.93474	0.93483			6
2025.09.11	02:02:00.797	0.93474				2
2025.09.11	02:02:02.395	0.93475				2
2025.09.11	02:02:13.904	0.93474				2
2025.09.11	02:02:29.280		0.93482			4
2025.09.11	02:02:32.920		0.93483			4
2025.09.11	02:03:00.450	0.93474				2
2025.09.11	02:03:06.239	0.93476	0.93485			6
2025.09.11	02:03:17.094		0.93486			4
2025.09.11	02:03:30.313	0.93475				2
2025.09.11	02:03:40.187	0.93477				2
2025.09.11	02:03:44.382	0.93476				2
2025.09.11	02:04:00.128	0.93476				2
2025.09.11	02:04:20.055		0.93486			4
2025.09.11	02:04:33.599	0.93477				2
2025.09.11	02:04:40.119	0.93476				2
2025.09.11	02:05:00.465	0.93476				2
2025.09.11	02:05:20.868		0.93486			4
2025.09.11	02:05:25.390	0.93475				2
2025.09.11	02:05:26.357	0.93476				2
2025.09.11	02:05:30.186		0.93487			4
2025.09.11	02:05:32.965	0.93477				2
2025.09.11	02:06:01.410	0.93477				2
2025.09.11	02:06:02.081	0.93476				2
2025.09.11	02:06:34.639		0.93487			4
2025.09.11	02:06:36.534	0.93479	0.93490			6
2025.09.11	02:06:38.294	0.93478				2
2025.09.11	02:06:44.533		0.93491			4
2025.09.11	02:06:46.725	0.93477	0.93488			6
2025.09.11	02:07:00.454	0.93477				2
2025.09.11	02:07:16.913		0.93489			4
2025.09.11	02:07:21.458	0.93482	0.93492			6
2025.09.11	02:07:22.358	0.93481	0.93493			6
2025.09.11	02:07:38.131	0.93485	0.93497			6
2025.09.11	02:07:38.443	0.93486				2
2025.09.11	02:07:54.529	0.93485				2
2025.09.11	02:07:56.026	0.93486				2
2025.09.11	02:08:00.220	0.93487	0.93498			6
2025.09.11	02:08:00.535	0.93486	0.93497			6
2025.09.11	02:08:05.973	0.93487				2
2025.09.11	02:08:19.465	0.93488				2
2025.09.11	02:08:38.372	0.93489				2
2025.09.11	02:08:47.103	0.93488				2
2025.09.11	02:08:50.332	0.93489				2
2025.09.11	02:08:50.645	0.93488	0.93498			6
2025.09.11	02:08:53.476	0.93489				2
2025.09.11	02:08:57.547		0.93497			4
2025.09.11	02:08:58.569	0.93487	0.93493			6
2025.09.11	02:08:58.879	0.93481	0.93490			6
2025.09.11	02:08:59.871	0.93479	0.93489			6
2025.09.11	02:09:00.178	0.93479				2
2025.09.11	02:09:04.445	0.93478	0.93490			6
2025.09.11	02:09:05.111	0.93480	0.93491			6
2025.09.11	02:09:13.023		0.93492			4
2025.09.11	02:09:20.768	0.93481				2
2025.09.11	02:09:21.070		0.93493			4
2025.09.11	02:09:24.271		0.93492			4
2025.09.11	02:09:27.547		0.93491			4
2025.09.11	02:09:28.579		0.93492			4
2025.09.11	02:09:42.877	0.93482	0.93491			6
2025.09.11	02:09:43.209	0.93481				2
2025.09.11	02:09:44.111		0.93492			4
2025.09.11	02:09:46.102		0.93491			4
2025.09.11	02:09:47.233		0.93492			4
2025.09.11	02:09:50.108	0.93482	0.93491			6
2025.09.11	02:09:59.934	0.93483	0.93493			6
2025.09.11	02:10:00.313	0.93483				2
2025.09.11	02:10:08.972	0.93481	0.93491			6
2025.09.11	02:10:09.601		0.93492			4
2025.09.11	02:10:14.777	0.93482				2
2025.09.11	02:10:16.719		0.93491			4
2025.09.11	02:10:17.023	0.93481	0.93492			6
2025.09.11	02:10:20.653	0.93483	0.93493			6
2025.09.11	02:10:29.471	0.93482				2
2025.09.11	02:10:30.261		0.93491			4
2025.09.11	02:10:44.682	0.93481	0.93493			6
2025.09.11	02:10:46.349	0.93482				2
2025.09.11	02:10:54.569		0.93492			4
2025.09.11	02:11:00.315	0.93482				2
2025.09.11	02:11:40.478		0.93493			4
2025.09.11	02:11:45.287	0.93483				2
2025.09.11	02:11:51.552		0.93492			4
2025.09.11	02:12:00.649	0.93483				2
2025.09.11	02:12:03.099	0.93482	0.93491			6
2025.09.11	02:12:17.253		0.93492			4
2025.09.11	02:12:30.141	0.93481	0.93491			6
2025.09.11	02:12:32.153		0.93492			4
2025.09.11	02:12:33.187	0.93482				2
2025.09.11	02:12:33.491		0.93491			4
2025.09.11	02:12:35.325		0.93492			4
2025.09.11	02:12:37.396		0.93491			4
2025.09.11	02:12:38.371		0.93492			4
2025.09.11	02:12:39.203	0.93483	0.93491			6
2025.09.11	02:12:39.533	0.93482	0.93492			6
2025.09.11	02:12:40.439		0.93491			4
2025.09.11	02:12:42.514		0.93492			4
2025.09.11	02:12:43.546	0.93481				2
2025.09.11	02:12:45.492	0.93482	0.93491			6
2025.09.11	02:12:45.799	0.93480	0.93489			6
2025.09.11	02:12:49.019	0.93481				2
2025.09.11	02:12:49.350	0.93480				2
2025.09.11	02:13:02.860	0.93480				2
2025.09.11	02:13:46.381		0.93489			4
2025.09.11	02:13:51.199		0.93490			4
2025.09.11	02:14:00.534	0.93480				2
2025.09.11	02:14:04.219	0.93482	0.93491			6
2025.09.11	02:14:10.059		0.93490			4
2025.09.11	02:14:10.828	0.93480	0.93491			6
2025.09.11	02:14:11.215	0.93481	0.93490			6
2025.09.11	02:14:12.180	0.93480				2
2025.09.11	02:14:12.498	0.93479	0.93488			6
2025.09.11	02:14:40.535	0.93481	0.93489			6
2025.09.11	02:14:41.711		0.93490			4
2025.09.11	02:14:42.053	0.93482				2
2025.09.11	02:14:48.134	0.93481				2
2025.09.11	02:14:49.003	0.93480				2
2025.09.11	02:14:50.028		0.93489			4
2025.09.11	02:15:00.306	0.93482				2
2025.09.11	02:15:12.096		0.93490			4
2025.09.11	02:15:19.090		0.93489			4
2025.09.11	02:15:30.453		0.93490			4
2025.09.11	02:15:46.405		0.93489			4
2025.09.11	02:15:52.774		0.93490			4
2025.09.11	02:16:00.385	0.93484	0.93492			6
2025.09.11	02:16:00.691	0.93482	0.93490			6
2025.09.11	02:16:01.338		0.93491			4
2025.09.11	02:16:20.066	0.93479	0.93486			6
2025.09.11	02:16:21.135	0.93476	0.93484			6
2025.09.11	02:16:30.414		0.93485			4
2025.09.11	02:16:44.017	0.93474	0.93482			6
2025.09.11	02:16:45.118		0.93481			4
2025.09.11	02:16:58.684		0.93482			4
2025.09.11	02:16:59.373	0.93478	0.93489			6
2025.09.11	02:16:59.768		0.93488			4
2025.09.11	02:17:00.314	0.93479				2
2025.09.11	02:17:00.618	0.93478	0.93486			6
2025.09.11	02:17:07.131	0.93477	0.93485			6
2025.09.11	02:17:08.406		0.93486			4
2025.09.11	02:17:09.561		0.93485			4
2025.09.11	02:17:14.572	0.93476				2
2025.09.11	02:17:18.888	0.93478				2
2025.09.11	02:17:19.201	0.93477	0.93484			6
2025.09.11	02:17:24.258	0.93476				2
2025.09.11	02:17:29.445	0.93477	0.93485			6
2025.09.11	02:17:32.139		0.93486			4
2025.09.11	02:17:38.386	0.93478				2
2025.09.11	02:17:44.879	0.93480	0.93489			6
2025.09.11	02:17:45.187	0.93479	0.93487			6
2025.09.11	02:17:47.197		0.93488			4
2025.09.11	02:17:48.577	0.93480	0.93487			6
2025.09.11	02:18:00.351	0.93480				2
2025.09.11	02:18:21.072	0.93478	0.93485			6
2025.09.11	02:18:23.126		0.93486			4
2025.09.11	02:18:23.871		0.93485			4
2025.09.11	02:18:24.180		0.93486			4
2025.09.11	02:18:29.592		0.93485			4
2025.09.11	02:18:39.266		0.93484			4
2025.09.11	02:18:39.593		0.93485			4
2025.09.11	02:18:49.994		0.93484			4
2025.09.11	02:18:50.391	0.93479	0.93487			6
2025.09.11	02:18:57.357	0.93480	0.93488			6
2025.09.11	02:19:00.315	0.93480				2
2025.09.11	02:19:06.098		0.93487			4
2025.09.11	02:19:07.374		0.93488			4
2025.09.11	02:19:26.473	0.93477	0.93484			6
2025.09.11	02:19:31.521		0.93483			4
2025.09.11	02:19:35.088		0.93484			4
2025.09.11	02:19:35.686	0.93476	0.93483			6
2025.09.11	02:19:42.583	0.93478	0.93484			6
2025.09.11	02:19:44.365		0.93486			4
2025.09.11	02:19:54.207		0.93487			4
2025.09.11	02:19:55.196	0.93480				2
2025.09.11	02:19:56.340		0.93486			4
2025.09.11	02:20:02.373	0.93480				2
2025.09.11	02:20:13.167	0.93478				2
2025.09.11	02:20:24.649	0.93479				2
2025.09.11	02:20:29.922	0.93478				2
2025.09.11	02:20:30.244	0.93479				2
2025.09.11	02:20:42.016	0.93478				2
2025.09.11	02:20:44.991		0.93484			4
2025.09.11	02:20:49.375	0.93475	0.93483			6
2025.09.11	02:20:50.193	0.93476				2
2025.09.11	02:20:55.609		0.93485			4
2025.09.11	02:21:00.177	0.93477				2
2025.09.11	02:21:00.948	0.93478				2
2025.09.11	02:21:01.687	0.93477				2
2025.09.11	02:21:02.890	0.93478				2
2025.09.11	02:21:03.433		0.93486			4
2025.09.11	02:21:05.146	0.93479				2
2025.09.11	02:21:07.117	0.93478				2
2025.09.11	02:21:10.262	0.93476	0.93485			6
2025.09.11	02:21:38.880		0.93483			4
2025.09.11	02:21:39.852	0.93474				2
2025.09.11	02:21:40.314		0.93482			4
2025.09.11	02:21:56.896		0.93483			4
2025.09.11	02:22:01.468	0.93474				2
2025.09.11	02:22:01.783		0.93482			4
2025.09.11	02:22:04.316	0.93480	0.93489			6
2025.09.11	02:22:05.381	0.93477	0.93486			6
2025.09.11	02:22:05.690		0.93485			4
2025.09.11	02:22:11.278		0.93486			4
2025.09.11	02:22:16.299		0.93485			4
2025.09.11	02:22:58.299	0.93475	0.93484			6
2025.09.11	02:23:00.356	0.93475				2
2025.09.11	02:23:03.715		0.93483			4
2025.09.11	02:23:34.038	0.93474				2
2025.09.11	02:23:34.365		0.93482			4
2025.09.11	02:23:35.149		0.93483			4
2025.09.11	02:23:35.947		0.93482			4
2025.09.11	02:23:44.586		0.93483			4
2025.09.11	02:23:50.838		0.93482			4
2025.09.11	02:23:51.375		0.93483			4
2025.09.11	02:23:59.453		0.93482			4
2025.09.11	02:23:59.805		0.93483			4
2025.09.11	02:24:00.327	0.93474				2
2025.09.11	02:24:40.106	0.93473	0.93481			6
2025.09.11	02:24:45.300		0.93482			4
2025.09.11	02:24:47.792		0.93481			4
2025.09.11	02:24:56.070	0.93472	0.93482			6
2025.09.11	02:24:56.507		0.93481			4
2025.09.11	02:25:00.383	0.93472				2
2025.09.11	02:25:05.832		0.93482			4
2025.09.11	02:25:12.524		0.93481			4
2025.09.11	02:25:44.261	0.93471	0.93482			6
2025.09.11	02:25:49.053		0.93481			4
2025.09.11	02:25:52.624		0.93482			4
2025.09.11	02:26:00.991	0.93471				2
2025.09.11	02:26:07.052		0.93481			4
2025.09.11	02:26:13.673		0.93480			4
2025.09.11	02:26:17.372	0.93469	0.93479			6
2025.09.11	02:26:18.343	0.93471				2
2025.09.11	02:26:18.930		0.93480			4
2025.09.11	02:26:22.012	0.93470	0.93479			6
2025.09.11	02:26:30.197	0.93471	0.93480			6
2025.09.11	02:26:39.595		0.93479			4
2025.09.11	02:26:47.385	0.93472	0.93481			6
2025.09.11	02:26:50.392	0.93473	0.93482			6
2025.09.11	02:26:55.849	0.93472	0.93481			6
2025.09.11	02:26:58.264	0.93470	0.93479			6
2025.09.11	02:27:00.767	0.93470				2
2025.09.11	02:27:07.119	0.93471	0.93481			6
2025.09.11	02:27:13.521	0.93469	0.93479			6
2025.09.11	02:27:14.377	0.93472	0.93481			6
2025.09.11	02:27:14.679		0.93482			4
2025.09.11	02:27:20.631		0.93481			4
2025.09.11	02:27:20.937		0.93482			4
2025.09.11	02:27:37.363		0.93481			4
2025.09.11	02:27:43.639	0.93473	0.93482			6
2025.09.11	02:27:44.478		0.93483			4
2025.09.11	02:28:00.211	0.93473				2
2025.09.11	02:28:44.685		0.93483			4
2025.09.11	02:28:51.302	0.93471	0.93480			6
2025.09.11	02:28:56.067		0.93481			4
2025.09.11	02:28:57.094		0.93480			4
2025.09.11	02:29:00.503	0.93471				2
2025.09.11	02:29:16.972	0.93469	0.93478			6
2025.09.11	02:29:18.801		0.93479			4
2025.09.11	02:29:22.158		0.93478			4
2025.09.11	02:29:25.205	0.93470	0.93479			6
2025.09.11	02:29:53.005	0.93466	0.93478			6
2025.09.11	02:29:57.077	0.93468				2
2025.09.11	02:29:58.111	0.93466				2
2025.09.11	02:29:58.414	0.93468				2
2025.09.11	02:29:59.321	0.93469				2
2025.09.11	02:30:00.355	0.93467				2
2025.09.11	02:30:01.448		0.93477			4
2025.09.11	02:30:03.442	0.93468				2
2025.09.11	02:30:04.662		0.93478			4
2025.09.11	02:30:11.455	0.93467				2
2025.09.11	02:30:21.277	0.93468				2
2025.09.11	02:30:24.356	0.93467				2
2025.09.11	02:30:30.446	0.93468	0.93477			6
2025.09.11	02:30:39.010	0.93466	0.93478			6
2025.09.11	02:30:41.351		0.93477			4
2025.09.11	02:30:41.720	0.93468	0.93476			6
2025.09.11	02:30:50.681	0.93466	0.93477			6
2025.09.11	02:30:51.160	0.93467	0.93476			6
2025.09.11	02:30:51.512	0.93466	0.93477			6
2025.09.11	02:30:58.964		0.93476			4
2025.09.11	02:31:00.376	0.93465	0.93474			6
2025.09.11	02:31:26.385		0.93475			4
2025.09.11	02:31:27.546	0.93466				2
2025.09.11	02:31:36.283	0.93467	0.93476			6
2025.09.11	02:31:42.090	0.93466				2
2025.09.11	02:31:42.668	0.93467				2
2025.09.11	02:31:47.261	0.93466				2
2025.09.11	02:31:47.561	0.93467				2
2025.09.11	02:31:49.350	0.93466				2
2025.09.11	02:31:49.922	0.93467				2
2025.09.11	02:31:51.485	0.93466				2
2025.09.11	02:31:51.993	0.93467				2
2025.09.11	02:31:52.483	0.93466				2
2025.09.11	02:31:53.030	0.93467				2
2025.09.11	02:31:57.644	0.93466				2
2025.09.11	02:31:58.045	0.93467				2
2025.09.11	02:31:58.688	0.93466				2
2025.09.11	02:31:59.055	0.93467				2
2025.09.11	02:31:59.733	0.93466				2
2025.09.11	02:32:00.089	0.93467				2
2025.09.11	02:32:01.144		0.93477			4
2025.09.11	02:32:04.278		0.93476			4
2025.09.11	02:32:04.696	0.93466	0.93477			6
2025.09.11	02:32:07.650	0.93467				2
2025.09.11	02:32:12.128	0.93466				2
2025.09.11	02:32:12.438	0.93467				2
2025.09.11	02:32:13.430	0.93466				2
2025.09.11	02:32:15.646	0.93467	0.93476			6
2025.09.11	02:32:20.686	0.93468				2
2025.09.11	02:32:24.349	0.93466	0.93477			6
2025.09.11	02:32:24.828	0.93467	0.93476			6
2025.09.11	02:32:30.201	0.93466				2
2025.09.11	02:32:30.856	0.93467				2
2025.09.11	02:32:33.978		0.93477			4
2025.09.11	02:32:34.682	0.93466				2
2025.09.11	02:32:35.795		0.93475			4
2025.09.11	02:32:36.100		0.93477			4
2025.09.11	02:33:00.077	0.93466				2
2025.09.11	02:33:01.121	0.93467				2
2025.09.11	02:33:01.438		0.93476			4
2025.09.11	02:33:09.058	0.93465	0.93474			6
2025.09.11	02:33:09.906	0.93464				2
2025.09.11	02:33:10.331	0.93465				2
2025.09.11	02:33:10.645	0.93464				2
2025.09.11	02:33:13.080		0.93473			4
2025.09.11	02:33:17.767	0.93465	0.93474			6
2025.09.11	02:33:21.017	0.93464				2
2025.09.11	02:33:30.176	0.93463				2
2025.09.11	02:33:32.129		0.93473			4
2025.09.11	02:33:42.041	0.93462	0.93474			6
2025.09.11	02:33:42.679	0.93463				2
2025.09.11	02:33:43.673		0.93473			4
2025.09.11	02:33:45.679	0.93466	0.93475			6
2025.09.11	02:33:45.995	0.93465				2
2025.09.11	02:33:47.447	0.93466				2
2025.09.11	02:33:51.614	0.93465				2
2025.09.11	02:34:00.212	0.93465				2
2025.09.11	02:34:03.808		0.93477			4
2025.09.11	02:34:06.949	0.93466				2
2025.09.11	02:34:25.796	0.93468				2
2025.09.11	02:34:35.537	0.93467				2
2025.09.11	02:34:40.034	0.93466				2
2025.09.11	02:35:01.359	0.93466				2
2025.09.11	02:35:04.041		0.93477			4
2025.09.11	02:35:04.853	0.93467				2
2025.09.11	02:35:16.323	0.93466				2
2025.09.11	02:35:21.000	0.93467				2
2025.09.11	02:35:21.308	0.93464	0.93476			6
2025.09.11	02:35:22.281	0.93467				2
2025.09.11	02:35:27.496		0.93477			4
2025.09.11	02:35:30.455		0.93476			4
2025.09.11	02:35:31.219	0.93466				2
2025.09.11	02:35:36.342		0.93477			4
2025.09.11	02:35:36.742		0.93475			4
2025.09.11	02:35:42.214	0.93473	0.93481			6
2025.09.11	02:35:42.518	0.93471	0.93480			6
2025.09.11	02:35:44.346	0.93469	0.93478			6
2025.09.11	02:36:02.228	0.93469				2
2025.09.11	02:36:25.001		0.93479			4
2025.09.11	02:36:35.564	0.93467	0.93477			6
2025.09.11	02:36:41.550		0.93478			4
2025.09.11	02:36:41.977		0.93477			4
2025.09.11	02:36:45.086		0.93478			4
2025.09.11	02:36:51.225		0.93477			4
2025.09.11	02:36:51.530		0.93478			4
2025.09.11	02:36:52.267		0.93477			4
2025.09.11	02:36:52.568		0.93478			4
2025.09.11	02:36:54.355		0.93477			4
2025.09.11	02:36:54.658		0.93478			4
2025.09.11	02:37:00.308	0.93467				2
2025.09.11	02:37:02.191	0.93466	0.93477			6
2025.09.11	02:37:02.704		0.93476			4
2025.09.11	02:37:08.922	0.93467	0.93477			6
2025.09.11	02:37:09.457	0.93466	0.93478			6
2025.09.11	02:37:10.015		0.93477			4
2025.09.11	02:37:14.656		0.93478			4
2025.09.11	02:37:19.388		0.93476			4
2025.09.11	02:37:20.373	0.93465	0.93474			6
2025.09.11	02:37:29.674		0.93475			4
2025.09.11	02:37:30.692		0.93474			4
2025.09.11	02:37:35.729		0.93475			4
2025.09.11	02:37:36.058	0.93466				2
2025.09.11	02:37:39.275	0.93465				2
2025.09.11	02:37:49.671	0.93468	0.93476			6
2025.09.11	02:38:00.351	0.93468				2
2025.09.11	02:38:51.411		0.93476			4
2025.09.11	02:38:52.502	0.93466	0.93475			6
2025.09.11	02:38:56.604	0.93462	0.93470			6
2025.09.11	02:38:58.869	0.93463	0.93472			6
2025.09.11	02:39:00.655	0.93463				2
2025.09.11	02:39:20.567		0.93471			4
2025.09.11	02:39:26.918	0.93464	0.93473			6
2025.09.11	02:39:30.372	0.93463				2
2025.09.11	02:39:33.724	0.93464				2
2025.09.11	02:39:36.319		0.93472			4
2025.09.11	02:39:39.254	0.93463	0.93470			6
2025.09.11	02:39:40.353		0.93471			4
2025.09.11	02:39:43.226		0.93472			4
2025.09.11	02:39:49.937	0.93464	0.93473			6
2025.09.11	02:40:01.876	0.93464	0.93472			6
2025.09.11	02:40:06.538	0.93463	0.93470			6
2025.09.11	02:40:06.843	0.93462				2
2025.09.11	02:40:07.853		0.93469			4
2025.09.11	02:41:00.318	0.93462	0.93468			6
2025.09.11	02:41:01.112	0.93461				2
2025.09.11	02:41:02.394		0.93469			4
2025.09.11	02:41:20.653	0.93462				2
2025.09.11	02:41:33.785		0.93468			4
2025.09.11	02:41:37.900		0.93469			4
2025.09.11	02:41:40.570	0.93460	0.93471			6
2025.09.11	02:41:42.576	0.93462	0.93472			6
2025.09.11	02:41:44.383		0.93471			4
2025.09.11	02:41:55.282	0.93461				2
2025.09.11	02:41:56.414		0.93472			4
2025.09.11	02:41:57.275		0.93471			4
2025.09.11	02:41:59.293		0.93470			4
2025.09.11	02:42:00.437	0.93460	0.93471			6
2025.09.11	02:42:03.357		0.93472			4
2025.09.11	02:42:05.434		0.93471			4
2025.09.11	02:42:07.987	0.93461				2
2025.09.11	02:42:10.580	0.93460				2
2025.09.11	02:42:11.136		0.93470			4
2025.09.11	02:42:21.857		0.93469			4
2025.09.11	02:42:30.966		0.93468			4
2025.09.11	02:42:41.383	0.93457	0.93466			6
2025.09.11	02:42:44.640		0.93467			4
2025.09.11	02:42:52.590		0.93466			4
2025.09.11	02:43:00.421	0.93457				2
2025.09.11	02:43:06.119	0.93458				2
2025.09.11	02:43:28.823	0.93456				2
2025.09.11	02:43:29.392	0.93457	0.93468			6
2025.09.11	02:43:33.489	0.93456				2
2025.09.11	02:43:34.577	0.93457				2
2025.09.11	02:43:39.027		0.93467			4
2025.09.11	02:43:40.274	0.93458	0.93466			6
2025.09.11	02:43:41.974	0.93457				2
2025.09.11	02:43:42.277		0.93467			4
2025.09.11	02:44:00.075	0.93457				2
2025.09.11	02:44:02.203	0.93459	0.93469			6
2025.09.11	02:44:13.360		0.93470			4
2025.09.11	02:44:17.777	0.93460				2
2025.09.11	02:44:18.283	0.93459				2
2025.09.11	02:44:30.445		0.93469			4
2025.09.11	02:44:30.870		0.93470			4
2025.09.11	02:44:40.481	0.93460				2
2025.09.11	02:44:42.139	0.93459	0.93469			6
2025.09.11	02:44:43.522	0.93460				2
2025.09.11	02:44:46.513	0.93458				2
2025.09.11	02:44:48.448		0.93468			4
2025.09.11	02:44:59.597		0.93469			4
2025.09.11	02:44:59.908		0.93468			4
2025.09.11	02:45:00.535	0.93458				2
2025.09.11	02:45:00.878	0.93457				2
2025.09.11	02:45:01.742	0.93458	0.93470			6
2025.09.11	02:45:02.624		0.93469			4
2025.09.11	02:45:19.371		0.93468			4
2025.09.11	02:45:29.414	0.93459				2
2025.09.11	02:45:37.707	0.93460				2
2025.09.11	02:45:40.252	0.93459	0.93469			6
2025.09.11	02:45:41.268	0.93460				2
2025.09.11	02:45:50.083	0.93459	0.93470			6
2025.09.11	02:45:54.033		0.93468			4
2025.09.11	02:45:54.611		0.93469			4
2025.09.11	02:46:00.534	0.93459	0.93468			6
2025.09.11	02:46:00.882		0.93469			4
2025.09.11	02:46:01.485		0.93468			4
2025.09.11	02:46:01.867		0.93469			4
2025.09.11	02:46:03.117		0.93468			4
2025.09.11	02:46:09.233		0.93469			4
2025.09.11	02:46:09.622		0.93468			4
2025.09.11	02:46:13.010		0.93469			4
2025.09.11	02:46:13.772	0.93458				2
2025.09.11	02:46:16.736	0.93457	0.93467			6
2025.09.11	02:46:17.055	0.93456	0.93468			6
2025.09.11	02:46:18.417	0.93457				2
2025.09.11	02:46:21.600	0.93458				2
2025.09.11	02:46:22.269	0.93457				2
2025.09.11	02:46:27.939	0.93458	0.93467			6
2025.09.11	02:46:30.397	0.93457	0.93468			6
2025.09.11	02:46:33.072	0.93458	0.93467			6
2025.09.11	02:46:36.080		0.93468			4
2025.09.11	02:46:40.821	0.93459				2
2025.09.11	02:46:41.927	0.93458				2
2025.09.11	02:46:44.920	0.93459				2
2025.09.11	02:46:45.262		0.93469			4
2025.09.11	02:46:50.554		0.93468			4
2025.09.11	02:46:53.835		0.93469			4
2025.09.11	02:46:58.886		0.93468			4
2025.09.11	02:46:59.189		0.93469			4
2025.09.11	02:47:00.391	0.93459				2
2025.09.11	02:47:01.934	0.93460				2
2025.09.11	02:47:04.611	0.93459				2
2025.09.11	02:47:09.114	0.93462	0.93470			6
2025.09.11	02:47:10.216	0.93460				2
2025.09.11	02:47:14.357		0.93469			4
2025.09.11	02:47:15.401	0.93459				2
2025.09.11	02:47:33.362		0.93468			4
2025.09.11	02:47:34.454	0.93457	0.93469			6
2025.09.11	02:47:45.691		0.93468			4
2025.09.11	02:47:46.277	0.93456	0.93467			6
2025.09.11	02:47:47.704	0.93458	0.93470			6
2025.09.11	02:47:52.937	0.93459				2
2025.09.11	02:47:57.306	0.93460				2
2025.09.11	02:47:58.188	0.93461	0.93469			6
2025.09.11	02:47:59.542	0.93460				2
2025.09.11	02:48:00.445	0.93460				2
2025.09.11	02:48:01.611	0.93461				2
2025.09.11	02:48:03.680	0.93460				2
2025.09.11	02:48:13.918	0.93461	0.93470			6
2025.09.11	02:48:20.865		0.93469			4
2025.09.11	02:48:21.962	0.93460	0.93470			6
2025.09.11	02:48:22.335	0.93465	0.93473			6
2025.09.11	02:48:23.690	0.93464				2
2025.09.11	02:48:24.344	0.93465				2
2025.09.11	02:48:24.723	0.93464				2
2025.09.11	02:48:25.832	0.93465				2
2025.09.11	02:48:26.166	0.93464				2
2025.09.11	02:48:27.182	0.93466	0.93474			6
2025.09.11	02:48:28.147	0.93464	0.93473			6
2025.09.11	02:48:29.200	0.93466				2
2025.09.11	02:48:29.502	0.93465	0.93474			6
2025.09.11	02:48:30.207	0.93466	0.93473			6
2025.09.11	02:48:30.893	0.93463				2
2025.09.11	02:48:31.197	0.93466	0.93474			6
2025.09.11	02:48:32.038	0.93465				2
2025.09.11	02:48:32.345	0.93466				2
2025.09.11	02:48:33.257	0.93464				2
2025.09.11	02:48:33.627	0.93463				2
2025.09.11	02:48:33.940	0.93464	0.93473			6
2025.09.11	02:48:34.275		0.93474			4
2025.09.11	02:48:35.288	0.93465	0.93473			6
2025.09.11	02:48:36.810	0.93464				2
2025.09.11	02:48:38.341	0.93465	0.93475			6
2025.09.11	02:48:38.965	0.93464	0.93474			6
2025.09.11	02:48:39.328	0.93465				2
2025.09.11	02:48:41.476	0.93464	0.93473			6
2025.09.11	02:48:41.806	0.93465	0.93474			6
2025.09.11	02:48:42.159		0.93473			4
2025.09.11	02:48:46.786		0.93474			4
2025.09.11	02:48:47.893		0.93473			4
2025.09.11	02:48:48.272	0.93464				2
