<DATE>	<TIME>	<BID>	<ASK>	<LAST>	<VOLUME>	<FLAGS>
2025.03.03	00:02:08.728	0.93862	0.94048			6
2025.03.03	00:02:22.175	0.93885	0.94027			6
2025.03.03	00:02:25.448	0.93890	0.94029			6
2025.03.03	00:02:26.722	0.93891	0.94028			6
2025.03.03	00:02:27.871	0.93892	0.94027			6
2025.03.03	00:02:28.495	0.93890	0.94026			6
2025.03.03	00:02:28.980	0.93889	0.94027			6
2025.03.03	00:02:29.349	0.93890	0.94026			6
2025.03.03	00:02:31.268	0.93889	0.94024			6
2025.03.03	00:02:31.969	0.93894	0.94028			6
2025.03.03	00:02:32.676	0.93890	0.94024			6
2025.03.03	00:02:33.466	0.93891	0.94025			6
2025.03.03	00:02:33.832	0.93890	0.94024			6
2025.03.03	00:02:35.986	0.93893	0.94025			6
2025.03.03	00:02:36.333	0.93896	0.94028			6
2025.03.03	00:02:36.692	0.93893	0.94025			6
2025.03.03	00:02:37.360	0.93897	0.94027			6
2025.03.03	00:02:37.700	0.93894	0.94026			6
2025.03.03	00:02:38.636	0.93895				2
2025.03.03	00:02:38.983	0.93894	0.94024			6
2025.03.03	00:02:40.638	0.93897	0.94028			6
2025.03.03	00:02:41.733	0.93896	0.94026			6
2025.03.03	00:02:43.944	0.93897				2
2025.03.03	00:02:44.562	0.93898				2
2025.03.03	00:02:46.836	0.93899	0.94028			6
2025.03.03	00:02:49.974	0.93900				2
2025.03.03	00:02:51.907	0.93901				2
2025.03.03	00:02:54.254		0.94026			4
2025.03.03	00:02:56.121	0.93903	0.94027			6
2025.03.03	00:03:00.050	0.93903				2
2025.03.03	00:03:00.367	0.93809	0.94047			6
2025.03.03	00:03:04.261	0.93901	0.94023			6
2025.03.03	00:03:04.874	0.93900	0.94022			6
2025.03.03	00:03:05.981	0.93902	0.94023			6
2025.03.03	00:03:06.528	0.93908	0.94030			6
2025.03.03	00:03:08.989	0.93909				2
2025.03.03	00:03:10.879	0.93910	0.94031			6
2025.03.03	00:03:13.137	0.93903	0.94023			6
2025.03.03	00:03:13.585		0.94022			4
2025.03.03	00:03:14.393	0.93904	0.94024			6
2025.03.03	00:03:20.347		0.94023			4
2025.03.03	00:03:23.640	0.93912	0.94032			6
2025.03.03	00:03:24.857		0.94031			4
2025.03.03	00:03:27.768	0.93913	0.94032			6
2025.03.03	00:03:28.972		0.94031			4
2025.03.03	00:03:29.510	0.93914	0.94032			6
2025.03.03	00:03:31.313		0.94031			4
2025.03.03	00:03:36.816	0.93915	0.94032			6
2025.03.03	00:03:38.884	0.93910	0.94027			6
2025.03.03	00:03:53.636		0.94026			4
2025.03.03	00:03:57.861		0.94027			4
2025.03.03	00:04:01.236	0.93910				2
2025.03.03	00:04:01.573	0.93909	0.94025			6
2025.03.03	00:04:07.578		0.94026			4
2025.03.03	00:04:18.240		0.94025			4
2025.03.03	00:04:23.157		0.94026			4
2025.03.03	00:04:29.129	0.93914	0.94005			6
2025.03.03	00:04:30.287		0.94006			4
2025.03.03	00:04:31.288		0.94005			4
2025.03.03	00:04:31.736		0.94006			4
2025.03.03	00:04:33.896		0.94005			4
2025.03.03	00:04:41.619		0.94006			4
2025.03.03	00:04:53.005		0.94005			4
2025.03.03	00:05:00.626	0.93914				2
2025.03.03	00:05:00.941	0.93920	0.94009			6
2025.03.03	00:05:01.306	0.93914	0.94011			6
2025.03.03	00:05:01.671	0.93913	0.94010			6
2025.03.03	00:05:02.038	0.93895	0.94026			6
2025.03.03	00:05:02.354	0.93866	0.94054			6
2025.03.03	00:05:05.924	0.93872				2
2025.03.03	00:05:07.529	0.93871	0.94052			6
2025.03.03	00:05:07.861	0.93869	0.94051			6
2025.03.03	00:05:08.231		0.94050			4
2025.03.03	00:05:11.777	0.93874	0.94049			6
2025.03.03	00:05:13.316	0.93873	0.94046			6
2025.03.03	00:05:13.886	0.93877	0.94044			6
2025.03.03	00:05:16.034	0.93890	0.94035			6
2025.03.03	00:05:16.740		0.94036			4
2025.03.03	00:05:17.152	0.93892	0.94033			6
2025.03.03	00:05:18.433	0.93894	0.94031			6
2025.03.03	00:05:19.068	0.93895	0.94033			6
2025.03.03	00:05:19.556	0.93894	0.94031			6
2025.03.03	00:05:22.398	0.93896	0.94029			6
2025.03.03	00:05:23.846	0.93898	0.94028			6
2025.03.03	00:05:24.181	0.93896	0.94027			6
2025.03.03	00:05:26.981		0.94026			4
2025.03.03	00:05:27.679	0.93893	0.94024			6
2025.03.03	00:05:28.119		0.94023			4
2025.03.03	00:05:30.041	0.93895	0.94022			6
2025.03.03	00:05:30.612		0.94023			4
2025.03.03	00:05:30.918	0.93896	0.94020			6
2025.03.03	00:05:31.492	0.93897				2
2025.03.03	00:05:33.369	0.93899				2
2025.03.03	00:05:34.574	0.93827	0.94064			6
2025.03.03	00:05:35.773		0.94052			4
2025.03.03	00:05:37.053		0.94051			4
2025.03.03	00:05:38.034		0.94046			4
2025.03.03	00:05:39.925		0.94048			4
2025.03.03	00:06:00.603	0.93827				2
2025.03.03	00:06:12.605	0.93840				2
2025.03.03	00:06:40.603		0.94048			4
2025.03.03	00:07:00.599	0.93840				2
2025.03.03	00:07:11.421		0.94044			4
2025.03.03	00:08:00.360	0.93840				2
2025.03.03	00:08:21.413		0.94044			4
2025.03.03	00:09:01.474	0.93840				2
2025.03.03	00:09:31.415		0.94044			4
2025.03.03	00:09:43.906		0.94027			4
2025.03.03	00:09:50.571		0.94026			4
2025.03.03	00:09:54.203	0.93833	0.94054			6
2025.03.03	00:09:58.671		0.94047			4
2025.03.03	00:10:00.356	0.93833	0.94022			6
2025.03.03	00:10:06.353		0.94021			4
2025.03.03	00:10:13.397		0.94020			4
2025.03.03	00:10:14.898		0.94021			4
2025.03.03	00:10:16.192		0.94020			4
2025.03.03	00:10:18.194	0.93858	0.94034			6
2025.03.03	00:10:22.405	0.93859	0.94033			6
2025.03.03	00:10:24.796	0.93846	0.94020			6
2025.03.03	00:10:42.797		0.94019			4
2025.03.03	00:10:59.898		0.94018			4
2025.03.03	00:11:01.103	0.93846				2
2025.03.03	00:11:14.899		0.94017			4
2025.03.03	00:11:29.612		0.94015			4
2025.03.03	00:11:30.168		0.94019			4
2025.03.03	00:11:34.998		0.94018			4
2025.03.03	00:11:53.002		0.94017			4
2025.03.03	00:11:54.310		0.94015			4
2025.03.03	00:12:00.208	0.93846				2
2025.03.03	00:12:01.061		0.94014			4
2025.03.03	00:12:14.299		0.94013			4
2025.03.03	00:12:25.170	0.93841				2
2025.03.03	00:12:28.708		0.94016			4
2025.03.03	00:12:30.366		0.94014			4
2025.03.03	00:12:36.200		0.94013			4
2025.03.03	00:12:36.503		0.94014			4
2025.03.03	00:12:39.229		0.94012			4
2025.03.03	00:12:44.901		0.94011			4
2025.03.03	00:12:48.814		0.94012			4
2025.03.03	00:12:52.164		0.94011			4
2025.03.03	00:12:58.004		0.94010			4
2025.03.03	00:13:00.511	0.93841				2
2025.03.03	00:13:08.297		0.94009			4
2025.03.03	00:13:19.697		0.94008			4
2025.03.03	00:13:20.170	0.93839				2
2025.03.03	00:13:24.292	0.93838	0.94007			6
2025.03.03	00:13:24.913	0.93837				2
2025.03.03	00:13:44.601	0.93838	0.94006			6
2025.03.03	00:13:45.206	0.93837				2
2025.03.03	00:13:48.197	0.93838				2
2025.03.03	00:14:01.398	0.93838				2
2025.03.03	00:14:03.811	0.93837				2
2025.03.03	00:14:07.857	0.93838				2
2025.03.03	00:14:09.128	0.93836	0.94005			6
2025.03.03	00:14:10.397	0.93835				2
2025.03.03	00:14:16.397	0.93836				2
2025.03.03	00:14:17.599	0.93834				2
2025.03.03	00:14:18.789	0.93835	0.94004			6
2025.03.03	00:14:19.407	0.93834				2
2025.03.03	00:14:25.781	0.93835	0.94003			6
2025.03.03	00:14:26.901	0.93834				2
2025.03.03	00:14:28.053	0.93837				2
2025.03.03	00:14:28.399	0.93836				2
2025.03.03	00:14:31.097	0.93835				2
2025.03.03	00:14:31.472	0.93834				2
2025.03.03	00:14:36.799		0.94002			4
2025.03.03	00:14:43.681		0.94001			4
2025.03.03	00:14:51.690		0.93994			4
2025.03.03	00:14:53.342	0.93830				2
2025.03.03	00:14:53.730	0.93833	0.93993			6
2025.03.03	00:14:58.997	0.93834				2
2025.03.03	00:15:00.200	0.93834				2
2025.03.03	00:15:00.743	0.93833				2
2025.03.03	00:15:01.612	0.93834	0.93992			6
2025.03.03	00:15:09.799	0.93835	0.93991			6
2025.03.03	00:15:10.852	0.93836	0.93990			6
2025.03.03	00:15:11.355	0.93837				2
2025.03.03	00:15:15.202		0.93989			4
2025.03.03	00:15:24.495	0.93834	0.93986			6
2025.03.03	00:15:26.601	0.93835	0.93985			6
2025.03.03	00:15:33.515	0.93833				2
2025.03.03	00:15:34.704		0.93984			4
2025.03.03	00:15:37.178	0.93838	0.93980			6
2025.03.03	00:15:38.300		0.93979			4
2025.03.03	00:15:45.502	0.93840	0.93980			6
2025.03.03	00:15:47.302		0.93979			4
2025.03.03	00:15:50.298		0.93980			4
2025.03.03	00:15:52.998		0.93979			4
2025.03.03	00:15:54.497		0.93980			4
2025.03.03	00:15:58.101		0.93979			4
2025.03.03	00:16:00.798	0.93840				2
2025.03.03	00:16:06.660	0.93839	0.93980			6
2025.03.03	00:16:07.171	0.93840	0.93979			6
2025.03.03	00:16:07.476	0.93836	0.93976			6
2025.03.03	00:16:08.419	0.93835	0.93977			6
2025.03.03	00:16:14.337	0.93836				2
2025.03.03	00:16:24.203	0.93835				2
2025.03.03	00:16:25.390	0.93836	0.93976			6
2025.03.03	00:16:26.351	0.93837	0.93975			6
2025.03.03	00:16:32.301	0.93835	0.93977			6
2025.03.03	00:16:35.620	0.93836				2
2025.03.03	00:17:00.126	0.93836				2
2025.03.03	00:17:00.500	0.93834				2
2025.03.03	00:17:01.453	0.93833				2
2025.03.03	00:17:10.403	0.93834				2
2025.03.03	00:17:11.811	0.93831	0.93976			6
2025.03.03	00:17:12.289	0.93830				2
2025.03.03	00:17:27.919	0.93832				2
2025.03.03	00:17:30.923	0.93830	0.93975			6
2025.03.03	00:17:31.998	0.93829				2
2025.03.03	00:17:42.868	0.93828				2
2025.03.03	00:17:43.491		0.93974			4
2025.03.03	00:17:44.605	0.93827				2
2025.03.03	00:17:55.471	0.93828				2
2025.03.03	00:18:00.497	0.93828				2
2025.03.03	00:18:10.399		0.93975			4
2025.03.03	00:18:43.403	0.93827				2
2025.03.03	00:18:54.342	0.93825				2
2025.03.03	00:19:00.200	0.93825				2
2025.03.03	00:19:10.405		0.93975			4
2025.03.03	00:19:13.100	0.93824				2
2025.03.03	00:19:38.604		0.93976			4
2025.03.03	00:19:48.846	0.93825	0.93974			6
2025.03.03	00:19:53.005		0.93975			4
2025.03.03	00:19:56.187		0.93974			4
2025.03.03	00:19:57.507	0.93824				2
2025.03.03	00:19:59.691	0.93826				2
2025.03.03	00:20:01.103	0.93826				2
2025.03.03	00:20:04.925	0.93822	0.93972			6
2025.03.03	00:20:05.436	0.93821	0.93973			6
2025.03.03	00:20:05.898	0.93819	0.93974			6
2025.03.03	00:20:06.963	0.93821	0.93972			6
2025.03.03	00:20:08.001	0.93820				2
2025.03.03	00:20:12.497	0.93821				2
2025.03.03	00:20:15.805	0.93823	0.93974			6
2025.03.03	00:20:16.291		0.93976			4
2025.03.03	00:20:19.861	0.93821				2
2025.03.03	00:20:20.230	0.93823	0.93975			6
2025.03.03	00:20:27.497		0.93974			4
2025.03.03	00:20:28.097		0.93975			4
2025.03.03	00:20:28.399		0.93974			4
2025.03.03	00:20:30.197		0.93975			4
2025.03.03	00:20:31.397	0.93825				2
2025.03.03	00:20:31.873	0.93824				2
2025.03.03	00:20:33.503	0.93825				2
2025.03.03	00:20:34.099	0.93824				2
2025.03.03	00:20:34.700	0.93825				2
2025.03.03	00:20:39.999	0.93824	0.93974			6
2025.03.03	00:20:40.883	0.93820	0.93973			6
2025.03.03	00:20:41.903	0.93821				2
2025.03.03	00:20:46.749	0.93820	0.93972			6
2025.03.03	00:20:47.898	0.93821				2
2025.03.03	00:20:52.999		0.93971			4
2025.03.03	00:20:54.201		0.93972			4
2025.03.03	00:20:55.398	0.93820				2
2025.03.03	00:20:56.598	0.93821				2
2025.03.03	00:21:00.140	0.93820	0.93973			6
2025.03.03	00:21:01.705	0.93821	0.93972			6
2025.03.03	00:21:03.199	0.93820	0.93973			6
2025.03.03	00:21:04.397	0.93821				2
2025.03.03	00:21:08.007	0.93820				2
2025.03.03	00:21:14.163	0.93807	0.93974			6
2025.03.03	00:21:15.197		0.93973			4
2025.03.03	00:21:15.540	0.93808	0.93971			6
2025.03.03	00:21:19.896	0.93824	0.93973			6
2025.03.03	00:21:20.763		0.93974			4
2025.03.03	00:21:23.600	0.93815	0.93973			6
2025.03.03	00:21:24.180	0.93817	0.93971			6
2025.03.03	00:21:25.708	0.93816				2
2025.03.03	00:21:29.298	0.93817				2
2025.03.03	00:21:31.697	0.93816				2
2025.03.03	00:21:47.195	0.93817				2
2025.03.03	00:22:00.805	0.93817				2
2025.03.03	00:22:02.300	0.93816				2
2025.03.03	00:22:07.029	0.93817				2
2025.03.03	00:22:09.501	0.93816				2
2025.03.03	00:22:10.699	0.93817				2
2025.03.03	00:22:11.900	0.93816				2
2025.03.03	00:22:13.511	0.93805				2
2025.03.03	00:22:25.103		0.93971			4
2025.03.03	00:23:00.199	0.93809				2
2025.03.03	00:23:04.097		0.93969			4
2025.03.03	00:23:04.849		0.93968			4
2025.03.03	00:23:10.918		0.93967			4
2025.03.03	00:23:13.403		0.93966			4
2025.03.03	00:23:17.004		0.93967			4
2025.03.03	00:23:32.452		0.93966			4
2025.03.03	00:23:33.477		0.93967			4
2025.03.03	00:23:47.897		0.93968			4
2025.03.03	00:23:49.096		0.93967			4
2025.03.03	00:23:50.598		0.93968			4
2025.03.03	00:23:52.998		0.93967			4
2025.03.03	00:23:55.831		0.93968			4
2025.03.03	00:24:00.595	0.93809				2
2025.03.03	00:24:21.117		0.93967			4
2025.03.03	00:24:24.901		0.93968			4
2025.03.03	00:24:27.202		0.93969			4
2025.03.03	00:24:27.808		0.93970			4
2025.03.03	00:24:36.498		0.93968			4
2025.03.03	00:24:53.322	0.93813	0.93983			6
2025.03.03	00:24:54.660		0.93982			4
2025.03.03	00:24:56.565		0.93979			4
2025.03.03	00:25:00.307	0.93813	0.93980			6
2025.03.03	00:25:00.621		0.93982			4
2025.03.03	00:25:03.253		0.93980			4
2025.03.03	00:25:09.435		0.93981			4
2025.03.03	00:25:10.999		0.93980			4
2025.03.03	00:25:13.400		0.93979			4
2025.03.03	00:25:14.445		0.93980			4
2025.03.03	00:25:17.615		0.93979			4
2025.03.03	00:25:19.789		0.93980			4
2025.03.03	00:25:21.197		0.93979			4
2025.03.03	00:25:29.600		0.93978			4
2025.03.03	00:25:34.819		0.93977			4
2025.03.03	00:25:40.256	0.93818	0.93979			6
2025.03.03	00:25:40.562		0.93988			4
2025.03.03	00:25:47.300		0.93987			4
2025.03.03	00:25:53.601		0.93986			4
2025.03.03	00:25:57.068		0.93987			4
2025.03.03	00:25:57.563		0.93986			4
2025.03.03	00:25:59.486		0.93989			4
2025.03.03	00:26:00.362	0.93818	0.93988			6
2025.03.03	00:26:01.015		0.93987			4
2025.03.03	00:26:02.298		0.93984			4
2025.03.03	00:26:04.406		0.93983			4
2025.03.03	00:26:05.575	0.93820				2
2025.03.03	00:26:06.078	0.93818	0.93984			6
2025.03.03	00:26:06.443	0.93821				2
2025.03.03	00:26:08.598		0.93983			4
2025.03.03	00:26:10.069	0.93822	0.93984			6
2025.03.03	00:26:11.298		0.93983			4
2025.03.03	00:26:13.400		0.93984			4
2025.03.03	00:26:16.562	0.93821				2
2025.03.03	00:26:20.902		0.93983			4
2025.03.03	00:26:25.413	0.93820	0.93984			6
2025.03.03	00:26:26.331	0.93821				2
2025.03.03	00:26:31.400	0.93820				2
2025.03.03	00:26:38.001	0.93819				2
2025.03.03	00:26:38.308		0.93983			4
2025.03.03	00:26:38.861	0.93821	0.93984			6
2025.03.03	00:26:40.099	0.93820				2
2025.03.03	00:26:44.138	0.93821				2
2025.03.03	00:26:45.197	0.93820				2
2025.03.03	00:26:53.211	0.93821				2
2025.03.03	00:26:53.820		0.93983			4
2025.03.03	00:27:00.501	0.93821				2
2025.03.03	00:27:14.307	0.93822				2
2025.03.03	00:27:30.498	0.93827				2
2025.03.03	00:27:36.218	0.93832	0.93982			6
2025.03.03	00:27:40.353	0.93827				2
2025.03.03	00:27:41.603		0.93981			4
2025.03.03	00:27:52.985		0.93994			4
2025.03.03	00:27:53.299		0.93992			4
2025.03.03	00:27:58.666		0.93988			4
2025.03.03	00:28:01.102	0.93827				2
2025.03.03	00:28:01.555		0.93987			4
2025.03.03	00:28:03.950		0.93986			4
2025.03.03	00:28:08.848		0.93987			4
2025.03.03	00:28:10.098		0.93986			4
2025.03.03	00:28:17.897		0.93985			4
2025.03.03	00:28:33.757		0.93987			4
2025.03.03	00:28:51.497		0.93986			4
2025.03.03	00:28:58.097		0.93985			4
2025.03.03	00:29:00.401	0.93827				2
2025.03.03	00:29:04.918		0.93984			4
2025.03.03	00:29:07.502		0.93985			4
2025.03.03	00:29:12.809		0.93984			4
2025.03.03	00:29:23.601		0.93982			4
2025.03.03	00:29:42.976	0.93826				2
2025.03.03	00:29:47.931		0.93980			4
2025.03.03	00:30:00.372	0.93817	0.93977			6
2025.03.03	00:30:05.000		0.93978			4
2025.03.03	00:30:06.198	0.93816				2
2025.03.03	00:30:09.203	0.93817				2
2025.03.03	00:30:11.604	0.93816				2
2025.03.03	00:30:12.590	0.93817				2
2025.03.03	00:30:14.636		0.93977			4
2025.03.03	00:30:16.243	0.93818	0.93976			6
2025.03.03	00:30:24.198	0.93819				2
2025.03.03	00:30:26.467	0.93818				2
2025.03.03	00:30:26.898	0.93817				2
2025.03.03	00:30:31.399	0.93818				2
2025.03.03	00:30:32.897	0.93817	0.93975			6
2025.03.03	00:30:34.700	0.93816				2
2025.03.03	00:30:35.097	0.93818				2
2025.03.03	00:30:36.498	0.93820	0.93976			6
2025.03.03	00:30:36.907	0.93819				2
2025.03.03	00:30:37.769	0.93820				2
2025.03.03	00:30:39.200	0.93819				2
2025.03.03	00:30:43.398	0.93815				2
2025.03.03	00:30:43.705	0.93816				2
2025.03.03	00:30:44.008		0.93975			4
2025.03.03	00:30:47.967	0.93817				2
2025.03.03	00:30:50.900	0.93816				2
2025.03.03	00:30:51.844	0.93817	0.93974			6
2025.03.03	00:30:53.606	0.93816				2
2025.03.03	00:31:00.104	0.93816				2
2025.03.03	00:31:44.902	0.93815				2
2025.03.03	00:31:52.998		0.93974			4
2025.03.03	00:31:57.802	0.93816				2
2025.03.03	00:32:00.059	0.93816				2
2025.03.03	00:32:04.545	0.93817				2
2025.03.03	00:32:05.897	0.93815				2
2025.03.03	00:32:09.975	0.93816				2
2025.03.03	00:32:11.090	0.93815				2
2025.03.03	00:32:13.460		0.93975			4
2025.03.03	00:32:13.774	0.93816	0.93974			6
2025.03.03	00:32:14.302	0.93817	0.93973			6
2025.03.03	00:32:16.334	0.93814	0.93976			6
2025.03.03	00:32:18.978	0.93816	0.93974			6
2025.03.03	00:32:19.997		0.93973			4
2025.03.03	00:32:20.384	0.93817				2
2025.03.03	00:32:24.205	0.93814	0.93979			6
2025.03.03	00:32:25.363		0.93978			4
2025.03.03	00:32:30.421		0.93977			4
2025.03.03	00:32:31.873		0.93976			4
2025.03.03	00:32:36.364		0.93975			4
2025.03.03	00:33:00.594	0.93814				2
2025.03.03	00:33:02.562		0.93974			4
2025.03.03	00:33:32.276	0.93821	0.93976			6
2025.03.03	00:33:37.746	0.93822				2
2025.03.03	00:33:39.154	0.93821	0.93975			6
2025.03.03	00:33:46.099	0.93822				2
2025.03.03	00:33:47.681	0.93821				2
2025.03.03	00:33:49.555	0.93822				2
2025.03.03	00:33:50.510	0.93821				2
2025.03.03	00:33:52.099	0.93822				2
2025.03.03	00:33:52.561	0.93821				2
2025.03.03	00:33:57.860	0.93822				2
2025.03.03	00:33:58.681	0.93821				2
2025.03.03	00:33:59.289	0.93822				2
2025.03.03	00:34:00.153	0.93822				2
2025.03.03	00:34:00.600	0.93821				2
2025.03.03	00:34:04.103	0.93828	0.93979			6
2025.03.03	00:34:04.406	0.93833				2
2025.03.03	00:34:16.224	0.93817	0.93994			6
2025.03.03	00:34:17.506	0.93819	0.93992			6
2025.03.03	00:34:18.203	0.93820				2
2025.03.03	00:34:18.580		0.93991			4
2025.03.03	00:34:19.378	0.93821				2
2025.03.03	00:34:20.868		0.93990			4
2025.03.03	00:34:21.445	0.93820	0.93991			6
2025.03.03	00:34:22.100	0.93821				2
2025.03.03	00:34:25.098		0.93990			4
2025.03.03	00:34:26.364	0.93822				2
2025.03.03	00:34:31.097		0.93989			4
2025.03.03	00:34:32.598		0.93988			4
2025.03.03	00:34:33.497	0.93819	0.93992			6
2025.03.03	00:34:34.352	0.93822	0.93989			6
2025.03.03	00:34:37.158	0.93819	0.93991			6
2025.03.03	00:34:38.306		0.93992			4
2025.03.03	00:34:39.496		0.93991			4
2025.03.03	00:34:40.617	0.93820				2
2025.03.03	00:34:49.822		0.93990			4
2025.03.03	00:34:52.099	0.93821				2
2025.03.03	00:34:54.499	0.93819	0.93987			6
2025.03.03	00:34:57.200	0.93820				2
2025.03.03	00:34:58.398		0.93986			4
2025.03.03	00:35:00.496	0.93820				2
2025.03.03	00:35:00.961	0.93826				2
2025.03.03	00:35:01.289	0.93819				2
2025.03.03	00:35:02.181		0.93985			4
2025.03.03	00:35:05.522	0.93818	0.93982			6
2025.03.03	00:35:08.000	0.93820				2
2025.03.03	00:35:09.497	0.93823	0.93978			6
2025.03.03	00:35:12.497		0.93977			4
2025.03.03	00:35:19.099		0.93976			4
2025.03.03	00:35:20.601	0.93824				2
2025.03.03	00:35:33.801	0.93826	0.93974			6
2025.03.03	00:35:35.179	0.93827				2
2025.03.03	00:35:35.751	0.93825	0.93973			6
2025.03.03	00:35:36.104	0.93827	0.93971			6
2025.03.03	00:35:38.946	0.93826				2
2025.03.03	00:35:41.598	0.93827				2
2025.03.03	00:35:44.297	0.93826				2
2025.03.03	00:35:47.416	0.93827				2
2025.03.03	00:35:47.898	0.93826	0.93966			6
2025.03.03	00:35:51.198		0.93965			4
2025.03.03	00:35:53.598		0.93966			4
2025.03.03	00:35:57.948	0.93821				2
2025.03.03	00:35:59.899		0.93965			4
2025.03.03	00:36:00.501	0.93821	0.93966			6
2025.03.03	00:36:05.220	0.93820				2
2025.03.03	00:36:08.001	0.93821				2
2025.03.03	00:36:09.204		0.93965			4
2025.03.03	00:36:15.014	0.93818	0.93968			6
2025.03.03	00:36:18.122	0.93819				2
2025.03.03	00:36:18.798	0.93818				2
2025.03.03	00:36:27.499	0.93819				2
2025.03.03	00:36:38.297	0.93818				2
2025.03.03	00:36:39.802	0.93819				2
2025.03.03	00:36:47.600		0.93967			4
2025.03.03	00:36:50.599	0.93820				2
2025.03.03	00:36:57.502	0.93819				2
2025.03.03	00:37:00.596	0.93819				2
2025.03.03	00:37:01.101	0.93820				2
2025.03.03	00:37:02.600	0.93819				2
2025.03.03	00:37:14.601	0.93820				2
2025.03.03	00:37:23.299		0.93966			4
2025.03.03	00:37:26.299	0.93821				2
2025.03.03	00:37:27.498	0.93820				2
2025.03.03	00:37:34.398	0.93824	0.93962			6
2025.03.03	00:37:35.899	0.93823	0.93963			6
2025.03.03	00:37:39.911	0.93820	0.93966			6
2025.03.03	00:38:01.097	0.93820				2
2025.03.03	00:38:09.242	0.93821				2
2025.03.03	00:38:10.594		0.93965			4
2025.03.03	00:38:53.279	0.93822				2
2025.03.03	00:38:54.798	0.93821				2
2025.03.03	00:39:00.202	0.93822	0.93964			6
2025.03.03	00:39:49.133	0.93860	0.93981			6
2025.03.03	00:39:49.575	0.93861	0.93979			6
2025.03.03	00:39:50.202	0.93866	0.93974			6
2025.03.03	00:39:52.592		0.93975			4
2025.03.03	00:39:55.399		0.93974			4
2025.03.03	00:40:00.378	0.93866				2
2025.03.03	00:40:06.897	0.93865	0.93975			6
2025.03.03	00:40:07.253	0.93866	0.93974			6
2025.03.03	00:40:14.400	0.93863	0.93973			6
2025.03.03	00:40:17.235		0.93972			4
2025.03.03	00:40:27.802		0.93973			4
2025.03.03	00:40:28.673		0.93972			4
2025.03.03	00:40:29.898	0.93864				2
2025.03.03	00:40:30.237	0.93863				2
2025.03.03	00:40:30.552	0.93868				2
2025.03.03	00:40:36.821	0.93877	0.93984			6
2025.03.03	00:40:37.291		0.93985			4
2025.03.03	00:40:39.865		0.93974			4
2025.03.03	00:41:00.690	0.93877				2
2025.03.03	00:41:41.298		0.93974			4
2025.03.03	00:42:00.196	0.93877				2
2025.03.03	00:42:33.526		0.93973			4
2025.03.03	00:43:00.199	0.93877				2
2025.03.03	00:43:30.597		0.93979			4
2025.03.03	00:43:31.160		0.93983			4
2025.03.03	00:43:31.728		0.93984			4
2025.03.03	00:43:32.301		0.93985			4
2025.03.03	00:43:43.658		0.93986			4
2025.03.03	00:43:44.220		0.93987			4
2025.03.03	00:43:45.197		0.93988			4
2025.03.03	00:43:49.698		0.93989			4
2025.03.03	00:43:52.399		0.93990			4
2025.03.03	00:44:00.991	0.93877				2
2025.03.03	00:44:01.403		0.93991			4
2025.03.03	00:44:02.481		0.93990			4
2025.03.03	00:44:04.320		0.93991			4
2025.03.03	00:44:08.860		0.93990			4
2025.03.03	00:44:13.591		0.93992			4
2025.03.03	00:44:15.724		0.93991			4
2025.03.03	00:44:16.622	0.93878				2
2025.03.03	00:44:18.498		0.93992			4
2025.03.03	00:44:20.597		0.93991			4
2025.03.03	00:44:45.724		0.93992			4
2025.03.03	00:44:50.386		0.93991			4
2025.03.03	00:44:54.499		0.93990			4
2025.03.03	00:45:00.595	0.93878	0.93989			6
2025.03.03	00:45:01.697		0.93988			4
2025.03.03	00:45:02.052	0.93864	0.94004			6
2025.03.03	00:45:02.683	0.93863	0.94003			6
2025.03.03	00:45:03.590	0.93864	0.94004			6
2025.03.03	00:45:04.195	0.93878	0.93989			6
2025.03.03	00:45:04.529		0.93988			4
2025.03.03	00:45:05.709		0.93987			4
2025.03.03	00:45:08.854	0.93896	0.93969			6
2025.03.03	00:45:11.826	0.93895				2
2025.03.03	00:45:32.544		0.93968			4
2025.03.03	00:46:00.197	0.93895				2
2025.03.03	00:46:22.722		0.93969			4
2025.03.03	00:46:23.231		0.93970			4
2025.03.03	00:46:26.908		0.93964			4
2025.03.03	00:46:27.420		0.93963			4
2025.03.03	00:46:51.505		0.93964			4
2025.03.03	00:47:00.197	0.93895				2
2025.03.03	00:47:01.831	0.93872	0.93976			6
2025.03.03	00:47:04.256	0.93892	0.93964			6
2025.03.03	00:48:01.098	0.93892				2
2025.03.03	00:48:05.298		0.93964			4
2025.03.03	00:48:35.340	0.93891	0.93962			6
2025.03.03	00:48:35.654	0.93908				2
2025.03.03	00:48:38.600	0.93892	0.93963			6
2025.03.03	00:48:39.172	0.93908	0.93962			6
2025.03.03	00:48:39.783	0.93892	0.93965			6
2025.03.03	00:48:40.094		0.93964			4
2025.03.03	00:48:40.461	0.93888	0.93967			6
2025.03.03	00:48:41.573	0.93890	0.93965			6
2025.03.03	00:48:42.200	0.93908	0.93963			6
2025.03.03	00:48:43.985		0.93962			4
2025.03.03	00:48:45.498		0.93963			4
2025.03.03	00:48:52.974		0.93964			4
2025.03.03	00:48:53.300		0.93963			4
2025.03.03	00:48:56.276	0.93889	0.93970			6
2025.03.03	00:48:57.425		0.93966			4
2025.03.03	00:48:57.730	0.93908	0.93965			6
2025.03.03	00:48:58.051	0.93889	0.93964			6
2025.03.03	00:48:59.121		0.93963			4
2025.03.03	00:49:00.498	0.93889				2
2025.03.03	00:49:04.067		0.93974			4
2025.03.03	00:49:04.375		0.93973			4
2025.03.03	00:49:05.074		0.93974			4
2025.03.03	00:49:05.379		0.93973			4
2025.03.03	00:49:05.899		0.93968			4
2025.03.03	00:49:06.473		0.93965			4
2025.03.03	00:49:06.803		0.93967			4
2025.03.03	00:49:10.787		0.93973			4
2025.03.03	00:49:11.093		0.93975			4
2025.03.03	00:49:11.797		0.93974			4
2025.03.03	00:49:13.307		0.93973			4
2025.03.03	00:49:13.609	0.93891	0.93969			6
2025.03.03	00:49:13.983		0.93965			4
2025.03.03	00:49:14.404	0.93893				2
2025.03.03	00:49:15.194	0.93907				2
2025.03.03	00:49:15.501		0.93966			4
2025.03.03	00:49:22.324		0.93968			4
2025.03.03	00:49:24.797		0.93969			4
2025.03.03	00:49:25.147		0.93967			4
2025.03.03	00:49:25.522		0.93968			4
2025.03.03	00:49:25.997		0.93969			4
2025.03.03	00:49:27.200	0.93894				2
2025.03.03	00:49:27.773		0.93970			4
2025.03.03	00:49:34.843		0.93966			4
2025.03.03	00:49:35.751		0.93968			4
2025.03.03	00:49:36.198		0.93967			4
2025.03.03	00:49:36.959		0.93968			4
2025.03.03	00:49:38.771		0.93974			4
2025.03.03	00:49:39.199		0.93973			4
2025.03.03	00:49:41.113		0.93968			4
2025.03.03	00:49:41.465		0.93967			4
2025.03.03	00:49:45.872		0.93969			4
2025.03.03	00:49:59.117		0.93966			4
2025.03.03	00:49:59.502	0.93893	0.93967			6
2025.03.03	00:49:59.805		0.93965			4
2025.03.03	00:50:00.106	0.93908				2
2025.03.03	00:50:00.501		0.93966			4
2025.03.03	00:50:04.997		0.93967			4
2025.03.03	00:50:06.750	0.93892	0.93966			6
2025.03.03	00:50:07.699		0.93967			4
2025.03.03	00:50:10.831	0.93908	0.93968			6
2025.03.03	00:50:13.697		0.93969			4
2025.03.03	00:50:14.203		0.93970			4
2025.03.03	00:50:26.768	0.93888	0.93966			6
2025.03.03	00:50:27.348		0.93965			4
2025.03.03	00:50:27.763		0.93964			4
2025.03.03	00:50:28.222	0.93885	0.93962			6
2025.03.03	00:50:28.953	0.93888	0.93963			6
2025.03.03	00:50:38.006		0.93962			4
2025.03.03	00:50:39.804		0.93963			4
2025.03.03	00:50:42.449	0.93885				2
2025.03.03	00:50:45.673		0.93962			4
2025.03.03	00:50:46.498	0.93886	0.93963			6
2025.03.03	00:50:46.806		0.93962			4
2025.03.03	00:50:49.398		0.93960			4
2025.03.03	00:50:50.320	0.93905	0.93962			6
2025.03.03	00:50:52.685	0.93885	0.93969			6
2025.03.03	00:50:57.880	0.93887	0.93967			6
2025.03.03	00:50:58.186		0.93964			4
2025.03.03	00:50:58.500		0.93967			4
2025.03.03	00:50:58.881	0.93905	0.93965			6
2025.03.03	00:51:00.172	0.93905	0.93964			6
2025.03.03	00:51:01.398		0.93963			4
2025.03.03	00:51:04.382		0.93961			4
2025.03.03	00:51:06.472		0.93966			4
2025.03.03	00:51:07.071		0.93965			4
2025.03.03	00:51:08.247		0.93964			4
2025.03.03	00:51:10.078		0.93963			4
2025.03.03	00:51:11.230		0.93961			4
2025.03.03	00:51:12.385		0.93963			4
2025.03.03	00:51:13.673		0.93962			4
2025.03.03	00:51:14.901		0.93961			4
2025.03.03	00:51:15.799		0.93962			4
2025.03.03	00:51:16.373		0.93965			4
2025.03.03	00:51:16.711		0.93966			4
2025.03.03	00:51:19.464		0.93963			4
2025.03.03	00:51:19.999		0.93962			4
2025.03.03	00:51:21.170		0.93963			4
2025.03.03	00:51:21.498		0.93962			4
2025.03.03	00:51:22.457		0.93966			4
2025.03.03	00:51:23.872		0.93965			4
2025.03.03	00:51:24.886		0.93966			4
2025.03.03	00:51:25.926		0.93965			4
2025.03.03	00:51:26.302		0.93964			4
2025.03.03	00:51:26.899		0.93965			4
2025.03.03	00:51:28.398		0.93964			4
2025.03.03	00:51:29.574		0.93966			4
2025.03.03	00:51:30.172		0.93965			4
2025.03.03	00:51:32.273		0.93966			4
2025.03.03	00:51:33.475		0.93965			4
2025.03.03	00:51:35.300		0.93964			4
2025.03.03	00:51:35.907	0.93899	0.93965			6
2025.03.03	00:51:37.398		0.93964			4
2025.03.03	00:51:50.533		0.93963			4
2025.03.03	00:51:52.262	0.93908	0.93965			6
2025.03.03	00:51:52.849	0.93899				2
2025.03.03	00:51:57.202		0.93964			4
2025.03.03	00:51:57.577		0.93965			4
2025.03.03	00:52:00.199	0.93899				2
2025.03.03	00:52:07.078		0.93964			4
2025.03.03	00:52:07.475		0.93965			4
2025.03.03	00:52:08.003		0.93966			4
2025.03.03	00:52:09.199		0.93965			4
2025.03.03	00:52:10.624		0.93964			4
2025.03.03	00:52:11.598		0.93965			4
2025.03.03	00:52:13.997		0.93964			4
2025.03.03	00:52:14.523		0.93963			4
2025.03.03	00:52:32.276		0.93962			4
2025.03.03	00:52:39.070		0.93965			4
2025.03.03	00:52:39.798		0.93966			4
2025.03.03	00:52:44.602		0.93965			4
2025.03.03	00:52:47.534		0.93963			4
2025.03.03	00:52:48.305		0.93964			4
2025.03.03	00:52:49.097		0.93962			4
2025.03.03	00:52:52.122		0.93963			4
2025.03.03	00:53:00.595	0.93899				2
2025.03.03	00:53:16.399		0.93961			4
2025.03.03	00:53:16.828		0.93962			4
2025.03.03	00:53:19.855		0.93961			4
2025.03.03	00:53:20.170		0.93962			4
2025.03.03	00:53:20.827		0.93961			4
2025.03.03	00:53:21.145		0.93962			4
2025.03.03	00:53:22.329		0.93960			4
2025.03.03	00:53:23.103		0.93962			4
2025.03.03	00:53:25.399		0.93961			4
2025.03.03	00:53:25.752		0.93962			4
2025.03.03	00:53:27.936		0.93960			4
2025.03.03	00:53:28.238		0.93961			4
2025.03.03	00:53:29.598		0.93962			4
2025.03.03	00:53:31.099		0.93963			4
2025.03.03	00:53:42.852	0.93897				2
2025.03.03	00:53:54.197		0.93962			4
2025.03.03	00:53:55.098		0.93963			4
2025.03.03	00:54:00.197	0.93897				2
2025.03.03	00:54:06.121		0.93962			4
2025.03.03	00:54:10.918		0.93974			4
2025.03.03	00:54:13.569		0.93962			4
2025.03.03	00:54:17.261	0.93904	0.93982			6
2025.03.03	00:54:17.796		0.93981			4
2025.03.03	00:54:21.195	0.93897	0.93970			6
2025.03.03	00:54:28.357	0.93904	0.93963			6
2025.03.03	00:54:31.997		0.93962			4
2025.03.03	00:54:35.529		0.93963			4
2025.03.03	00:54:47.103		0.93964			4
2025.03.03	00:54:47.825		0.93963			4
2025.03.03	00:54:48.951		0.93964			4
2025.03.03	00:54:50.297		0.93963			4
2025.03.03	00:55:00.403	0.93904				2
2025.03.03	00:55:05.597		0.93964			4
2025.03.03	00:55:07.590		0.93961			4
2025.03.03	00:55:07.892		0.93963			4
2025.03.03	00:55:10.102		0.93962			4
2025.03.03	00:55:23.341	0.93903				2
2025.03.03	00:55:24.199		0.93963			4
2025.03.03	00:55:48.201		0.93962			4
2025.03.03	00:55:55.699		0.93963			4
2025.03.03	00:56:00.199	0.93903				2
2025.03.03	00:56:05.617		0.93964			4
2025.03.03	00:56:08.297		0.93966			4
2025.03.03	00:56:08.945		0.93965			4
2025.03.03	00:56:09.371		0.93966			4
2025.03.03	00:56:09.686		0.93964			4
2025.03.03	00:56:19.767	0.93905	0.93972			6
2025.03.03	00:56:20.118	0.93907				2
2025.03.03	00:56:20.478	0.93897	0.93970			6
2025.03.03	00:56:20.939	0.93896	0.93968			6
2025.03.03	00:56:21.265	0.93886	0.93971			6
2025.03.03	00:56:21.571	0.93907	0.93970			6
2025.03.03	00:56:22.100	0.93897				2
2025.03.03	00:56:22.424		0.93969			4
2025.03.03	00:56:22.725	0.93905	0.93968			6
2025.03.03	00:56:23.824	0.93908	0.93974			6
2025.03.03	00:56:24.201	0.93905	0.93973			6
2025.03.03	00:56:25.019	0.93908	0.93975			6
2025.03.03	00:56:25.489	0.93905	0.93972			6
2025.03.03	00:56:26.048		0.93971			4
2025.03.03	00:56:26.454		0.93973			4
2025.03.03	00:56:27.114	0.93907	0.93977			6
2025.03.03	00:56:27.692		0.93976			4
2025.03.03	00:56:28.006		0.93974			4
2025.03.03	00:56:29.224	0.93905				2
2025.03.03	00:56:30.391		0.93973			4
2025.03.03	00:56:32.611		0.93972			4
2025.03.03	00:56:35.225		0.93971			4
2025.03.03	00:56:36.206	0.93895				2
2025.03.03	00:56:36.567	0.93905				2
2025.03.03	00:56:37.204	0.93895				2
2025.03.03	00:56:37.729	0.93905				2
2025.03.03	00:56:38.589	0.93906				2
2025.03.03	00:56:44.971		0.93972			4
2025.03.03	00:56:45.407	0.93908				2
2025.03.03	00:56:49.182	0.93897				2
2025.03.03	00:56:49.524	0.93908				2
2025.03.03	00:56:49.903		0.93973			4
2025.03.03	00:56:50.616		0.93980			4
2025.03.03	00:56:52.336		0.93979			4
2025.03.03	00:56:53.898	0.93898	0.93978			6
2025.03.03	00:56:54.744	0.93908				2
2025.03.03	00:56:56.000		0.93977			4
2025.03.03	00:56:57.420	0.93898				2
2025.03.03	00:56:59.298		0.93976			4
2025.03.03	00:56:59.688	0.93908	0.93980			6
2025.03.03	00:57:00.313	0.93908				2
2025.03.03	00:57:00.860		0.93979			4
2025.03.03	00:57:02.386		0.93978			4
2025.03.03	00:57:03.365		0.93977			4
2025.03.03	00:57:07.398		0.93976			4
2025.03.03	00:57:08.899		0.93975			4
2025.03.03	00:57:09.633		0.93979			4
2025.03.03	00:57:10.188	0.93898				2
2025.03.03	00:57:12.559		0.93977			4
2025.03.03	00:57:14.642	0.93908	0.93978			6
2025.03.03	00:57:15.708		0.93977			4
2025.03.03	00:57:16.999		0.93976			4
2025.03.03	00:57:19.807		0.93975			4
2025.03.03	00:57:20.196	0.93897				2
2025.03.03	00:57:20.592	0.93908	0.93978			6
2025.03.03	00:57:21.933	0.93897	0.93977			6
2025.03.03	00:57:23.003		0.93976			4
2025.03.03	00:57:24.835	0.93908				2
2025.03.03	00:57:26.759		0.93975			4
2025.03.03	00:57:28.145		0.93978			4
2025.03.03	00:57:33.246	0.93898	0.93977			6
2025.03.03	00:57:36.212	0.93908	0.93978			6
2025.03.03	00:57:36.517	0.93897				2
2025.03.03	00:57:36.816	0.93908				2
2025.03.03	00:57:37.318		0.93977			4
2025.03.03	00:57:38.319		0.93971			4
2025.03.03	00:57:38.659	0.93896	0.93970			6
2025.03.03	00:57:39.000	0.93908	0.93968			6
2025.03.03	00:57:39.341		0.93969			4
2025.03.03	00:57:39.667	0.93897				2
2025.03.03	00:57:40.060		0.93968			4
2025.03.03	00:57:43.097		0.93967			4
2025.03.03	00:57:43.860		0.93966			4
2025.03.03	00:57:47.686		0.93965			4
2025.03.03	00:57:55.277		0.93966			4
2025.03.03	00:57:57.799		0.93967			4
2025.03.03	00:57:59.540		0.93966			4
2025.03.03	00:58:00.441	0.93897				2
2025.03.03	00:58:13.980		0.93965			4
2025.03.03	00:58:14.368		0.93966			4
2025.03.03	00:58:21.797		0.93968			4
2025.03.03	00:58:23.916		0.93969			4
2025.03.03	00:58:25.005		0.93967			4
2025.03.03	00:58:26.052		0.93968			4
2025.03.03	00:58:34.888	0.93894				2
2025.03.03	00:58:39.720		0.93967			4
2025.03.03	00:58:41.901	0.93893	0.93966			6
2025.03.03	00:58:42.217		0.93967			4
2025.03.03	00:59:00.797	0.93893				2
2025.03.03	00:59:14.873		0.93965			4
2025.03.03	00:59:16.679		0.93964			4
2025.03.03	00:59:18.370		0.93963			4
2025.03.03	00:59:23.296		0.93964			4
2025.03.03	00:59:23.818		0.93963			4
2025.03.03	00:59:32.383		0.93965			4
2025.03.03	00:59:32.692	0.93894	0.93968			6
2025.03.03	00:59:32.998		0.93966			4
2025.03.03	00:59:33.465	0.93907				2
2025.03.03	00:59:33.969	0.93893				2
2025.03.03	00:59:34.855	0.93907				2
2025.03.03	00:59:47.103		0.93965			4
2025.03.03	00:59:51.416	0.93892				2
2025.03.03	01:00:00.308	0.93892	0.93946			6
2025.03.03	01:00:00.612	0.93907	0.93944			6
2025.03.03	01:00:00.927		0.93942			4
2025.03.03	01:00:01.228		0.93935			4
2025.03.03	01:00:01.580		0.93932			4
2025.03.03	01:00:01.899	0.93898	0.93965			6
2025.03.03	01:00:02.206	0.93907	0.93970			6
2025.03.03	01:00:02.526		0.93944			4
2025.03.03	01:00:02.850	0.93873	0.93940			6
2025.03.03	01:00:03.170	0.93876	0.93938			6
2025.03.03	01:00:03.474		0.93937			4
2025.03.03	01:00:03.777		0.93935			4
2025.03.03	01:00:04.079		0.93937			4
2025.03.03	01:00:04.383	0.93874	0.93935			6
2025.03.03	01:00:04.989	0.93907	0.93924			6
2025.03.03	01:00:06.221		0.93931			4
2025.03.03	01:00:06.526	0.93882	0.93939			6
2025.03.03	01:00:06.829	0.93903	0.93934			6
2025.03.03	01:00:07.133	0.93904	0.93931			6
2025.03.03	01:00:07.446	0.93906	0.93936			6
2025.03.03	01:00:07.751	0.93902	0.93932			6
2025.03.03	01:00:08.068	0.93905	0.93930			6
2025.03.03	01:00:09.004		0.93929			4
2025.03.03	01:00:09.306		0.93930			4
2025.03.03	01:00:09.625	0.93904	0.93931			6
2025.03.03	01:00:09.980	0.93879	0.93935			6
2025.03.03	01:00:10.285	0.93899				2
2025.03.03	01:00:10.589	0.93905				2
2025.03.03	01:00:10.895		0.93930			4
2025.03.03	01:00:11.920	0.93904	0.93946			6
2025.03.03	01:00:12.225		0.93944			4
2025.03.03	01:00:12.901	0.93905	0.93928			6
2025.03.03	01:00:13.205	0.93903				2
2025.03.03	01:00:13.516	0.93904	0.93927			6
2025.03.03	01:00:13.899	0.93903				2
2025.03.03	01:00:15.375	0.93901	0.93924			6
2025.03.03	01:00:15.685	0.93902	0.93925			6
2025.03.03	01:00:15.996	0.93905	0.93922			6
2025.03.03	01:00:16.306	0.93904	0.93921			6
2025.03.03	01:00:16.609	0.93901				2
2025.03.03	01:00:17.249	0.93903	0.93919			6
2025.03.03	01:00:17.558		0.93948			4
2025.03.03	01:00:18.170	0.93897	0.93954			6
2025.03.03	01:00:18.480	0.93904	0.93922			6
2025.03.03	01:00:18.952		0.93921			4
2025.03.03	01:00:19.365	0.93898	0.93928			6
2025.03.03	01:00:19.665	0.93902	0.93933			6
2025.03.03	01:00:19.985	0.93903	0.93930			6
2025.03.03	01:00:20.332		0.93927			4
2025.03.03	01:00:20.634	0.93904	0.93926			6
2025.03.03	01:00:21.509	0.93905				2
2025.03.03	01:00:21.877	0.93904	0.93925			6
2025.03.03	01:00:22.257		0.93926			4
2025.03.03	01:00:22.589	0.93902				2
2025.03.03	01:00:22.906	0.93905	0.93921			6
2025.03.03	01:00:23.553		0.93920			4
2025.03.03	01:00:24.225	0.93906	0.93922			6
2025.03.03	01:00:24.526	0.93905				2
2025.03.03	01:00:24.828		0.93921			4
2025.03.03	01:00:25.157	0.93902	0.93920			6
2025.03.03	01:00:25.468	0.93903				2
2025.03.03	01:00:26.086	0.93904	0.93921			6
2025.03.03	01:00:26.398	0.93905				2
2025.03.03	01:00:26.772	0.93904				2
2025.03.03	01:00:27.085	0.93906				2
2025.03.03	01:00:27.405	0.93901	0.93924			6
2025.03.03	01:00:27.762	0.93903				2
2025.03.03	01:00:28.236		0.93923			4
2025.03.03	01:00:28.554	0.93902				2
2025.03.03	01:00:29.450		0.93924			4
2025.03.03	01:00:29.898	0.93901	0.93926			6
2025.03.03	01:00:30.207	0.93902	0.93922			6
2025.03.03	01:00:30.827	0.93900	0.93921			6
2025.03.03	01:00:31.171	0.93904	0.93922			6
2025.03.03	01:00:31.481	0.93903				2
2025.03.03	01:00:31.824	0.93902	0.93924			6
2025.03.03	01:00:32.128	0.93900	0.93925			6
2025.03.03	01:00:32.435	0.93904				2
2025.03.03	01:00:33.174	0.93903	0.93922			6
2025.03.03	01:00:33.486		0.93923			4
2025.03.03	01:00:34.111	0.93904	0.93921			6
2025.03.03	01:00:34.492	0.93903				2
2025.03.03	01:00:34.893	0.93904				2
2025.03.03	01:00:35.269		0.93922			4
2025.03.03	01:00:35.610		0.93920			4
2025.03.03	01:00:35.986	0.93903	0.93923			6
2025.03.03	01:00:36.287	0.93904				2
2025.03.03	01:00:36.935	0.93903				2
2025.03.03	01:00:38.794	0.93904	0.93924			6
2025.03.03	01:00:39.308		0.93923			4
2025.03.03	01:00:39.805	0.93903	0.93931			6
2025.03.03	01:00:40.107	0.93907	0.93929			6
2025.03.03	01:00:40.561	0.93905	0.93917			6
2025.03.03	01:00:40.893		0.93918			4
2025.03.03	01:00:41.971		0.93917			4
2025.03.03	01:00:42.316	0.93904	0.93919			6
2025.03.03	01:00:42.624	0.93905				2
2025.03.03	01:00:43.348		0.93938			4
2025.03.03	01:00:46.581	0.93907				2
2025.03.03	01:00:46.996		0.93941			4
2025.03.03	01:00:47.326		0.93937			4
2025.03.03	01:00:47.841		0.93933			4
2025.03.03	01:00:48.200		0.93937			4
2025.03.03	01:00:48.505		0.93935			4
2025.03.03	01:00:48.810	0.93902	0.93944			6
2025.03.03	01:00:49.129	0.93900				2
2025.03.03	01:00:49.445	0.93901	0.93945			6
2025.03.03	01:00:49.752	0.93903	0.93944			6
2025.03.03	01:00:50.088		0.93946			4
2025.03.03	01:00:50.405	0.93900	0.93955			6
2025.03.03	01:00:50.719		0.93954			4
2025.03.03	01:00:51.102		0.93955			4
2025.03.03	01:00:51.433		0.93958			4
2025.03.03	01:00:52.116		0.93961			4
2025.03.03	01:00:52.867		0.93957			4
2025.03.03	01:00:54.443	0.93903	0.93958			6
2025.03.03	01:00:57.379		0.93955			4
2025.03.03	01:00:57.691	0.93900	0.93940			6
2025.03.03	01:00:58.389		0.93943			4
2025.03.03	01:00:58.705	0.93899	0.93945			6
2025.03.03	01:00:59.156	0.93900	0.93944			6
2025.03.03	01:00:59.494	0.93899				2
2025.03.03	01:01:00.314	0.93899	0.93942			6
2025.03.03	01:01:00.631	0.93901				2
2025.03.03	01:01:01.394	0.93900				2
2025.03.03	01:01:02.807	0.93901	0.93940			6
2025.03.03	01:01:04.890	0.93898	0.93939			6
2025.03.03	01:01:05.242	0.93903				2
2025.03.03	01:01:06.719	0.93900				2
2025.03.03	01:01:07.663	0.93903	0.93941			6
2025.03.03	01:01:10.774	0.93902	0.93939			6
2025.03.03	01:01:11.086	0.93901	0.93934			6
2025.03.03	01:01:12.036	0.93907	0.93923			6
2025.03.03	01:01:12.347	0.93897	0.93928			6
2025.03.03	01:01:12.711	0.93901				2
2025.03.03	01:01:14.518		0.93929			4
2025.03.03	01:01:16.109	0.93902	0.93930			6
2025.03.03	01:01:16.851		0.93929			4
2025.03.03	01:01:17.599		0.93930			4
2025.03.03	01:01:18.906	0.93903	0.93929			6
2025.03.03	01:01:20.226		0.93930			4
2025.03.03	01:01:20.537	0.93902				2
2025.03.03	01:01:20.889	0.93903				2
2025.03.03	01:01:21.996	0.93902	0.93929			6
2025.03.03	01:01:22.301	0.93907	0.93937			6
2025.03.03	01:01:22.606	0.93906				2
2025.03.03	01:01:22.912		0.93936			4
2025.03.03	01:01:24.287	0.93907	0.93959			6
2025.03.03	01:01:25.002	0.93908	0.93941			6
2025.03.03	01:01:25.706	0.93907				2
2025.03.03	01:01:27.361		0.93940			4
2025.03.03	01:01:27.675		0.93941			4
2025.03.03	01:01:28.268		0.93940			4
2025.03.03	01:01:28.570	0.93908	0.93941			6
2025.03.03	01:01:29.298	0.93910	0.93942			6
2025.03.03	01:01:29.607		0.93940			4
2025.03.03	01:01:30.752	0.93912	0.93938			6
2025.03.03	01:01:31.176	0.93911				2
2025.03.03	01:01:31.491	0.93912				2
2025.03.03	01:01:31.883		0.93939			4
2025.03.03	01:01:32.664	0.93910	0.93942			6
2025.03.03	01:01:32.979	0.93909				2
2025.03.03	01:01:33.294	0.93911				2
2025.03.03	01:01:34.291	0.93909				2
2025.03.03	01:01:34.612		0.93940			4
2025.03.03	01:01:34.920	0.93911				2
2025.03.03	01:01:36.710	0.93909	0.93941			6
2025.03.03	01:01:38.084	0.93911				2
2025.03.03	01:01:40.212		0.93944			4
2025.03.03	01:01:45.516	0.93912	0.93945			6
2025.03.03	01:01:47.218		0.93944			4
2025.03.03	01:01:47.832	0.93909	0.93947			6
2025.03.03	01:01:48.202	0.93910				2
2025.03.03	01:01:48.506	0.93911				2
2025.03.03	01:01:50.399		0.93946			4
2025.03.03	01:01:52.024	0.93909	0.93938			6
2025.03.03	01:01:52.396		0.93937			4
2025.03.03	01:01:57.815	0.93910				2
2025.03.03	01:02:00.181	0.93910	0.93938			6
2025.03.03	01:02:00.485	0.93911	0.93936			6
2025.03.03	01:02:01.403		0.93937			4
2025.03.03	01:02:01.707	0.93916	0.93944			6
2025.03.03	01:02:02.008	0.93909				2
2025.03.03	01:02:02.333	0.93910				2
2025.03.03	01:02:02.644	0.93917	0.93942			6
2025.03.03	01:02:04.706		0.93943			4
2025.03.03	01:02:05.009	0.93909	0.93942			6
2025.03.03	01:02:06.202		0.93941			4
2025.03.03	01:02:09.551		0.93947			4
2025.03.03	01:02:09.866	0.93907	0.93949			6
2025.03.03	01:02:10.182		0.93938			4
2025.03.03	01:02:10.629	0.93909	0.93939			6
2025.03.03	01:02:10.948		0.93937			4
2025.03.03	01:02:12.283	0.93907	0.93939			6
2025.03.03	01:02:12.595	0.93908	0.93936			6
2025.03.03	01:02:12.988	0.93907				2
2025.03.03	01:02:14.598		0.93934			4
2025.03.03	01:02:15.800	0.93901				2
2025.03.03	01:02:16.106	0.93904				2
2025.03.03	01:02:16.496	0.93901	0.93930			6
2025.03.03	01:02:16.824	0.93902	0.93929			6
2025.03.03	01:02:18.104	0.93904	0.93928			6
2025.03.03	01:02:18.498	0.93903				2
2025.03.03	01:02:18.857	0.93904				2
2025.03.03	01:02:19.245	0.93910	0.93933			6
2025.03.03	01:02:19.871	0.93911	0.93932			6
2025.03.03	01:02:20.296	0.93907	0.93929			6
2025.03.03	01:02:20.608		0.93928			4
2025.03.03	01:02:20.969	0.93901	0.93934			6
2025.03.03	01:02:21.274	0.93897				2
2025.03.03	01:02:21.645	0.93899	0.93931			6
2025.03.03	01:02:23.899	0.93909	0.93940			6
2025.03.03	01:02:24.205	0.93912	0.93939			6
2025.03.03	01:02:24.543		0.93938			4
2025.03.03	01:02:25.170		0.93936			4
2025.03.03	01:02:26.447		0.93937			4
2025.03.03	01:02:28.739	0.93911				2
2025.03.03	01:02:29.046	0.93912				2
2025.03.03	01:02:30.198	0.93911				2
2025.03.03	01:02:30.891	0.93912				2
2025.03.03	01:02:31.254		0.93936			4
2025.03.03	01:02:33.014	0.93910	0.93940			6
2025.03.03	01:02:33.362	0.93912	0.93941			6
2025.03.03	01:02:34.368	0.93911	0.93936			6
2025.03.03	01:02:35.296	0.93910				2
2025.03.03	01:02:37.521	0.93907				2
2025.03.03	01:02:38.543	0.93910				2
2025.03.03	01:02:39.856	0.93911				2
2025.03.03	01:02:40.857	0.93912				2
2025.03.03	01:02:42.345		0.93937			4
2025.03.03	01:02:43.287		0.93938			4
2025.03.03	01:02:43.777	0.93911				2
2025.03.03	01:02:44.306		0.93937			4
2025.03.03	01:02:46.800		0.93936			4
2025.03.03	01:02:47.901	0.93910				2
2025.03.03	01:02:53.192	0.93912	0.93934			6
2025.03.03	01:02:53.599		0.93932			4
2025.03.03	01:02:54.964		0.93931			4
2025.03.03	01:02:57.278		0.93933			4
2025.03.03	01:02:57.940		0.93942			4
2025.03.03	01:02:58.927		0.93933			4
2025.03.03	01:03:00.076	0.93912				2
2025.03.03	01:03:00.378		0.93935			4
2025.03.03	01:03:01.465		0.93936			4
2025.03.03	01:03:02.126		0.93931			4
2025.03.03	01:03:03.444		0.93934			4
2025.03.03	01:03:05.056		0.93931			4
2025.03.03	01:03:05.897		0.93936			4
2025.03.03	01:03:07.364		0.93930			4
2025.03.03	01:03:08.742		0.93931			4
2025.03.03	01:03:15.020		0.93930			4
2025.03.03	01:03:16.582		0.93931			4
2025.03.03	01:03:16.928		0.93932			4
2025.03.03	01:03:22.805		0.93931			4
2025.03.03	01:03:28.155	0.93911	0.93929			6
2025.03.03	01:03:28.722	0.93912	0.93933			6
2025.03.03	01:03:30.707		0.93932			4
2025.03.03	01:03:34.782		0.93933			4
2025.03.03	01:03:37.639		0.93932			4
2025.03.03	01:03:42.841		0.93929			4
2025.03.03	01:03:45.569		0.93932			4
2025.03.03	01:03:46.319		0.93929			4
2025.03.03	01:03:49.815		0.93930			4
2025.03.03	01:04:00.462	0.93912	0.93931			6
2025.03.03	01:04:01.436		0.93932			4
2025.03.03	01:04:03.880		0.93931			4
2025.03.03	01:04:05.162		0.93918			4
2025.03.03	01:04:05.456	0.93911	0.93917			6
2025.03.03	01:04:06.975	0.93909	0.93915			6
2025.03.03	01:04:07.279	0.93912	0.93930			6
2025.03.03	01:04:07.700		0.93931			4
2025.03.03	01:04:10.191	0.93906	0.93920			6
2025.03.03	01:04:12.227	0.93907				2
2025.03.03	01:04:14.988	0.93906	0.93914			6
2025.03.03	01:04:15.312		0.93918			4
2025.03.03	01:04:15.939	0.93907				2
2025.03.03	01:04:20.401	0.93905	0.93917			6
2025.03.03	01:04:20.706	0.93904	0.93916			6
2025.03.03	01:04:21.008	0.93905				2
2025.03.03	01:04:21.690		0.93917			4
2025.03.03	01:04:22.387		0.93916			4
2025.03.03	01:04:25.541	0.93902	0.93915			6
2025.03.03	01:04:26.710	0.93904	0.93914			6
2025.03.03	01:04:29.297	0.93902	0.93910			6
2025.03.03	01:04:31.749	0.93887	0.93912			6
2025.03.03	01:04:42.301		0.93910			4
2025.03.03	01:04:48.497		0.93906			4
2025.03.03	01:04:48.804		0.93908			4
2025.03.03	01:04:49.110		0.93910			4
2025.03.03	01:04:49.580		0.93909			4
2025.03.03	01:04:49.918		0.93908			4
2025.03.03	01:04:51.510		0.93910			4
2025.03.03	01:04:53.600		0.93914			4
2025.03.03	01:04:57.113		0.93915			4
2025.03.03	01:05:00.202	0.93887	0.93913			6
2025.03.03	01:05:01.160		0.93914			4
2025.03.03	01:05:05.045		0.93908			4
2025.03.03	01:05:05.432		0.93907			4
2025.03.03	01:05:06.224		0.93908			4
2025.03.03	01:05:06.542		0.93910			4
2025.03.03	01:05:07.475		0.93909			4
2025.03.03	01:05:08.154		0.93910			4
2025.03.03	01:05:13.071		0.93911			4
2025.03.03	01:05:18.295		0.93913			4
2025.03.03	01:05:18.606		0.93914			4
2025.03.03	01:05:20.869		0.93911			4
2025.03.03	01:05:21.805		0.93914			4
2025.03.03	01:05:22.697		0.93912			4
2025.03.03	01:05:23.443		0.93911			4
2025.03.03	01:05:25.576		0.93909			4
2025.03.03	01:05:26.116		0.93908			4
2025.03.03	01:05:26.848		0.93909			4
2025.03.03	01:05:27.243		0.93908			4
2025.03.03	01:05:29.633		0.93909			4
2025.03.03	01:05:30.033		0.93907			4
2025.03.03	01:05:31.506		0.93908			4
2025.03.03	01:05:34.549		0.93907			4
2025.03.03	01:05:38.398		0.93908			4
2025.03.03	01:05:39.275		0.93909			4
2025.03.03	01:05:39.888		0.93910			4
2025.03.03	01:05:41.023		0.93909			4
2025.03.03	01:05:46.255		0.93910			4
2025.03.03	01:05:56.344		0.93909			4
2025.03.03	01:05:57.770	0.93892	0.93913			6
2025.03.03	01:05:58.117		0.93912			4
2025.03.03	01:06:00.390	0.93892	0.93913			6
2025.03.03	01:06:08.344		0.93912			4
2025.03.03	01:06:09.694		0.93913			4
2025.03.03	01:06:12.228		0.93915			4
2025.03.03	01:06:14.909	0.93888	0.93912			6
2025.03.03	01:06:16.323		0.93910			4
2025.03.03	01:06:21.570		0.93911			4
2025.03.03	01:06:23.551		0.93910			4
2025.03.03	01:06:24.346		0.93912			4
2025.03.03	01:06:27.604		0.93911			4
2025.03.03	01:06:32.026		0.93912			4
2025.03.03	01:06:33.890	0.93897	0.93920			6
2025.03.03	01:06:34.223		0.93922			4
2025.03.03	01:06:40.362		0.93921			4
2025.03.03	01:06:43.874	0.93904	0.93925			6
2025.03.03	01:06:44.180	0.93912	0.93939			6
2025.03.03	01:06:46.857	0.93915	0.93941			6
2025.03.03	01:06:50.325		0.93940			4
2025.03.03	01:06:50.883	0.93913	0.93938			6
2025.03.03	01:06:56.017	0.93912	0.93935			6
2025.03.03	01:06:57.798		0.93934			4
2025.03.03	01:06:58.698	0.93907	0.93933			6
2025.03.03	01:07:00.358	0.93907	0.93931			6
2025.03.03	01:07:00.666		0.93933			4
2025.03.03	01:07:02.318		0.93932			4
2025.03.03	01:07:03.485	0.93903	0.93929			6
2025.03.03	01:07:03.790	0.93898	0.93925			6
2025.03.03	01:07:04.453		0.93924			4
2025.03.03	01:07:04.842	0.93913	0.93940			6
2025.03.03	01:07:05.147	0.93915	0.93941			6
2025.03.03	01:07:05.456		0.93940			4
2025.03.03	01:07:05.767		0.93942			4
2025.03.03	01:07:07.698		0.93941			4
2025.03.03	01:07:08.105		0.93942			4
2025.03.03	01:07:09.283	0.93922	0.93949			6
2025.03.03	01:07:14.583		0.93948			4
2025.03.03	01:07:17.574		0.93949			4
2025.03.03	01:07:22.364	0.93928	0.93950			6
2025.03.03	01:07:23.427	0.93925				2
2025.03.03	01:07:23.740	0.93928				2
2025.03.03	01:07:24.745		0.93951			4
2025.03.03	01:07:25.050	0.93924	0.93947			6
2025.03.03	01:07:25.684	0.93922	0.93946			6
2025.03.03	01:07:37.056	0.93908	0.93930			6
2025.03.03	01:07:37.376	0.93909				2
2025.03.03	01:07:37.807	0.93908				2
2025.03.03	01:07:38.266	0.93932	0.93956			6
2025.03.03	01:07:38.569	0.93934	0.93959			6
2025.03.03	01:07:39.430		0.93960			4
2025.03.03	01:07:40.018		0.93959			4
2025.03.03	01:07:41.029	0.93941	0.93965			6
2025.03.03	01:07:42.944		0.93964			4
2025.03.03	01:07:43.271	0.93939				2
2025.03.03	01:07:44.237		0.93965			4
2025.03.03	01:07:44.800		0.93963			4
2025.03.03	01:07:45.884		0.93964			4
2025.03.03	01:07:47.374		0.93965			4
2025.03.03	01:07:47.904		0.93964			4
2025.03.03	01:07:50.146	0.93937	0.93963			6
2025.03.03	01:07:54.264		0.93962			4
2025.03.03	01:07:57.796	0.93935				2
2025.03.03	01:07:59.485	0.93933	0.93958			6
2025.03.03	01:08:00.462	0.93935	0.93961			6
2025.03.03	01:08:01.196	0.93948	0.93973			6
2025.03.03	01:08:02.348		0.93974			4
2025.03.03	01:08:03.587	0.93942	0.93962			6
2025.03.03	01:08:04.668	0.93948	0.93974			6
2025.03.03	01:08:06.345	0.93952	0.93979			6
2025.03.03	01:08:06.647	0.93950	0.93974			6
2025.03.03	01:08:06.967	0.93948	0.93970			6
2025.03.03	01:08:07.995		0.93969			4
2025.03.03	01:08:09.635	0.93946	0.93968			6
2025.03.03	01:08:09.946		0.93966			4
2025.03.03	01:08:10.347	0.93945	0.93965			6
2025.03.03	01:08:10.708		0.93966			4
2025.03.03	01:08:15.635		0.93965			4
2025.03.03	01:08:16.056		0.93964			4
2025.03.03	01:08:16.805	0.93952	0.93973			6
2025.03.03	01:08:17.244	0.93955				2
2025.03.03	01:08:17.545	0.93952				2
2025.03.03	01:08:17.849	0.93953				2
2025.03.03	01:08:18.343	0.93951	0.93971			6
2025.03.03	01:08:18.658	0.93950				2
2025.03.03	01:08:18.969	0.93948	0.93972			6
2025.03.03	01:08:19.280		0.93971			4
2025.03.03	01:08:26.346		0.93969			4
2025.03.03	01:08:27.539		0.93967			4
2025.03.03	01:08:30.631		0.93968			4
2025.03.03	01:08:32.819		0.93970			4
2025.03.03	01:08:33.484		0.93971			4
2025.03.03	01:08:34.174		0.93972			4
2025.03.03	01:08:34.700	0.93949	0.93973			6
2025.03.03	01:08:36.236		0.93974			4
2025.03.03	01:08:37.996	0.93957	0.93979			6
2025.03.03	01:08:40.104		0.93980			4
2025.03.03	01:08:40.406		0.93979			4
2025.03.03	01:08:41.197		0.93978			4
2025.03.03	01:08:41.885	0.93948	0.93965			6
2025.03.03	01:08:42.207	0.93943	0.93967			6
2025.03.03	01:08:43.421	0.93948	0.93970			6
2025.03.03	01:08:44.203		0.93971			4
2025.03.03	01:08:45.313		0.93970			4
2025.03.03	01:08:48.823	0.93942	0.93966			6
2025.03.03	01:08:50.427		0.93965			4
2025.03.03	01:08:53.705		0.93966			4
2025.03.03	01:08:54.052		0.93964			4
2025.03.03	01:08:54.533	0.93954	0.93979			6
2025.03.03	01:08:54.908	0.93957	0.93982			6
2025.03.03	01:08:55.226		0.93979			4
2025.03.03	01:08:55.530		0.93980			4
2025.03.03	01:08:56.272	0.93958	0.93984			6
2025.03.03	01:08:57.083		0.93983			4
2025.03.03	01:08:58.044		0.93984			4
2025.03.03	01:08:59.598	0.93961	0.93986			6
2025.03.03	01:08:59.907		0.93985			4
2025.03.03	01:09:00.353	0.93962				2
2025.03.03	01:09:00.874	0.93963	0.93987			6
2025.03.03	01:09:01.210	0.93965	0.93989			6
2025.03.03	01:09:01.525		0.93988			4
2025.03.03	01:09:02.532	0.93964				2
2025.03.03	01:09:03.176	0.93961	0.93986			6
2025.03.03	01:09:03.792	0.93960				2
2025.03.03	01:09:04.693		0.93985			4
2025.03.03	01:09:06.198		0.93986			4
2025.03.03	01:09:06.756	0.93958	0.93983			6
2025.03.03	01:09:07.068	0.93966	0.93990			6
2025.03.03	01:09:07.387		0.93993			4
2025.03.03	01:09:07.703		0.93989			4
2025.03.03	01:09:08.346	0.93967	0.93990			6
2025.03.03	01:09:08.880	0.93966				2
2025.03.03	01:09:09.857	0.93967	0.93989			6
2025.03.03	01:09:10.169		0.93993			4
2025.03.03	01:09:10.499		0.93990			4
2025.03.03	01:09:10.874	0.93968				2
2025.03.03	01:09:11.298	0.93970	0.93993			6
2025.03.03	01:09:15.041	0.93975				2
2025.03.03	01:09:15.391	0.93973	0.93994			6
2025.03.03	01:09:16.423		0.93993			4
2025.03.03	01:09:16.725	0.93977	0.93997			6
2025.03.03	01:09:17.034	0.93978	0.93999			6
2025.03.03	01:09:21.671	0.93973	0.93993			6
2025.03.03	01:09:23.675	0.93972				2
2025.03.03	01:09:23.986	0.93971	0.93992			6
2025.03.03	01:09:24.326	0.93972	0.93991			6
2025.03.03	01:09:24.649	0.93973				2
2025.03.03	01:09:25.305	0.93971	0.93994			6
2025.03.03	01:09:25.627	0.93969	0.93987			6
2025.03.03	01:09:26.285	0.93970	0.93988			6
2025.03.03	01:09:26.905	0.93971	0.93992			6
2025.03.03	01:09:27.327	0.93973				2
2025.03.03	01:09:27.635	0.93974	0.93995			6
2025.03.03	01:09:27.954		0.93994			4
2025.03.03	01:09:28.880	0.93975	0.93993			6
2025.03.03	01:09:29.187	0.93972	0.93995			6
2025.03.03	01:09:29.913	0.93979				2
2025.03.03	01:09:30.226		0.93996			4
2025.03.03	01:09:30.581	0.93981				2
2025.03.03	01:09:31.424	0.93984	0.93997			6
2025.03.03	01:09:31.897	0.93985				2
2025.03.03	01:09:33.669	0.93990	0.94012			6
2025.03.03	01:09:36.662	0.93989				2
2025.03.03	01:09:36.969		0.94005			4
2025.03.03	01:09:38.413		0.94007			4
2025.03.03	01:09:38.725	0.93982	0.94004			6
2025.03.03	01:09:39.737	0.93985	0.94003			6
2025.03.03	01:09:40.075	0.93984				2
2025.03.03	01:09:43.600	0.93979				2
2025.03.03	01:09:43.909	0.93980	0.94004			6
2025.03.03	01:09:44.943	0.93979	0.93996			6
2025.03.03	01:09:45.275	0.93980	0.94004			6
2025.03.03	01:09:49.727	0.93981				2
2025.03.03	01:09:50.423	0.93980				2
2025.03.03	01:09:51.676	0.93979	0.94001			6
2025.03.03	01:09:51.987		0.94003			4
2025.03.03	01:09:52.324	0.93980	0.94004			6
2025.03.03	01:09:55.021	0.93981	0.94003			6
2025.03.03	01:09:56.138	0.93982	0.94002			6
2025.03.03	01:09:56.447	0.93980	0.94005			6
2025.03.03	01:09:57.125	0.93982	0.94002			6
2025.03.03	01:09:57.437	0.93981	0.94004			6
2025.03.03	01:09:57.749	0.93979	0.94003			6
2025.03.03	01:09:58.475	0.93980	0.94002			6
2025.03.03	01:09:59.898	0.93981				2
2025.03.03	01:10:00.432	0.93981				2
2025.03.03	01:10:01.153	0.93980	0.94003			6
2025.03.03	01:10:02.252	0.93979	0.94002			6
2025.03.03	01:10:02.574		0.94000			4
2025.03.03	01:10:02.886		0.94003			4
2025.03.03	01:10:03.648	0.93976	0.93993			6
2025.03.03	01:10:05.931	0.93982	0.93999			6
2025.03.03	01:10:06.286		0.94004			4
2025.03.03	01:10:06.589		0.94003			4
2025.03.03	01:10:07.591	0.93985	0.94001			6
2025.03.03	01:10:07.905	0.93988	0.94005			6
2025.03.03	01:10:08.234	0.93984	0.94004			6
2025.03.03	01:10:08.548	0.93983	0.94003			6
2025.03.03	01:10:08.854		0.94002			4
2025.03.03	01:10:09.655		0.94003			4
2025.03.03	01:10:10.397		0.94002			4
2025.03.03	01:10:15.999	0.93975	0.93992			6
2025.03.03	01:10:16.307	0.93973				2
2025.03.03	01:10:21.799		0.93993			4
2025.03.03	01:10:23.599		0.93992			4
2025.03.03	01:10:24.984	0.93972				2
2025.03.03	01:10:25.997		0.93993			4
2025.03.03	01:10:30.362	0.93966	0.93985			6
2025.03.03	01:10:30.667		0.93982			4
2025.03.03	01:10:32.599	0.93965				2
2025.03.03	01:10:38.430	0.93966	0.93983			6
2025.03.03	01:10:39.798	0.93965	0.93982			6
2025.03.03	01:10:41.156	0.93964	0.93983			6
2025.03.03	01:10:41.466	0.93963	0.93981			6
2025.03.03	01:10:42.577	0.93962	0.93982			6
2025.03.03	01:10:43.057		0.93980			4
2025.03.03	01:10:44.344		0.93984			4
2025.03.03	01:10:44.655	0.93961	0.93981			6
2025.03.03	01:10:46.698		0.93980			4
2025.03.03	01:10:49.998		0.93981			4
2025.03.03	01:10:50.898		0.93980			4
2025.03.03	01:10:54.200		0.93981			4
2025.03.03	01:10:56.252	0.93963				2
2025.03.03	01:10:56.611	0.93967	0.93985			6
2025.03.03	01:10:57.601	0.93969	0.93992			6
2025.03.03	01:10:59.332	0.93966	0.93987			6
2025.03.03	01:11:00.159	0.93966	0.93986			6
2025.03.03	01:11:00.490	0.93967	0.93990			6
2025.03.03	01:11:00.933	0.93969	0.93992			6
2025.03.03	01:11:01.591		0.93991			4
2025.03.03	01:11:01.896	0.93968	0.93992			6
2025.03.03	01:11:02.277		0.93991			4
2025.03.03	01:11:03.516	0.93972				2
2025.03.03	01:11:04.664	0.93973	0.93992			6
2025.03.03	01:11:07.398	0.93971	0.93993			6
2025.03.03	01:11:07.730	0.93969				2
2025.03.03	01:11:08.047	0.93968	0.93991			6
2025.03.03	01:11:08.442	0.93966	0.93990			6
2025.03.03	01:11:08.764	0.93967	0.93991			6
2025.03.03	01:11:10.999	0.93969	0.93992			6
2025.03.03	01:11:11.598	0.93970	0.93993			6
2025.03.03	01:11:14.001		0.93994			4
2025.03.03	01:11:16.405		0.93992			4
2025.03.03	01:11:16.818		0.93991			4
2025.03.03	01:11:17.144		0.93993			4
2025.03.03	01:11:17.948		0.93991			4
2025.03.03	01:11:19.042	0.93966	0.93983			6
2025.03.03	01:11:19.343		0.93984			4
2025.03.03	01:11:20.356	0.93962	0.93983			6
2025.03.03	01:11:28.304	0.93963	0.93982			6
2025.03.03	01:11:28.686	0.93961				2
2025.03.03	01:11:31.017	0.93960				2
2025.03.03	01:11:32.014	0.93958	0.93981			6
2025.03.03	01:11:33.563		0.93982			4
2025.03.03	01:11:34.419	0.93960	0.93981			6
2025.03.03	01:11:34.812		0.93984			4
2025.03.03	01:11:36.131		0.93983			4
2025.03.03	01:11:36.457	0.93966	0.93982			6
2025.03.03	01:11:36.767		0.93986			4
2025.03.03	01:11:37.081	0.93968	0.93992			6
2025.03.03	01:11:37.385		0.93991			4
2025.03.03	01:11:39.828	0.93969	0.93993			6
2025.03.03	01:11:41.268	0.93964	0.93987			6
2025.03.03	01:11:41.598		0.93984			4
2025.03.03	01:11:43.752	0.93966	0.93983			6
2025.03.03	01:11:44.132	0.93967	0.93986			6
2025.03.03	01:11:44.890	0.93964	0.93984			6
2025.03.03	01:11:47.674	0.93965	0.93985			6
2025.03.03	01:11:48.201		0.93986			4
2025.03.03	01:11:51.724	0.93964	0.93987			6
2025.03.03	01:11:52.377	0.93965	0.93985			6
2025.03.03	01:11:53.079	0.93963				2
2025.03.03	01:11:53.386	0.93965	0.93983			6
2025.03.03	01:11:54.275	0.93963				2
2025.03.03	01:11:55.017		0.93982			4
2025.03.03	01:11:56.898	0.93964	0.93983			6
2025.03.03	01:11:58.698		0.93982			4
2025.03.03	01:12:00.082	0.93964				2
2025.03.03	01:12:00.475	0.93965				2
2025.03.03	01:12:01.674		0.93983			4
2025.03.03	01:12:02.000	0.93964	0.93982			6
2025.03.03	01:12:02.661		0.93981			4
2025.03.03	01:12:05.449		0.93982			4
2025.03.03	01:12:06.833	0.93963				2
2025.03.03	01:12:08.521	0.93965	0.93981			6
2025.03.03	01:12:09.801	0.93964	0.93980			6
2025.03.03	01:12:10.570		0.93982			4
2025.03.03	01:12:12.302	0.93968	0.93988			6
2025.03.03	01:12:12.606	0.93969	0.93989			6
2025.03.03	01:12:12.929		0.93991			4
2025.03.03	01:12:13.330	0.93968	0.93985			6
2025.03.03	01:12:13.654	0.93969	0.93987			6
2025.03.03	01:12:14.412		0.93988			4
2025.03.03	01:12:14.913	0.93968	0.93987			6
2025.03.03	01:12:15.342	0.93967	0.93986			6
2025.03.03	01:12:16.098		0.93989			4
2025.03.03	01:12:18.183	0.93968	0.93988			6
2025.03.03	01:12:18.607	0.93967	0.93987			6
2025.03.03	01:12:19.099	0.93966				2
2025.03.03	01:12:19.409	0.93967	0.93989			6
2025.03.03	01:12:24.797	0.93968				2
2025.03.03	01:12:30.199	0.93967				2
2025.03.03	01:12:30.962		0.93991			4
2025.03.03	01:12:31.459	0.93969	0.93992			6
2025.03.03	01:12:31.766	0.93970	0.93994			6
2025.03.03	01:12:32.068		0.93993			4
2025.03.03	01:12:32.598	0.93972	0.93994			6
2025.03.03	01:12:32.905		0.93993			4
2025.03.03	01:12:33.781	0.93971	0.93994			6
2025.03.03	01:12:34.605		0.93992			4
2025.03.03	01:12:34.928	0.93966	0.93989			6
2025.03.03	01:12:36.498	0.93969				2
2025.03.03	01:12:38.359		0.93988			4
2025.03.03	01:12:39.065	0.93970	0.93989			6
2025.03.03	01:12:39.368		0.93991			4
2025.03.03	01:12:40.641	0.93969				2
2025.03.03	01:12:41.328	0.93971				2
2025.03.03	01:12:42.821	0.93972	0.93994			6
2025.03.03	01:12:44.716		0.93993			4
2025.03.03	01:12:56.982	0.93970	0.93992			6
2025.03.03	01:12:57.286		0.93994			4
2025.03.03	01:12:57.642	0.93972				2
2025.03.03	01:12:58.097		0.93993			4
2025.03.03	01:13:00.116	0.93970	0.93988			6
2025.03.03	01:13:00.420		0.93992			4
2025.03.03	01:13:00.790		0.93993			4
2025.03.03	01:13:01.149	0.93971				2
2025.03.03	01:13:02.180	0.93970				2
2025.03.03	01:13:02.956		0.93992			4
2025.03.03	01:13:03.352		0.93993			4
2025.03.03	01:13:03.752	0.93966	0.93986			6
2025.03.03	01:13:04.065	0.93965	0.93989			6
2025.03.03	01:13:04.387	0.93964	0.93987			6
2025.03.03	01:13:04.726	0.93963	0.93982			6
2025.03.03	01:13:05.217	0.93964	0.93983			6
2025.03.03	01:13:05.854		0.93982			4
2025.03.03	01:13:06.741	0.93963				2
2025.03.03	01:13:07.527		0.93985			4
2025.03.03	01:13:08.281	0.93964	0.93983			6
2025.03.03	01:13:09.923		0.93982			4
2025.03.03	01:13:14.149	0.93961	0.93984			6
2025.03.03	01:13:16.513	0.93964	0.93982			6
2025.03.03	01:13:17.357	0.93966	0.93981			6
2025.03.03	01:13:17.669	0.93969	0.93992			6
2025.03.03	01:13:18.036	0.93967	0.93990			6
2025.03.03	01:13:18.655	0.93970				2
2025.03.03	01:13:19.725	0.93972	0.93989			6
2025.03.03	01:13:20.025	0.93970				2
2025.03.03	01:13:20.361	0.93971	0.93993			6
2025.03.03	01:13:20.665	0.93976	0.93991			6
2025.03.03	01:13:21.813	0.93975	0.93992			6
2025.03.03	01:13:23.114	0.93973				2
2025.03.03	01:13:23.684	0.93974	0.93993			6
2025.03.03	01:13:24.154		0.93994			4
2025.03.03	01:13:25.398	0.93971				2
2025.03.03	01:13:26.945	0.93973				2
2025.03.03	01:13:28.020	0.93974				2
2025.03.03	01:13:31.098	0.93973				2
2025.03.03	01:13:31.401	0.93971	0.93992			6
2025.03.03	01:13:32.050	0.93970				2
2025.03.03	01:13:32.375		0.93990			4
2025.03.03	01:13:33.859		0.93992			4
2025.03.03	01:13:36.572	0.93971				2
2025.03.03	01:13:41.753	0.93972	0.93993			6
2025.03.03	01:13:45.497		0.93994			4
2025.03.03	01:13:48.197		0.93993			4
2025.03.03	01:13:49.302	0.93969	0.93990			6
2025.03.03	01:13:51.087	0.93976	0.93992			6
2025.03.03	01:13:54.624	0.93973				2
2025.03.03	01:13:55.067	0.93972	0.93993			6
2025.03.03	01:13:55.375	0.93976				2
2025.03.03	01:13:56.204	0.93972				2
2025.03.03	01:13:56.912	0.93976	0.93991			6
2025.03.03	01:13:57.464	0.93975	0.93990			6
2025.03.03	01:13:57.962	0.93976	0.93991			6
2025.03.03	01:13:58.277	0.93978				2
2025.03.03	01:13:58.962	0.93976				2
2025.03.03	01:13:59.599	0.93978	0.93992			6
2025.03.03	01:14:00.357	0.93979	0.93999			6
2025.03.03	01:14:00.720	0.93980	0.94001			6
2025.03.03	01:14:01.398		0.94000			4
2025.03.03	01:14:01.784	0.93978				2
2025.03.03	01:14:02.298	0.93980				2
2025.03.03	01:14:04.886	0.93979				2
2025.03.03	01:14:05.212		0.93999			4
2025.03.03	01:14:05.793		0.93998			4
2025.03.03	01:14:06.797		0.93999			4
2025.03.03	01:14:07.216	0.93975	0.93993			6
2025.03.03	01:14:08.099	0.93976				2
2025.03.03	01:14:08.899		0.93994			4
2025.03.03	01:14:11.417	0.93972				2
2025.03.03	01:14:11.727	0.93970				2
2025.03.03	01:14:14.590	0.93969	0.93993			6
2025.03.03	01:14:14.912		0.93991			4
2025.03.03	01:14:18.963	0.93974	0.93989			6
2025.03.03	01:14:19.296		0.93992			4
2025.03.03	01:14:19.616	0.93979	0.93998			6
2025.03.03	01:14:19.999		0.94000			4
2025.03.03	01:14:20.357	0.93978				2
2025.03.03	01:14:20.667		0.93999			4
2025.03.03	01:14:22.064	0.93977				2
2025.03.03	01:14:22.404		0.93998			4
2025.03.03	01:14:22.818	0.93978				2
2025.03.03	01:14:23.808	0.93980	0.94000			6
2025.03.03	01:14:24.197	0.93982	0.93999			6
2025.03.03	01:14:24.506	0.93980	0.94000			6
2025.03.03	01:14:25.997		0.94001			4
2025.03.03	01:14:27.199	0.93977	0.93999			6
2025.03.03	01:14:27.596		0.93990			4
2025.03.03	01:14:27.917		0.93992			4
2025.03.03	01:14:31.205	0.93980	0.94000			6
2025.03.03	01:14:32.931		0.94001			4
2025.03.03	01:14:33.297	0.93983	0.93998			6
2025.03.03	01:14:37.697		0.93999			4
2025.03.03	01:14:40.248	0.93982	0.94000			6
2025.03.03	01:14:42.346	0.93981				2
2025.03.03	01:14:52.485	0.93978				2
2025.03.03	01:14:52.796		0.94002			4
2025.03.03	01:14:53.235	0.93981	0.94001			6
2025.03.03	01:14:54.355	0.93982	0.94002			6
2025.03.03	01:14:57.499		0.94003			4
2025.03.03	01:15:00.376	0.93981	0.94002			6
2025.03.03	01:15:01.209	0.93982				2
2025.03.03	01:15:01.516	0.93981				2
2025.03.03	01:15:01.855		0.94003			4
2025.03.03	01:15:02.943	0.93980	0.94001			6
2025.03.03	01:15:03.331		0.94000			4
2025.03.03	01:15:03.640	0.93983	0.94003			6
2025.03.03	01:15:06.302	0.93984	0.94000			6
2025.03.03	01:15:06.764	0.93986	0.94001			6
2025.03.03	01:15:09.552	0.93980	0.93997			6
2025.03.03	01:15:09.866	0.93979				2
2025.03.03	01:15:10.424	0.93980				2
2025.03.03	01:15:10.760	0.93977	0.93995			6
2025.03.03	01:15:18.101	0.93978	0.93996			6
2025.03.03	01:15:18.418	0.93979	0.93997			6
2025.03.03	01:15:23.574		0.93996			4
2025.03.03	01:15:24.197	0.93978				2
2025.03.03	01:15:26.746	0.93977				2
2025.03.03	01:15:27.074	0.93978	0.93995			6
2025.03.03	01:15:32.095	0.93977				2
2025.03.03	01:15:32.429		0.93994			4
2025.03.03	01:15:35.176	0.93976				2
2025.03.03	01:15:35.894	0.93975	0.93992			6
2025.03.03	01:15:36.195	0.93976				2
2025.03.03	01:15:36.757	0.93973	0.93990			6
2025.03.03	01:15:37.382		0.93991			4
2025.03.03	01:15:39.026		0.93990			4
2025.03.03	01:15:40.641		0.93991			4
2025.03.03	01:15:46.624	0.93971	0.93989			6
2025.03.03	01:15:48.357	0.93972	0.93990			6
2025.03.03	01:15:49.596	0.93973				2
2025.03.03	01:15:53.292	0.93972				2
2025.03.03	01:15:53.606	0.93971	0.93988			6
2025.03.03	01:15:55.311		0.93990			4
2025.03.03	01:15:56.155	0.93972				2
2025.03.03	01:15:57.500	0.93971	0.93989			6
2025.03.03	01:15:57.826	0.93972	0.93990			6
2025.03.03	01:15:59.758	0.93973	0.93991			6
2025.03.03	01:16:00.130	0.93973				2
2025.03.03	01:16:00.462	0.93974				2
2025.03.03	01:16:01.997	0.93975				2
2025.03.03	01:16:04.588	0.93973				2
2025.03.03	01:16:05.900	0.93974				2
2025.03.03	01:16:06.215	0.93973				2
2025.03.03	01:16:06.663	0.93972	0.93990			6
2025.03.03	01:16:08.289	0.93974	0.93991			6
2025.03.03	01:16:09.319	0.93979				2
2025.03.03	01:16:09.821	0.93977	0.93990			6
2025.03.03	01:16:10.158	0.93978				2
2025.03.03	01:16:13.894	0.93977	0.93989			6
2025.03.03	01:16:14.353	0.93973	0.93985			6
2025.03.03	01:16:14.708	0.93975	0.93987			6
2025.03.03	01:16:15.100		0.93986			4
2025.03.03	01:16:15.925	0.93974				2
2025.03.03	01:16:16.236	0.93973				2
2025.03.03	01:16:16.576	0.93974				2
2025.03.03	01:16:20.703	0.93967	0.93985			6
2025.03.03	01:16:21.455	0.93974				2
2025.03.03	01:16:23.182	0.93976	0.93986			6
2025.03.03	01:16:23.598	0.93975	0.93985			6
2025.03.03	01:16:25.334		0.93983			4
2025.03.03	01:16:25.653	0.93974				2
2025.03.03	01:16:27.794	0.93975	0.93982			6
2025.03.03	01:16:28.109	0.93974				2
2025.03.03	01:16:29.134	0.93975				2
2025.03.03	01:16:31.503	0.93977	0.93987			6
2025.03.03	01:16:37.698		0.93988			4
2025.03.03	01:16:44.908	0.93976				2
2025.03.03	01:16:45.697		0.93987			4
2025.03.03	01:16:46.006	0.93977				2
2025.03.03	01:16:52.502	0.93976				2
2025.03.03	01:16:53.225	0.93977	0.93988			6
2025.03.03	01:16:53.537	0.93979				2
2025.03.03	01:16:55.256	0.93978				2
2025.03.03	01:16:55.671	0.93979				2
2025.03.03	01:16:56.043	0.93978				2
2025.03.03	01:16:56.383	0.93979	0.93987			6
2025.03.03	01:16:56.704	0.93978				2
2025.03.03	01:17:00.187	0.93978				2
2025.03.03	01:17:00.506	0.93976	0.93985			6
2025.03.03	01:17:01.847	0.93974				2
2025.03.03	01:17:03.511	0.93975	0.93984			6
2025.03.03	01:17:03.842	0.93974				2
2025.03.03	01:17:05.846	0.93975				2
2025.03.03	01:17:06.476	0.93974				2
2025.03.03	01:17:06.798	0.93975				2
2025.03.03	01:17:07.101	0.93974				2
2025.03.03	01:17:11.860		0.93985			4
2025.03.03	01:17:20.643	0.93973				2
2025.03.03	01:17:21.139	0.93974				2
2025.03.03	01:17:24.324	0.93973				2
2025.03.03	01:17:24.685	0.93969	0.93980			6
2025.03.03	01:17:25.069		0.93981			4
2025.03.03	01:17:25.392	0.93968				2
2025.03.03	01:17:27.057	0.93969				2
2025.03.03	01:17:27.427	0.93968	0.93980			6
2025.03.03	01:17:29.898	0.93969				2
2025.03.03	01:17:30.305	0.93968				2
2025.03.03	01:17:32.817	0.93969				2
2025.03.03	01:17:33.326	0.93968				2
2025.03.03	01:17:35.001	0.93969	0.93981			6
2025.03.03	01:17:35.414	0.93968				2
2025.03.03	01:17:39.074	0.93969				2
2025.03.03	01:17:39.846	0.93968	0.93980			6
2025.03.03	01:17:45.922	0.93969				2
2025.03.03	01:17:46.693		0.93981			4
2025.03.03	01:17:48.683	0.93968	0.93980			6
2025.03.03	01:17:48.992	0.93969				2
2025.03.03	01:17:52.314	0.93967	0.93978			6
2025.03.03	01:17:53.912	0.93966				2
2025.03.03	01:17:56.091	0.93964	0.93977			6
2025.03.03	01:17:56.611	0.93963	0.93973			6
2025.03.03	01:17:56.921	0.93961				2
2025.03.03	01:18:00.467	0.93961				2
2025.03.03	01:18:04.401	0.93963	0.93974			6
2025.03.03	01:18:05.480		0.93975			4
2025.03.03	01:18:06.337		0.93974			4
2025.03.03	01:18:07.564		0.93975			4
2025.03.03	01:18:09.341	0.93962				2
2025.03.03	01:18:09.646		0.93974			4
2025.03.03	01:18:10.326		0.93975			4
2025.03.03	01:18:11.114	0.93963				2
2025.03.03	01:18:12.500	0.93964				2
2025.03.03	01:18:12.872	0.93963				2
2025.03.03	01:18:13.723	0.93960	0.93972			6
2025.03.03	01:18:14.113	0.93961				2
2025.03.03	01:18:16.697	0.93964	0.93974			6
2025.03.03	01:18:17.008		0.93976			4
2025.03.03	01:18:22.324	0.93963				2
2025.03.03	01:18:23.562	0.93967	0.93978			6
2025.03.03	01:18:24.189	0.93966				2
2025.03.03	01:18:24.564	0.93967				2
2025.03.03	01:18:24.912	0.93966				2
2025.03.03	01:18:25.525	0.93967				2
2025.03.03	01:18:28.712		0.93979			4
2025.03.03	01:18:32.924		0.93978			4
2025.03.03	01:18:34.655	0.93969	0.93981			6
2025.03.03	01:18:37.699	0.93968				2
2025.03.03	01:18:40.425	0.93967	0.93979			6
2025.03.03	01:18:41.602	0.93966				2
2025.03.03	01:18:42.354	0.93967				2
2025.03.03	01:18:44.729	0.93966				2
2025.03.03	01:18:47.451	0.93965				2
2025.03.03	01:18:48.755	0.93966				2
2025.03.03	01:18:49.655	0.93965				2
2025.03.03	01:18:50.000		0.93978			4
2025.03.03	01:18:51.153		0.93977			4
2025.03.03	01:18:52.255		0.93978			4
2025.03.03	01:18:54.518		0.93976			4
2025.03.03	01:18:54.820	0.93964				2
2025.03.03	01:18:55.165	0.93965				2
2025.03.03	01:18:55.532	0.93964				2
2025.03.03	01:18:55.956	0.93965				2
2025.03.03	01:18:58.720	0.93964				2
2025.03.03	01:18:59.173	0.93965				2
2025.03.03	01:18:59.475	0.93964				2
2025.03.03	01:19:00.368	0.93964				2
2025.03.03	01:19:03.688		0.93978			4
2025.03.03	01:19:04.550		0.93977			4
2025.03.03	01:19:06.373		0.93978			4
2025.03.03	01:19:06.722		0.93977			4
2025.03.03	01:19:08.403		0.93978			4
2025.03.03	01:19:08.738	0.93965				2
2025.03.03	01:19:09.918	0.93964				2
2025.03.03	01:19:11.185		0.93977			4
2025.03.03	01:19:11.636		0.93978			4
2025.03.03	01:19:12.833		0.93976			4
2025.03.03	01:19:13.404	0.93963	0.93978			6
2025.03.03	01:19:13.709		0.93976			4
2025.03.03	01:19:14.538	0.93964				2
2025.03.03	01:19:15.064	0.93963	0.93977			6
2025.03.03	01:19:15.368	0.93964	0.93976			6
2025.03.03	01:19:16.595	0.93963	0.93977			6
2025.03.03	01:19:17.855	0.93964				2
2025.03.03	01:19:18.239		0.93975			4
2025.03.03	01:19:19.910	0.93963				2
2025.03.03	01:19:20.898	0.93964				2
2025.03.03	01:19:22.128	0.93963				2
2025.03.03	01:19:24.493	0.93967	0.93978			6
2025.03.03	01:19:24.834	0.93965				2
2025.03.03	01:19:25.211		0.93977			4
2025.03.03	01:19:28.349		0.93978			4
2025.03.03	01:19:28.718	0.93963	0.93976			6
2025.03.03	01:19:29.069	0.93962				2
2025.03.03	01:19:30.370	0.93964				2
2025.03.03	01:19:31.521	0.93963				2
2025.03.03	01:19:33.966	0.93961	0.93973			6
2025.03.03	01:19:34.722	0.93962				2
2025.03.03	01:19:36.578		0.93974			4
2025.03.03	01:19:37.060	0.93964				2
2025.03.03	01:19:37.366		0.93976			4
2025.03.03	01:19:37.782	0.93965				2
2025.03.03	01:19:38.371	0.93964				2
2025.03.03	01:19:40.208	0.93963	0.93975			6
2025.03.03	01:19:40.522	0.93962				2
2025.03.03	01:19:40.944	0.93961				2
2025.03.03	01:19:41.248	0.93962	0.93973			6
2025.03.03	01:19:42.830		0.93974			4
2025.03.03	01:19:43.280	0.93961	0.93973			6
2025.03.03	01:19:43.660	0.93963	0.93974			6
2025.03.03	01:19:44.029	0.93961	0.93973			6
2025.03.03	01:19:45.209	0.93963	0.93976			6
2025.03.03	01:19:46.097	0.93962	0.93974			6
2025.03.03	01:19:47.797		0.93973			4
2025.03.03	01:19:50.929	0.93963	0.93974			6
2025.03.03	01:19:55.302	0.93964	0.93975			6
2025.03.03	01:19:56.604		0.93976			4
2025.03.03	01:19:57.500		0.93975			4
2025.03.03	01:20:00.425	0.93963	0.93976			6
2025.03.03	01:20:00.747		0.93975			4
2025.03.03	01:20:01.183		0.93976			4
2025.03.03	01:20:01.786	0.93964				2
2025.03.03	01:20:02.869	0.93965	0.93977			6
2025.03.03	01:20:03.381	0.93964				2
2025.03.03	01:20:03.686	0.93965				2
2025.03.03	01:20:04.096		0.93976			4
2025.03.03	01:20:05.304	0.93964				2
2025.03.03	01:20:05.607	0.93963				2
2025.03.03	01:20:08.194		0.93975			4
2025.03.03	01:20:22.880	0.93962	0.93972			6
2025.03.03	01:20:23.297		0.93973			4
2025.03.03	01:20:23.953	0.93963				2
2025.03.03	01:20:24.674		0.93975			4
2025.03.03	01:20:25.626		0.93974			4
2025.03.03	01:20:28.176	0.93964				2
2025.03.03	01:20:28.815	0.93961	0.93972			6
2025.03.03	01:20:29.457	0.93960				2
2025.03.03	01:20:29.940	0.93961	0.93973			6
2025.03.03	01:20:30.609	0.93964	0.93975			6
2025.03.03	01:20:32.656		0.93974			4
2025.03.03	01:20:33.119	0.93963				2
2025.03.03	01:20:33.433	0.93964	0.93973			6
2025.03.03	01:20:33.796		0.93974			4
2025.03.03	01:20:34.417	0.93962	0.93972			6
2025.03.03	01:20:35.100	0.93961	0.93971			6
2025.03.03	01:20:35.410	0.93959	0.93970			6
2025.03.03	01:20:36.598	0.93960				2
2025.03.03	01:20:39.222		0.93971			4
2025.03.03	01:20:39.840	0.93961	0.93972			6
2025.03.03	01:20:40.242	0.93960				2
2025.03.03	01:20:40.697		0.93971			4
2025.03.03	01:20:41.303		0.93969			4
2025.03.03	01:20:41.606		0.93971			4
2025.03.03	01:20:47.356	0.93959	0.93970			6
2025.03.03	01:20:47.674	0.93960	0.93971			6
2025.03.03	01:20:48.747		0.93972			4
2025.03.03	01:20:51.654		0.93971			4
2025.03.03	01:20:52.001	0.93961	0.93972			6
2025.03.03	01:20:52.643	0.93960	0.93971			6
2025.03.03	01:20:53.069	0.93961				2
2025.03.03	01:20:53.373		0.93972			4
2025.03.03	01:20:53.692		0.93971			4
2025.03.03	01:20:53.997	0.93959	0.93970			6
2025.03.03	01:21:00.426	0.93960				2
2025.03.03	01:21:01.581	0.93961	0.93972			6
2025.03.03	01:21:02.551	0.93959	0.93971			6
2025.03.03	01:21:03.722	0.93961	0.93972			6
2025.03.03	01:21:04.744	0.93962				2
2025.03.03	01:21:05.060	0.93966	0.93977			6
2025.03.03	01:21:08.097	0.93965				2
2025.03.03	01:21:08.892	0.93966				2
2025.03.03	01:21:09.232	0.93967	0.93978			6
2025.03.03	01:21:10.352	0.93968				2
2025.03.03	01:21:11.187	0.93967				2
2025.03.03	01:21:12.724	0.93970	0.93980			6
2025.03.03	01:21:13.025	0.93969	0.93981			6
2025.03.03	01:21:13.898	0.93970				2
2025.03.03	01:21:17.244	0.93969	0.93980			6
2025.03.03	01:21:17.998	0.93970				2
2025.03.03	01:21:20.294	0.93968				2
2025.03.03	01:21:20.606	0.93969				2
2025.03.03	01:21:20.908		0.93978			4
2025.03.03	01:21:21.214	0.93970	0.93980			6
2025.03.03	01:21:21.704	0.93969				2
2025.03.03	01:21:23.075	0.93972				2
2025.03.03	01:21:23.434		0.93981			4
2025.03.03	01:21:23.806	0.93973				2
2025.03.03	01:21:24.533	0.93972				2
2025.03.03	01:21:24.999		0.93982			4
2025.03.03	01:21:25.307	0.93971	0.93980			6
2025.03.03	01:21:25.756	0.93972	0.93982			6
2025.03.03	01:21:26.440	0.93971	0.93980			6
2025.03.03	01:21:26.847		0.93983			4
2025.03.03	01:21:27.471	0.93972	0.93982			6
2025.03.03	01:21:27.777		0.93980			4
2025.03.03	01:21:28.098	0.93971				2
2025.03.03	01:21:28.959	0.93972	0.93982			6
2025.03.03	01:21:29.266	0.93971				2
2025.03.03	01:21:30.064		0.93981			4
2025.03.03	01:21:33.745		0.93983			4
2025.03.03	01:21:34.150		0.93982			4
2025.03.03	01:21:34.675	0.93972				2
2025.03.03	01:21:40.600	0.93973	0.93981			6
2025.03.03	01:21:41.484	0.93972				2
2025.03.03	01:21:41.836	0.93971				2
2025.03.03	01:21:42.145	0.93975				2
2025.03.03	01:21:42.776	0.93974				2
2025.03.03	01:21:44.298	0.93973				2
2025.03.03	01:21:44.849	0.93974	0.93984			6
2025.03.03	01:21:45.797		0.93985			4
2025.03.03	01:21:46.131	0.93975	0.93986			6
2025.03.03	01:21:46.447		0.93984			4
2025.03.03	01:21:48.015	0.93979	0.93990			6
2025.03.03	01:21:48.328	0.93980	0.93989			6
2025.03.03	01:21:49.521	0.93982				2
2025.03.03	01:21:50.303	0.93981				2
2025.03.03	01:21:55.139	0.93977				2
2025.03.03	01:21:56.028	0.93980				2
2025.03.03	01:21:57.163	0.93979				2
2025.03.03	01:21:57.466	0.93981				2
2025.03.03	01:21:58.694	0.93982				2
2025.03.03	01:21:59.432	0.93981				2
2025.03.03	01:21:59.799	0.93985	0.93991			6
2025.03.03	01:22:00.107	0.93983	0.93995			6
2025.03.03	01:22:00.471	0.93986	0.93999			6
2025.03.03	01:22:00.787	0.93991	0.94005			6
2025.03.03	01:22:01.145		0.94004			4
2025.03.03	01:22:02.694		0.94003			4
2025.03.03	01:22:03.005		0.94004			4
2025.03.03	01:22:03.726	0.93992				2
2025.03.03	01:22:04.049		0.94005			4
2025.03.03	01:22:04.781		0.94004			4
2025.03.03	01:22:05.965		0.94005			4
2025.03.03	01:22:06.377	0.93991	0.94004			6
2025.03.03	01:22:06.983	0.93992				2
2025.03.03	01:22:07.286		0.94005			4
2025.03.03	01:22:07.672	0.93993				2
2025.03.03	01:22:07.988		0.94006			4
2025.03.03	01:22:09.010		0.94005			4
2025.03.03	01:22:09.980		0.94006			4
2025.03.03	01:22:11.097	0.93995	0.94007			6
2025.03.03	01:22:11.407	0.93996				2
2025.03.03	01:22:11.848	0.93998	0.94009			6
2025.03.03	01:22:13.040	0.94002	0.94013			6
2025.03.03	01:22:13.694	0.94003	0.94016			6
2025.03.03	01:22:14.004	0.94009	0.94021			6
2025.03.03	01:22:14.306	0.94006	0.94018			6
2025.03.03	01:22:14.627		0.94019			4
2025.03.03	01:22:14.960	0.94000	0.94014			6
2025.03.03	01:22:15.606	0.94004	0.94016			6
2025.03.03	01:22:15.908	0.94002				2
2025.03.03	01:22:16.393		0.94015			4
2025.03.03	01:22:17.663	0.94006	0.94014			6
2025.03.03	01:22:17.966	0.94002	0.94017			6
2025.03.03	01:22:18.272		0.94016			4
2025.03.03	01:22:18.712	0.94008	0.94017			6
2025.03.03	01:22:19.479	0.94007				2
2025.03.03	01:22:21.041	0.94003				2
2025.03.03	01:22:21.382	0.94001	0.94016			6
2025.03.03	01:22:21.686	0.94000				2
2025.03.03	01:22:22.333		0.94014			4
2025.03.03	01:22:22.640		0.94015			4
2025.03.03	01:22:23.059	0.94001	0.94013			6
2025.03.03	01:22:23.418	0.94000	0.94014			6
2025.03.03	01:22:25.246	0.94003	0.94017			6
2025.03.03	01:22:26.316	0.93998	0.94013			6
2025.03.03	01:22:26.718	0.93999	0.94014			6
2025.03.03	01:22:27.455	0.94005				2
2025.03.03	01:22:27.767	0.94006	0.94017			6
2025.03.03	01:22:28.413	0.94005	0.94019			6
2025.03.03	01:22:28.726	0.94001	0.94016			6
2025.03.03	01:22:29.050	0.94002	0.94015			6
2025.03.03	01:22:29.436		0.94016			4
2025.03.03	01:22:29.877		0.94015			4
2025.03.03	01:22:30.197		0.94016			4
2025.03.03	01:22:31.304	0.93999	0.94013			6
2025.03.03	01:22:31.986	0.94003	0.94017			6
2025.03.03	01:22:32.306	0.94002	0.94016			6
2025.03.03	01:22:33.057		0.94015			4
2025.03.03	01:22:33.672	0.93999				2
2025.03.03	01:22:34.346	0.94000	0.94016			6
2025.03.03	01:22:35.433	0.93998	0.94014			6
2025.03.03	01:22:35.747	0.93999	0.94013			6
2025.03.03	01:22:36.961	0.93995	0.94011			6
2025.03.03	01:22:37.265	0.93998				2
2025.03.03	01:22:38.298	0.93997				2
2025.03.03	01:22:38.655	0.93994	0.94010			6
2025.03.03	01:22:39.313	0.93993	0.94008			6
2025.03.03	01:22:39.728	0.93997	0.94012			6
2025.03.03	01:22:41.352	0.93996				2
2025.03.03	01:22:42.053	0.93995	0.94013			6
2025.03.03	01:22:42.379	0.93996	0.94012			6
2025.03.03	01:22:42.691	0.93995	0.94009			6
2025.03.03	01:22:43.066	0.93997	0.94010			6
2025.03.03	01:22:43.423	0.94001				2
2025.03.03	01:22:44.923	0.93997				2
2025.03.03	01:22:45.498	0.94001				2
2025.03.03	01:22:46.359		0.94012			4
2025.03.03	01:22:47.315	0.94002				2
2025.03.03	01:22:47.692	0.94001				2
2025.03.03	01:22:48.433	0.94002	0.94015			6
2025.03.03	01:22:49.052	0.94004				2
2025.03.03	01:22:49.390	0.94003				2
2025.03.03	01:22:50.009	0.94002	0.94012			6
2025.03.03	01:22:50.359	0.93999	0.94011			6
2025.03.03	01:22:50.666	0.94002	0.94012			6
2025.03.03	01:22:51.291	0.93999				2
2025.03.03	01:22:51.871		0.94011			4
2025.03.03	01:22:55.398		0.94010			4
2025.03.03	01:22:55.774		0.94011			4
2025.03.03	01:22:56.447		0.94012			4
2025.03.03	01:22:56.777		0.94011			4
2025.03.03	01:22:57.979	0.94000	0.94016			6
2025.03.03	01:22:58.301	0.94002	0.94018			6
2025.03.03	01:22:58.664	0.94005				2
2025.03.03	01:22:59.839	0.94003	0.94016			6
2025.03.03	01:23:00.146	0.94003	0.94017			6
2025.03.03	01:23:00.799	0.94000	0.94014			6
2025.03.03	01:23:01.277	0.94002	0.94013			6
2025.03.03	01:23:01.589	0.94000				2
2025.03.03	01:23:02.011	0.94002				2
2025.03.03	01:23:02.315	0.94001	0.94014			6
2025.03.03	01:23:05.024		0.94013			4
2025.03.03	01:23:05.376		0.94014			4
2025.03.03	01:23:05.718	0.94000	0.94013			6
2025.03.03	01:23:06.984	0.94001				2
2025.03.03	01:23:07.308	0.94000	0.94014			6
2025.03.03	01:23:07.656	0.94002	0.94015			6
2025.03.03	01:23:09.197		0.94014			4
2025.03.03	01:23:11.407	0.94007	0.94016			6
2025.03.03	01:23:11.715	0.94011	0.94021			6
2025.03.03	01:23:12.026	0.94013	0.94026			6
2025.03.03	01:23:12.360	0.94014	0.94027			6
2025.03.03	01:23:12.741	0.94012	0.94028			6
2025.03.03	01:23:13.045		0.94027			4
2025.03.03	01:23:13.590		0.94026			4
2025.03.03	01:23:14.897		0.94027			4
2025.03.03	01:23:16.702	0.94013	0.94026			6
2025.03.03	01:23:17.007	0.94014				2
2025.03.03	01:23:17.482	0.94016				2
2025.03.03	01:23:18.432		0.94027			4
2025.03.03	01:23:19.019	0.94015				2
2025.03.03	01:23:19.784	0.94012	0.94026			6
2025.03.03	01:23:22.703	0.94014	0.94027			6
2025.03.03	01:23:23.521	0.94012	0.94026			6
2025.03.03	01:23:24.250	0.94011	0.94025			6
2025.03.03	01:23:27.040	0.94013	0.94026			6
2025.03.03	01:23:27.350	0.94012				2
2025.03.03	01:23:27.865	0.94013				2
2025.03.03	01:23:29.118		0.94024			4
2025.03.03	01:23:29.504	0.94014				2
2025.03.03	01:23:35.390		0.94023			4
2025.03.03	01:23:35.706	0.94013	0.94027			6
2025.03.03	01:23:36.049		0.94024			4
2025.03.03	01:23:36.361		0.94025			4
2025.03.03	01:23:37.088		0.94024			4
2025.03.03	01:23:38.155		0.94025			4
2025.03.03	01:23:38.462	0.94012	0.94024			6
2025.03.03	01:23:40.099		0.94025			4
2025.03.03	01:23:42.088		0.94024			4
2025.03.03	01:23:42.585		0.94025			4
2025.03.03	01:23:43.802	0.94006	0.94022			6
2025.03.03	01:23:44.154	0.94007	0.94020			6
2025.03.03	01:23:44.602	0.94009				2
2025.03.03	01:23:45.354		0.94022			4
2025.03.03	01:23:46.150	0.94011				2
2025.03.03	01:23:46.853		0.94020			4
2025.03.03	01:23:47.263		0.94021			4
2025.03.03	01:23:50.956		0.94022			4
2025.03.03	01:23:51.292		0.94023			4
2025.03.03	01:23:51.771	0.94010				2
2025.03.03	01:23:52.347	0.94008	0.94022			6
2025.03.03	01:23:52.691	0.94006	0.94021			6
2025.03.03	01:23:53.125	0.94008	0.94022			6
2025.03.03	01:23:54.346		0.94020			4
2025.03.03	01:23:54.823	0.94007				2
2025.03.03	01:23:56.957	0.94006				2
2025.03.03	01:23:57.355	0.94008	0.94023			6
2025.03.03	01:23:58.397		0.94020			4
2025.03.03	01:23:58.997	0.94010	0.94021			6
2025.03.03	01:24:00.097	0.94010				2
2025.03.03	01:24:00.483	0.94012				2
2025.03.03	01:24:00.873	0.94009	0.94020			6
2025.03.03	01:24:01.211	0.94007				2
2025.03.03	01:24:01.523	0.94006	0.94021			6
2025.03.03	01:24:01.871	0.94007	0.94020			6
2025.03.03	01:24:02.600	0.94008	0.94021			6
2025.03.03	01:24:03.303	0.94009	0.94022			6
2025.03.03	01:24:05.450	0.94008	0.94021			6
2025.03.03	01:24:08.705	0.94005	0.94018			6
2025.03.03	01:24:09.501		0.94017			4
2025.03.03	01:24:09.961	0.94006	0.94018			6
2025.03.03	01:24:10.364		0.94020			4
2025.03.03	01:24:10.979	0.94007	0.94019			6
2025.03.03	01:24:11.436	0.94006				2
2025.03.03	01:24:12.729	0.94007				2
2025.03.03	01:24:13.035	0.94006				2
2025.03.03	01:24:13.848		0.94018			4
2025.03.03	01:24:16.386	0.94004				2
2025.03.03	01:24:17.899		0.94017			4
2025.03.03	01:24:18.634	0.93999	0.94013			6
2025.03.03	01:24:19.488	0.94000				2
2025.03.03	01:24:19.870	0.94001	0.94014			6
2025.03.03	01:24:20.554	0.93999	0.94012			6
2025.03.03	01:24:20.880	0.93998	0.94013			6
2025.03.03	01:24:21.197	0.93999				2
2025.03.03	01:24:21.578	0.93997	0.94011			6
2025.03.03	01:24:21.887	0.93999	0.94009			6
2025.03.03	01:24:22.212		0.94010			4
2025.03.03	01:24:26.340	0.93998	0.94011			6
2025.03.03	01:24:27.797		0.94010			4
2025.03.03	01:24:28.262	0.94000	0.94011			6
2025.03.03	01:24:28.978	0.94001				2
2025.03.03	01:24:30.355		0.94012			4
2025.03.03	01:24:31.902	0.94000				2
2025.03.03	01:24:32.300	0.93999				2
2025.03.03	01:24:33.297	0.93997	0.94013			6
2025.03.03	01:24:34.075	0.93999				2
2025.03.03	01:24:34.408		0.94012			4
2025.03.03	01:24:35.580		0.94013			4
2025.03.03	01:24:36.150	0.93997				2
2025.03.03	01:24:37.129		0.94012			4
2025.03.03	01:24:39.460	0.93996	0.94010			6
2025.03.03	01:24:39.874	0.93997	0.94008			6
2025.03.03	01:24:40.539		0.94011			4
2025.03.03	01:24:41.383		0.94009			4
2025.03.03	01:24:41.756		0.94011			4
2025.03.03	01:24:43.307	0.94000				2
2025.03.03	01:24:48.226		0.94010			4
2025.03.03	01:24:50.142	0.93999				2
2025.03.03	01:24:51.434	0.94000	0.94011			6
2025.03.03	01:24:52.388	0.93999	0.94010			6
2025.03.03	01:24:53.403	0.94000	0.94011			6
2025.03.03	01:24:54.388		0.94010			4
2025.03.03	01:24:56.034	0.93999				2
2025.03.03	01:24:56.364	0.94000	0.94011			6
2025.03.03	01:25:00.378	0.94000				2
2025.03.03	01:25:04.654	0.94001	0.94013			6
2025.03.03	01:25:06.227	0.94000				2
2025.03.03	01:25:09.198	0.94001	0.94012			6
2025.03.03	01:25:09.505		0.94013			4
2025.03.03	01:25:11.001		0.94012			4
2025.03.03	01:25:12.211		0.94013			4
2025.03.03	01:25:12.537		0.94012			4
2025.03.03	01:25:15.508	0.94000	0.94013			6
2025.03.03	01:25:17.192	0.94001				2
2025.03.03	01:25:19.633	0.94000	0.94011			6
2025.03.03	01:25:19.945	0.94001	0.94012			6
2025.03.03	01:25:20.347	0.94002	0.94013			6
2025.03.03	01:25:22.371	0.94001	0.94014			6
2025.03.03	01:25:24.781	0.94002	0.94013			6
2025.03.03	01:25:27.916	0.94001				2
2025.03.03	01:25:29.080		0.94014			4
2025.03.03	01:25:29.761	0.94002	0.94013			6
2025.03.03	01:25:30.766	0.94001				2
2025.03.03	01:25:31.355		0.94014			4
2025.03.03	01:25:31.669		0.94013			4
2025.03.03	01:25:33.986		0.94012			4
2025.03.03	01:25:36.953		0.94013			4
2025.03.03	01:25:37.374		0.94014			4
2025.03.03	01:25:39.173	0.94002	0.94013			6
2025.03.03	01:25:39.786	0.94001	0.94015			6
2025.03.03	01:25:42.737	0.94002	0.94013			6
2025.03.03	01:25:43.997	0.94001	0.94014			6
2025.03.03	01:25:44.608	0.94002				2
2025.03.03	01:25:46.651	0.94001				2
2025.03.03	01:25:47.402	0.94002				2
2025.03.03	01:25:51.608	0.94000	0.94011			6
2025.03.03	01:25:53.009		0.94013			4
2025.03.03	01:25:54.656	0.94001	0.94012			6
2025.03.03	01:25:55.668		0.94013			4
2025.03.03	01:25:55.997		0.94012			4
2025.03.03	01:25:56.513	0.94000	0.94013			6
2025.03.03	01:26:00.518	0.94000				2
2025.03.03	01:26:09.301	0.93998	0.94012			6
2025.03.03	01:26:09.701	0.93999				2
2025.03.03	01:26:11.762	0.93995	0.94005			6
2025.03.03	01:26:12.066	0.93994				2
2025.03.03	01:26:12.374		0.94006			4
2025.03.03	01:26:12.686	0.93995				2
2025.03.03	01:26:13.545		0.94007			4
2025.03.03	01:26:13.854	0.93993	0.94006			6
2025.03.03	01:26:14.165	0.93994	0.94007			6
2025.03.03	01:26:15.741	0.93991	0.94005			6
2025.03.03	01:26:16.046	0.93989	0.94003			6
2025.03.03	01:26:16.920	0.93992				2
2025.03.03	01:26:18.679	0.93991				2
2025.03.03	01:26:21.475	0.93989				2
2025.03.03	01:26:21.787	0.93988	0.93997			6
2025.03.03	01:26:22.453		0.94000			4
2025.03.03	01:26:24.066		0.94001			4
2025.03.03	01:26:24.450	0.93989				2
2025.03.03	01:26:24.776	0.93988				2
2025.03.03	01:26:27.199		0.94000			4
2025.03.03	01:26:27.909	0.93986	0.93997			6
2025.03.03	01:26:28.212	0.93984	0.93998			6
2025.03.03	01:26:28.524		0.93999			4
2025.03.03	01:26:28.993		0.93998			4
2025.03.03	01:26:34.126	0.93987	0.93997			6
2025.03.03	01:26:34.430	0.93986	0.93998			6
2025.03.03	01:26:35.425	0.93984	0.93999			6
2025.03.03	01:26:36.884	0.93985				2
2025.03.03	01:26:39.491	0.93988	0.93997			6
2025.03.03	01:26:41.299		0.93998			4
2025.03.03	01:26:45.677	0.93989				2
2025.03.03	01:26:45.987	0.93988				2
2025.03.03	01:26:46.934	0.93987				2
2025.03.03	01:26:48.095	0.93988				2
2025.03.03	01:26:48.425	0.93987	0.93999			6
2025.03.03	01:26:50.297	0.93988				2
2025.03.03	01:26:51.860		0.93998			4
2025.03.03	01:26:52.226		0.93999			4
2025.03.03	01:26:52.892	0.93987				2
2025.03.03	01:26:53.204	0.93986				2
2025.03.03	01:26:54.041	0.93988				2
2025.03.03	01:26:56.136	0.93989	0.94002			6
2025.03.03	01:26:56.449	0.93990	0.94001			6
2025.03.03	01:26:56.766	0.93988	0.93998			6
2025.03.03	01:26:57.485		0.94002			4
2025.03.03	01:26:58.214	0.93990	0.94001			6
2025.03.03	01:27:00.469	0.93989				2
2025.03.03	01:27:00.775	0.93986	0.93999			6
2025.03.03	01:27:01.391		0.93998			4
2025.03.03	01:27:01.719		0.93999			4
2025.03.03	01:27:05.428	0.93985				2
2025.03.03	01:27:08.140	0.93984	0.94000			6
2025.03.03	01:27:08.530		0.93999			4
2025.03.03	01:27:09.600	0.93987	0.93998			6
2025.03.03	01:27:10.477	0.93986	0.93999			6
2025.03.03	01:27:10.788		0.93998			4
2025.03.03	01:27:12.346		0.93999			4
2025.03.03	01:27:12.697		0.93998			4
2025.03.03	01:27:19.108	0.93981	0.93995			6
2025.03.03	01:27:19.496		0.93996			4
2025.03.03	01:27:20.300		0.93995			4
2025.03.03	01:27:22.055	0.93985	0.93996			6
2025.03.03	01:27:22.723	0.93990	0.94002			6
2025.03.03	01:27:23.456	0.93989	0.94003			6
2025.03.03	01:27:23.863		0.94000			4
2025.03.03	01:27:24.496		0.94001			4
2025.03.03	01:27:25.441	0.93990				2
2025.03.03	01:27:26.355	0.93988	0.93999			6
2025.03.03	01:27:26.977		0.94000			4
2025.03.03	01:27:27.336	0.93989				2
2025.03.03	01:27:28.786	0.93988				2
2025.03.03	01:27:29.665		0.93999			4
2025.03.03	01:27:31.517	0.93989	0.94000			6
2025.03.03	01:27:32.946	0.93990				2
2025.03.03	01:27:33.255	0.93988				2
2025.03.03	01:27:35.488	0.93989	0.93999			6
2025.03.03	01:27:35.791	0.93987	0.93998			6
2025.03.03	01:27:37.709	0.93985	0.93997			6
2025.03.03	01:27:38.023	0.93986				2
2025.03.03	01:27:38.466	0.93987				2
2025.03.03	01:27:38.921	0.93986				2
2025.03.03	01:27:40.615	0.93985	0.93995			6
2025.03.03	01:27:41.776	0.93989	0.94002			6
2025.03.03	01:27:42.154	0.93988	0.94003			6
2025.03.03	01:27:43.721	0.93989	0.94002			6
2025.03.03	01:27:44.227	0.93988				2
2025.03.03	01:27:45.304		0.94001			4
2025.03.03	01:27:47.358		0.94002			4
2025.03.03	01:27:51.199		0.94001			4
2025.03.03	01:27:51.505	0.93989	0.94002			6
2025.03.03	01:27:55.079	0.93990	0.94003			6
2025.03.03	01:27:57.033	0.93989				2
2025.03.03	01:28:00.497	0.93993	0.94005			6
2025.03.03	01:28:00.806		0.94007			4
2025.03.03	01:28:04.953	0.93992	0.94006			6
2025.03.03	01:28:05.268		0.94005			4
2025.03.03	01:28:05.925		0.94006			4
2025.03.03	01:28:07.476	0.93993				2
2025.03.03	01:28:07.798	0.93992				2
2025.03.03	01:28:08.392	0.93993	0.94009			6
2025.03.03	01:28:08.724		0.94007			4
2025.03.03	01:28:09.797		0.94009			4
2025.03.03	01:28:10.172		0.94008			4
2025.03.03	01:28:10.997	0.93992				2
2025.03.03	01:28:11.307		0.94006			4
2025.03.03	01:28:11.752		0.94008			4
2025.03.03	01:28:12.099		0.94007			4
2025.03.03	01:28:12.432		0.94008			4
2025.03.03	01:28:14.382		0.94006			4
2025.03.03	01:28:15.420	0.93988				2
2025.03.03	01:28:15.727	0.93991	0.94004			6
2025.03.03	01:28:17.713	0.93993				2
2025.03.03	01:28:19.880		0.94007			4
2025.03.03	01:28:20.547	0.93992	0.94008			6
2025.03.03	01:28:21.766		0.94009			4
2025.03.03	01:28:22.142	0.93993				2
2025.03.03	01:28:24.798		0.94008			4
2025.03.03	01:28:25.360		0.94009			4
2025.03.03	01:28:27.008		0.94008			4
2025.03.03	01:28:27.797		0.94009			4
2025.03.03	01:28:28.995	0.93995				2
2025.03.03	01:28:30.354	0.93994				2
2025.03.03	01:28:31.212		0.94010			4
2025.03.03	01:28:36.327	0.93997	0.94012			6
2025.03.03	01:28:37.684	0.93995	0.94011			6
2025.03.03	01:28:37.985	0.93992	0.94008			6
2025.03.03	01:28:38.286	0.93993	0.94009			6
2025.03.03	01:28:38.597		0.94010			4
2025.03.03	01:28:44.295	0.93995	0.94008			6
2025.03.03	01:28:44.603		0.94010			4
2025.03.03	01:28:48.752		0.94011			4
2025.03.03	01:28:53.319	0.93993	0.94010			6
2025.03.03	01:28:53.623		0.94009			4
2025.03.03	01:28:53.926		0.94010			4
2025.03.03	01:28:54.249		0.94009			4
2025.03.03	01:28:54.902		0.94011			4
2025.03.03	01:28:55.206		0.94010			4
2025.03.03	01:28:56.933	0.93992				2
2025.03.03	01:28:57.381	0.93993	0.94011			6
2025.03.03	01:28:57.936	0.93992	0.94010			6
2025.03.03	01:28:58.896		0.94009			4
2025.03.03	01:28:59.259	0.93993	0.94008			6
2025.03.03	01:29:00.486	0.93993				2
2025.03.03	01:29:01.997		0.94009			4
2025.03.03	01:29:03.377	0.93992	0.94010			6
2025.03.03	01:29:04.219	0.93996	0.94014			6
2025.03.03	01:29:04.544	0.94000				2
2025.03.03	01:29:04.854	0.93999	0.94011			6
2025.03.03	01:29:05.169	0.93998	0.94009			6
2025.03.03	01:29:05.777	0.93994	0.94007			6
2025.03.03	01:29:06.855	0.93993	0.94009			6
2025.03.03	01:29:07.400		0.94008			4
2025.03.03	01:29:08.092		0.94007			4
2025.03.03	01:29:09.858		0.94009			4
2025.03.03	01:29:10.495		0.94007			4
2025.03.03	01:29:10.850	0.93992				2
2025.03.03	01:29:12.819		0.94006			4
2025.03.03	01:29:13.891		0.94008			4
2025.03.03	01:29:14.351		0.94006			4
2025.03.03	01:29:15.321		0.94008			4
2025.03.03	01:29:17.598		0.94007			4
2025.03.03	01:29:18.942	0.93993				2
2025.03.03	01:29:19.945		0.94008			4
2025.03.03	01:29:21.824		0.94007			4
2025.03.03	01:29:22.160	0.93992	0.94006			6
2025.03.03	01:29:23.800	0.93996	0.94008			6
2025.03.03	01:29:24.111		0.94013			4
2025.03.03	01:29:24.575	0.93998	0.94014			6
2025.03.03	01:29:24.886	0.94001				2
2025.03.03	01:29:26.720	0.93999	0.94012			6
2025.03.03	01:29:27.026	0.93998	0.94014			6
2025.03.03	01:29:27.351		0.94015			4
2025.03.03	01:29:27.788	0.94001	0.94016			6
2025.03.03	01:29:28.973		0.94017			4
2025.03.03	01:29:29.758		0.94015			4
2025.03.03	01:29:30.757		0.94014			4
2025.03.03	01:29:31.147	0.94003	0.94016			6
2025.03.03	01:29:31.513		0.94018			4
2025.03.03	01:29:34.228	0.94004				2
2025.03.03	01:29:34.683		0.94020			4
2025.03.03	01:29:35.242	0.94003				2
2025.03.03	01:29:35.678	0.94004				2
2025.03.03	01:29:36.220	0.94003				2
2025.03.03	01:29:36.525	0.94002	0.94019			6
2025.03.03	01:29:36.898	0.94003	0.94020			6
2025.03.03	01:29:39.015		0.94018			4
2025.03.03	01:29:45.819	0.94004				2
2025.03.03	01:29:46.171	0.94003				2
2025.03.03	01:29:49.153	0.94006				2
2025.03.03	01:29:49.468	0.94003				2
2025.03.03	01:29:51.059	0.94004				2
2025.03.03	01:29:55.964	0.94005				2
2025.03.03	01:29:58.116		0.94020			4
2025.03.03	01:29:58.480	0.94006	0.94019			6
2025.03.03	01:30:00.307	0.94006				2
2025.03.03	01:30:01.051		0.94020			4
2025.03.03	01:30:01.472	0.94007				2
2025.03.03	01:30:02.109	0.94005	0.94013			6
2025.03.03	01:30:02.421		0.94012			4
2025.03.03	01:30:02.723	0.94006	0.94013			6
2025.03.03	01:30:03.023	0.94007	0.94014			6
2025.03.03	01:30:03.326		0.94015			4
2025.03.03	01:30:04.237	0.94009	0.94020			6
2025.03.03	01:30:04.999		0.94019			4
2025.03.03	01:30:05.531	0.94010	0.94024			6
2025.03.03	01:30:06.354	0.94009				2
2025.03.03	01:30:06.665		0.94023			4
2025.03.03	01:30:07.876	0.94013	0.94026			6
2025.03.03	01:30:10.309		0.94028			4
2025.03.03	01:30:10.992		0.94027			4
2025.03.03	01:30:11.535	0.94014	0.94028			6
2025.03.03	01:30:12.245	0.94017	0.94027			6
2025.03.03	01:30:12.867		0.94028			4
2025.03.03	01:30:13.185	0.94018	0.94029			6
2025.03.03	01:30:13.534	0.94017	0.94027			6
2025.03.03	01:30:14.510	0.94013				2
2025.03.03	01:30:14.833		0.94025			4
2025.03.03	01:30:15.410	0.94018	0.94030			6
2025.03.03	01:30:15.780	0.94022	0.94031			6
2025.03.03	01:30:16.087	0.94024	0.94035			6
2025.03.03	01:30:16.469	0.94026	0.94037			6
2025.03.03	01:30:16.786	0.94029				2
2025.03.03	01:30:17.152	0.94030	0.94039			6
2025.03.03	01:30:17.469		0.94041			4
2025.03.03	01:30:19.658		0.94039			4
2025.03.03	01:30:20.436		0.94040			4
2025.03.03	01:30:20.774	0.94029				2
2025.03.03	01:30:21.086	0.94028	0.94038			6
2025.03.03	01:30:21.602		0.94039			4
2025.03.03	01:30:23.299		0.94040			4
2025.03.03	01:30:27.136	0.94030				2
2025.03.03	01:30:27.457	0.94033	0.94044			6
2025.03.03	01:30:27.854	0.94030	0.94043			6
2025.03.03	01:30:28.195	0.94031				2
2025.03.03	01:30:28.756	0.94030	0.94041			6
2025.03.03	01:30:29.067		0.94040			4
2025.03.03	01:30:29.690		0.94041			4
2025.03.03	01:30:30.039	0.94029	0.94040			6
2025.03.03	01:30:30.344		0.94039			4
2025.03.03	01:30:30.679	0.94024	0.94038			6
2025.03.03	01:30:31.329		0.94037			4
2025.03.03	01:30:32.389		0.94036			4
2025.03.03	01:30:33.731	0.94025	0.94037			6
2025.03.03	01:30:34.410		0.94036			4
2025.03.03	01:30:34.880		0.94037			4
2025.03.03	01:30:35.296		0.94036			4
2025.03.03	01:30:36.982		0.94037			4
2025.03.03	01:30:38.273		0.94036			4
2025.03.03	01:30:40.659	0.94026	0.94037			6
2025.03.03	01:30:41.040		0.94035			4
2025.03.03	01:30:41.346		0.94037			4
2025.03.03	01:30:41.699	0.94021	0.94031			6
2025.03.03	01:30:42.705	0.94029	0.94038			6
2025.03.03	01:30:43.100	0.94027	0.94040			6
2025.03.03	01:30:43.462		0.94036			4
2025.03.03	01:30:44.344		0.94035			4
2025.03.03	01:30:44.966	0.94028				2
2025.03.03	01:30:45.640	0.94030	0.94039			6
2025.03.03	01:30:47.228	0.94036	0.94047			6
2025.03.03	01:30:47.532	0.94040	0.94049			6
2025.03.03	01:30:47.836	0.94039	0.94050			6
2025.03.03	01:30:48.145	0.94037	0.94052			6
2025.03.03	01:30:48.448		0.94050			4
2025.03.03	01:30:51.514	0.94038				2
2025.03.03	01:30:55.226	0.94039				2
2025.03.03	01:30:55.665	0.94041	0.94051			6
2025.03.03	01:30:56.000		0.94050			4
2025.03.03	01:30:56.667	0.94042	0.94051			6
2025.03.03	01:30:58.747	0.94041	0.94050			6
2025.03.03	01:30:59.067	0.94039				2
2025.03.03	01:31:00.166	0.94043	0.94055			6
2025.03.03	01:31:00.476	0.94044				2
2025.03.03	01:31:02.896		0.94056			4
2025.03.03	01:31:05.345	0.94042	0.94055			6
2025.03.03	01:31:07.470		0.94056			4
2025.03.03	01:31:08.249		0.94055			4
2025.03.03	01:31:08.655	0.94040	0.94053			6
2025.03.03	01:31:08.990	0.94038	0.94049			6
2025.03.03	01:31:11.181		0.94048			4
2025.03.03	01:31:11.981	0.94034				2
2025.03.03	01:31:13.097	0.94033	0.94046			6
2025.03.03	01:31:13.403	0.94034	0.94047			6
2025.03.03	01:31:15.208		0.94048			4
2025.03.03	01:31:17.550		0.94047			4
2025.03.03	01:31:17.866	0.94037	0.94045			6
2025.03.03	01:31:18.277		0.94046			4
2025.03.03	01:31:18.619	0.94036	0.94048			6
2025.03.03	01:31:19.381		0.94047			4
2025.03.03	01:31:20.004		0.94046			4
2025.03.03	01:31:20.352		0.94047			4
2025.03.03	01:31:20.725		0.94046			4
2025.03.03	01:31:21.087		0.94049			4
2025.03.03	01:31:22.615	0.94038	0.94047			6
2025.03.03	01:31:23.777		0.94048			4
2025.03.03	01:31:25.736		0.94047			4
2025.03.03	01:31:26.094	0.94037				2
2025.03.03	01:31:27.257		0.94046			4
2025.03.03	01:31:29.299		0.94049			4
2025.03.03	01:31:30.678		0.94047			4
2025.03.03	01:31:31.397		0.94048			4
2025.03.03	01:31:32.515		0.94047			4
2025.03.03	01:31:40.397		0.94046			4
2025.03.03	01:31:40.731	0.94036				2
2025.03.03	01:31:41.615	0.94038	0.94048			6
2025.03.03	01:31:42.822		0.94047			4
2025.03.03	01:31:43.125	0.94037				2
