<DATE>	<TIME>	<BID>	<ASK>	<LAST>	<VOLUME>	<FLAGS>
2025.05.29	00:03:31.038	0.93330	0.93480			6
2025.05.29	00:04:11.322	0.93330				2
2025.05.29	00:04:31.322		0.93480			4
2025.05.29	00:05:00.565	0.93330				2
2025.05.29	00:05:35.809		0.93480			4
2025.05.29	00:06:04.072	0.93330				2
2025.05.29	00:06:37.767		0.93480			4
2025.05.29	00:07:00.358	0.93330				2
2025.05.29	00:07:39.289		0.93480			4
2025.05.29	00:08:00.039	0.93330				2
2025.05.29	00:08:40.486		0.93480			4
2025.05.29	00:09:01.327	0.93330				2
2025.05.29	00:09:40.518		0.93480			4
2025.05.29	00:10:00.328	0.93330				2
2025.05.29	00:10:12.605	0.93318	0.93496			6
2025.05.29	00:10:43.774	0.93317				2
2025.05.29	00:10:53.454	0.93328	0.93481			6
2025.05.29	00:10:54.902	0.93330	0.93480			6
2025.05.29	00:10:58.675	0.93317	0.93496			6
2025.05.29	00:10:59.306	0.93330	0.93480			6
2025.05.29	00:11:00.306	0.93330				2
2025.05.29	00:11:05.739	0.93317	0.93496			6
2025.05.29	00:11:06.363	0.93330	0.93480			6
2025.05.29	00:11:12.544	0.93317	0.93496			6
2025.05.29	00:11:13.172	0.93330	0.93480			6
2025.05.29	00:11:19.676	0.93317	0.93496			6
2025.05.29	00:11:20.326	0.93330	0.93480			6
2025.05.29	00:11:26.538	0.93313	0.93500			6
2025.05.29	00:11:27.187	0.93330	0.93480			6
2025.05.29	00:12:00.305	0.93330				2
2025.05.29	00:12:29.104		0.93480			4
2025.05.29	00:13:00.359	0.93330				2
2025.05.29	00:13:30.301		0.93480			4
2025.05.29	00:14:01.451	0.93330				2
2025.05.29	00:14:32.701		0.93480			4
2025.05.29	00:15:00.304	0.93330				2
2025.05.29	00:17:00.780	0.93330	0.93480			6
2025.05.29	00:18:00.901	0.93330	0.93480			6
2025.05.29	00:18:05.166	0.93357				2
2025.05.29	00:18:37.576	0.93339	0.93481			6
2025.05.29	00:18:37.888	0.93340				2
2025.05.29	00:18:39.902	0.93339				2
2025.05.29	00:18:48.010	0.93338				2
2025.05.29	00:18:51.749	0.93341				2
2025.05.29	00:18:52.990	0.93340				2
2025.05.29	00:19:01.506	0.93340				2
2025.05.29	00:19:20.999	0.93341				2
2025.05.29	00:19:32.579		0.93480			4
2025.05.29	00:19:33.750	0.93373	0.93481			6
2025.05.29	00:19:53.783	0.93385				2
2025.05.29	00:20:00.306	0.93385				2
2025.05.29	00:20:04.353	0.93396				2
2025.05.29	00:20:06.223	0.93369				2
2025.05.29	00:20:26.214	0.93377				2
2025.05.29	00:20:34.481		0.93481			4
2025.05.29	00:20:37.578	0.93344				2
2025.05.29	00:20:38.352	0.93346				2
2025.05.29	00:20:39.872	0.93345				2
2025.05.29	00:20:44.406	0.93346				2
2025.05.29	00:20:49.502	0.93330	0.93480			6
2025.05.29	00:21:00.358	0.93330				2
2025.05.29	00:21:49.511		0.93480			4
2025.05.29	00:22:00.906	0.93330				2
2025.05.29	00:22:25.922	0.93350				2
2025.05.29	00:22:29.454	0.93345				2
2025.05.29	00:22:29.973	0.93330				2
2025.05.29	00:22:50.406	0.93350	0.93480			6
2025.05.29	00:22:55.430	0.93345				2
2025.05.29	00:22:55.801	0.93330				2
2025.05.29	00:23:00.601	0.93330				2
2025.05.29	00:23:19.882	0.93350				2
2025.05.29	00:23:24.528	0.93344				2
2025.05.29	00:23:25.927	0.93330				2
2025.05.29	00:23:45.001	0.93331				2
2025.05.29	00:23:45.825	0.93350				2
2025.05.29	00:23:50.116	0.93344				2
2025.05.29	00:23:50.920	0.93331	0.93480			6
2025.05.29	00:23:51.902	0.93332				2
2025.05.29	00:24:01.509	0.93333				2
2025.05.29	00:24:13.806	0.93334				2
2025.05.29	00:24:20.305	0.93344				2
2025.05.29	00:24:20.713	0.93334				2
2025.05.29	00:24:25.452	0.93335				2
2025.05.29	00:24:39.299	0.93336				2
2025.05.29	00:24:49.799	0.93344				2
2025.05.29	00:24:50.388	0.93337				2
2025.05.29	00:24:54.971		0.93480			4
2025.05.29	00:25:00.308	0.93337				2
2025.05.29	00:25:04.502	0.93338				2
2025.05.29	00:25:14.297	0.93350				2
2025.05.29	00:25:20.773	0.93344				2
2025.05.29	00:25:25.925	0.93339				2
2025.05.29	00:25:35.102	0.93340				2
2025.05.29	00:25:40.962	0.93341	0.93486			6
2025.05.29	00:25:46.199		0.93485			4
2025.05.29	00:25:48.718	0.93344				2
2025.05.29	00:25:50.700	0.93341				2
2025.05.29	00:25:57.606		0.93484			4
2025.05.29	00:26:02.401	0.93341				2
2025.05.29	00:26:15.227	0.93350				2
2025.05.29	00:26:16.805		0.93483			4
2025.05.29	00:26:20.253	0.93344				2
2025.05.29	00:26:20.714	0.93341	0.93484			6
2025.05.29	00:26:24.603		0.93483			4
2025.05.29	00:26:45.600		0.93482			4
2025.05.29	00:26:50.507	0.93330	0.93480			6
2025.05.29	00:26:51.126	0.93339				2
2025.05.29	00:26:53.336	0.93343				2
2025.05.29	00:26:55.923	0.93339				2
2025.05.29	00:27:01.307	0.93338				2
2025.05.29	00:27:02.123	0.93339				2
2025.05.29	00:27:13.449	0.93340				2
2025.05.29	00:27:23.718	0.93339				2
2025.05.29	00:27:25.925	0.93349				2
2025.05.29	00:27:26.768	0.93343				2
2025.05.29	00:27:28.538	0.93339				2
2025.05.29	00:27:35.103	0.93340				2
2025.05.29	00:27:52.296		0.93480			4
2025.05.29	00:27:55.920	0.93349				2
2025.05.29	00:28:00.157	0.93343				2
2025.05.29	00:28:00.922	0.93340				2
2025.05.29	00:28:11.736	0.93341				2
2025.05.29	00:28:25.891	0.93349				2
2025.05.29	00:28:28.133	0.93343				2
2025.05.29	00:28:35.236	0.93342				2
2025.05.29	00:28:38.404	0.93341				2
2025.05.29	00:28:50.405	0.93342				2
2025.05.29	00:28:50.919	0.93349				2
2025.05.29	00:28:57.044	0.93343	0.93480			6
2025.05.29	00:29:00.926	0.93342				2
2025.05.29	00:29:02.400	0.93343				2
2025.05.29	00:29:05.114	0.93342				2
2025.05.29	00:29:19.504	0.93349				2
2025.05.29	00:29:23.668	0.93343				2
2025.05.29	00:29:25.701	0.93342				2
2025.05.29	00:29:34.801	0.93343				2
2025.05.29	00:29:35.510	0.93340	0.93483			6
2025.05.29	00:29:35.818	0.93337	0.93479			6
2025.05.29	00:29:36.373		0.93480			4
2025.05.29	00:29:37.316		0.93479			4
2025.05.29	00:29:40.363		0.93480			4
2025.05.29	00:29:50.923	0.93346				2
2025.05.29	00:29:52.684	0.93341				2
2025.05.29	00:29:55.922	0.93337				2
2025.05.29	00:29:58.808		0.93479			4
2025.05.29	00:29:59.642	0.93339	0.93481			6
2025.05.29	00:30:00.447	0.93339				2
2025.05.29	00:30:00.905	0.93340	0.93480			6
2025.05.29	00:30:04.801	0.93341	0.93479			6
2025.05.29	00:30:06.680	0.93340	0.93480			6
2025.05.29	00:30:10.321		0.93479			4
2025.05.29	00:30:16.499	0.93341				2
2025.05.29	00:30:20.714	0.93350				2
2025.05.29	00:30:24.540	0.93344				2
2025.05.29	00:30:25.923	0.93341				2
2025.05.29	00:30:27.513	0.93340	0.93480			6
2025.05.29	00:30:37.099	0.93342	0.93479			6
2025.05.29	00:30:41.485	0.93343	0.93480			6
2025.05.29	00:30:50.459	0.93347	0.93483			6
2025.05.29	00:30:50.920	0.93350				2
2025.05.29	00:30:54.925	0.93347				2
2025.05.29	00:30:57.601		0.93482			4
2025.05.29	00:31:03.600	0.93347				2
2025.05.29	00:31:20.700	0.93350				2
2025.05.29	00:31:25.423	0.93347				2
2025.05.29	00:31:30.004		0.93481			4
2025.05.29	00:31:36.881	0.93346				2
2025.05.29	00:31:44.292	0.93345	0.93479			6
2025.05.29	00:31:45.304	0.93344				2
2025.05.29	00:31:50.924	0.93350				2
2025.05.29	00:31:55.284	0.93344				2
2025.05.29	00:31:56.700		0.93480			4
2025.05.29	00:32:00.000	0.93344				2
2025.05.29	00:32:01.457	0.93348				2
2025.05.29	00:32:01.802	0.93344	0.93479			6
2025.05.29	00:32:14.100	0.93345				2
2025.05.29	00:32:15.920	0.93350				2
2025.05.29	00:32:20.636	0.93344				2
2025.05.29	00:32:27.301	0.93345				2
2025.05.29	00:32:36.601		0.93478			4
2025.05.29	00:32:43.248	0.93350	0.93480			6
2025.05.29	00:32:47.119	0.93346				2
2025.05.29	00:32:50.925	0.93347				2
2025.05.29	00:33:02.364	0.93347				2
2025.05.29	00:33:05.763	0.93350				2
2025.05.29	00:33:09.001		0.93481			4
2025.05.29	00:33:09.404	0.93356				2
2025.05.29	00:34:39.265	0.93352	0.93491			6
2025.05.29	00:35:00.903	0.93352	0.93490			6
2025.05.29	00:35:02.150		0.93488			4
2025.05.29	00:35:06.352	0.93357				2
2025.05.29	00:35:10.152		0.93491			4
2025.05.29	00:35:10.464		0.93492			4
2025.05.29	00:35:12.267	0.93352	0.93490			6
2025.05.29	00:35:12.822		0.93489			4
2025.05.29	00:35:13.328		0.93490			4
2025.05.29	00:35:13.810		0.93489			4
2025.05.29	00:35:32.648	0.93353	0.93488			6
2025.05.29	00:35:34.902		0.93487			4
2025.05.29	00:35:46.915		0.93488			4
2025.05.29	00:35:47.399		0.93487			4
2025.05.29	00:35:49.681		0.93486			4
2025.05.29	00:35:50.293		0.93487			4
2025.05.29	00:35:51.782		0.93486			4
2025.05.29	00:35:53.054		0.93487			4
2025.05.29	00:35:54.004		0.93486			4
2025.05.29	00:35:55.800		0.93487			4
2025.05.29	00:35:57.069		0.93486			4
2025.05.29	00:36:00.356	0.93353	0.93487			6
2025.05.29	00:36:03.188		0.93486			4
2025.05.29	00:36:10.359	0.93358	0.93487			6
2025.05.29	00:36:14.555	0.93353				2
2025.05.29	00:36:19.978		0.93486			4
2025.05.29	00:36:33.632		0.93485			4
2025.05.29	00:36:35.402		0.93486			4
2025.05.29	00:36:35.919	0.93358				2
2025.05.29	00:36:41.843	0.93353				2
2025.05.29	00:36:56.703		0.93485			4
2025.05.29	00:36:58.808		0.93486			4
2025.05.29	00:37:00.360	0.93353				2
2025.05.29	00:37:03.005		0.93485			4
2025.05.29	00:37:11.563	0.93358				2
2025.05.29	00:37:14.069	0.93353				2
2025.05.29	00:37:14.766	0.93359				2
2025.05.29	00:37:15.299		0.93486			4
2025.05.29	00:37:15.633		0.93485			4
2025.05.29	00:37:18.935		0.93484			4
2025.05.29	00:37:30.641		0.93485			4
2025.05.29	00:37:33.604		0.93484			4
2025.05.29	00:37:40.062		0.93485			4
2025.05.29	00:37:45.637	0.93357	0.93486			6
2025.05.29	00:37:46.354		0.93487			4
2025.05.29	00:37:47.087	0.93359	0.93486			6
2025.05.29	00:37:50.204		0.93485			4
2025.05.29	00:37:51.428		0.93486			4
2025.05.29	00:37:52.059		0.93487			4
2025.05.29	00:37:55.502		0.93486			4
2025.05.29	00:37:59.828	0.93355				2
2025.05.29	00:38:00.326	0.93359	0.93487			6
2025.05.29	00:38:02.880		0.93486			4
2025.05.29	00:38:04.385		0.93490			4
2025.05.29	00:38:04.847	0.93358	0.93488			6
2025.05.29	00:38:05.697	0.93359	0.93487			6
2025.05.29	00:38:06.304	0.93357				2
2025.05.29	00:38:06.884	0.93359				2
2025.05.29	00:38:07.943		0.93486			4
2025.05.29	00:38:08.987	0.93355				2
2025.05.29	00:38:14.759	0.93359	0.93485			6
2025.05.29	00:38:17.538		0.93487			4
2025.05.29	00:38:19.825	0.93358	0.93486			6
2025.05.29	00:38:22.158	0.93359				2
2025.05.29	00:38:22.915		0.93487			4
2025.05.29	00:38:23.425	0.93356	0.93486			6
2025.05.29	00:38:23.827	0.93359	0.93485			6
2025.05.29	00:38:24.210	0.93358				2
2025.05.29	00:38:24.657	0.93359				2
2025.05.29	00:38:29.390		0.93487			4
2025.05.29	00:38:30.003		0.93486			4
2025.05.29	00:38:32.528	0.93355	0.93485			6
2025.05.29	00:38:33.026	0.93359				2
2025.05.29	00:38:35.403	0.93358				2
2025.05.29	00:38:41.586	0.93359	0.93486			6
2025.05.29	00:38:42.040		0.93485			4
2025.05.29	00:38:43.591		0.93484			4
2025.05.29	00:38:54.466		0.93483			4
2025.05.29	00:38:55.841	0.93357	0.93484			6
2025.05.29	00:38:56.358	0.93359				2
2025.05.29	00:38:58.147	0.93358				2
2025.05.29	00:38:58.649	0.93355				2
2025.05.29	00:38:59.166	0.93359				2
2025.05.29	00:38:59.477	0.93358				2
2025.05.29	00:39:01.199	0.93358				2
2025.05.29	00:39:05.507	0.93359				2
2025.05.29	00:39:09.992		0.93486			4
2025.05.29	00:39:10.423	0.93358	0.93484			6
2025.05.29	00:39:11.588	0.93359				2
2025.05.29	00:39:17.836	0.93358				2
2025.05.29	00:39:18.278	0.93359				2
2025.05.29	00:39:19.381		0.93483			4
2025.05.29	00:39:24.790	0.93358				2
2025.05.29	00:39:25.096	0.93359	0.93481			6
2025.05.29	00:39:25.923		0.93483			4
2025.05.29	00:39:26.581		0.93482			4
2025.05.29	00:39:27.074	0.93357				2
2025.05.29	00:39:28.264	0.93356	0.93483			6
2025.05.29	00:39:29.057	0.93359				2
2025.05.29	00:39:43.228		0.93484			4
2025.05.29	00:39:44.824	0.93358				2
2025.05.29	00:39:45.323	0.93359				2
2025.05.29	00:39:48.299		0.93483			4
2025.05.29	00:39:49.234	0.93358	0.93484			6
2025.05.29	00:39:49.538		0.93483			4
2025.05.29	00:39:51.994		0.93484			4
2025.05.29	00:39:54.599		0.93483			4
2025.05.29	00:39:56.099		0.93484			4
2025.05.29	00:39:59.525	0.93359				2
2025.05.29	00:40:00.415	0.93359				2
2025.05.29	00:40:02.373	0.93358	0.93488			6
2025.05.29	00:40:02.678	0.93349	0.93481			6
2025.05.29	00:40:03.977	0.93354				2
2025.05.29	00:40:05.122	0.93357				2
2025.05.29	00:40:14.957	0.93358				2
2025.05.29	00:40:20.563	0.93357				2
2025.05.29	00:40:39.428	0.93354				2
2025.05.29	00:40:40.498	0.93361				2
2025.05.29	00:41:00.415	0.93361				2
2025.05.29	00:41:03.052		0.93481			4
2025.05.29	00:41:50.920		0.93466			4
2025.05.29	00:42:00.420	0.93361				2
2025.05.29	00:42:01.379		0.93481			4
2025.05.29	00:43:01.371	0.93361				2
2025.05.29	00:43:02.118		0.93481			4
2025.05.29	00:43:22.843	0.93391				2
2025.05.29	00:43:43.781	0.93378				2
2025.05.29	00:44:00.899	0.93378				2
2025.05.29	00:44:05.206		0.93481			4
2025.05.29	00:44:39.468		0.93480			4
2025.05.29	00:45:02.213	0.93372	0.93491			6
2025.05.29	00:45:04.654	0.93378	0.93480			6
2025.05.29	00:45:08.811	0.93396	0.93462			6
2025.05.29	00:45:09.466	0.93382				2
2025.05.29	00:45:30.654		0.93463			4
2025.05.29	00:45:31.803		0.93462			4
2025.05.29	00:45:38.700	0.93401	0.93463			6
2025.05.29	00:46:00.463	0.93401				2
2025.05.29	00:46:29.382	0.93399				2
2025.05.29	00:46:29.693	0.93401				2
2025.05.29	00:46:40.234		0.93463			4
2025.05.29	00:47:00.304	0.93401				2
2025.05.29	00:47:02.192	0.93395	0.93478			6
2025.05.29	00:47:04.653	0.93401	0.93468			6
2025.05.29	00:47:22.335		0.93467			4
2025.05.29	00:47:26.709		0.93466			4
2025.05.29	00:47:33.004		0.93467			4
2025.05.29	00:47:54.899		0.93466			4
2025.05.29	00:48:00.776	0.93401				2
2025.05.29	00:48:09.387	0.93399	0.93467			6
2025.05.29	00:48:12.197	0.93401				2
2025.05.29	00:48:26.706		0.93466			4
2025.05.29	00:48:28.202		0.93467			4
2025.05.29	00:48:40.501		0.93466			4
2025.05.29	00:48:42.037		0.93465			4
2025.05.29	00:48:45.302		0.93466			4
2025.05.29	00:48:52.499		0.93467			4
2025.05.29	00:49:01.322	0.93401				2
2025.05.29	00:49:18.899		0.93466			4
2025.05.29	00:49:31.425	0.93385	0.93468			6
2025.05.29	00:49:36.844	0.93382				2
2025.05.29	00:49:40.390	0.93388	0.93470			6
2025.05.29	00:49:40.921	0.93394				2
2025.05.29	00:49:46.794	0.93391	0.93468			6
2025.05.29	00:50:01.491	0.93385				2
2025.05.29	00:50:09.426	0.93394				2
2025.05.29	00:50:09.878	0.93400				2
2025.05.29	00:50:25.505		0.93467			4
2025.05.29	00:50:31.317		0.93468			4
2025.05.29	00:50:33.607	0.93403	0.93467			6
2025.05.29	00:50:38.100		0.93468			4
2025.05.29	00:50:46.490		0.93467			4
2025.05.29	00:50:46.841		0.93468			4
2025.05.29	00:51:01.807	0.93403				2
2025.05.29	00:51:07.203		0.93467			4
2025.05.29	00:51:25.930		0.93466			4
2025.05.29	00:51:59.571		0.93467			4
2025.05.29	00:52:00.307	0.93403				2
2025.05.29	00:52:34.094	0.93381				2
2025.05.29	00:52:36.747	0.93401				2
2025.05.29	00:52:46.843		0.93468			4
2025.05.29	00:53:00.308	0.93401				2
2025.05.29	00:53:02.165		0.93467			4
2025.05.29	00:53:23.152		0.93466			4
2025.05.29	00:53:32.949		0.93464			4
2025.05.29	00:53:42.309		0.93463			4
2025.05.29	00:53:47.407		0.93464			4
2025.05.29	00:53:55.201		0.93463			4
2025.05.29	00:53:59.589		0.93464			4
2025.05.29	00:54:00.313	0.93401				2
2025.05.29	00:54:10.209		0.93465			4
2025.05.29	00:54:11.422		0.93464			4
2025.05.29	00:54:37.540	0.93381	0.93463			6
2025.05.29	00:54:40.803	0.93404				2
2025.05.29	00:55:00.443	0.93404				2
2025.05.29	00:55:01.844		0.93464			4
2025.05.29	00:55:13.058	0.93391				2
2025.05.29	00:55:17.712		0.93461			4
2025.05.29	00:55:21.178	0.93393	0.93460			6
2025.05.29	00:55:25.928		0.93459			4
2025.05.29	00:55:28.058	0.93381	0.93458			6
2025.05.29	00:55:40.521		0.93461			4
2025.05.29	00:55:46.617		0.93462			4
2025.05.29	00:55:47.982		0.93458			4
2025.05.29	00:56:01.801	0.93381				2
2025.05.29	00:56:12.600		0.93457			4
2025.05.29	00:56:14.018	0.93351	0.93463			6
2025.05.29	00:56:17.619	0.93345	0.93455			6
2025.05.29	00:56:28.841	0.93352				2
2025.05.29	00:56:37.859	0.93348				2
2025.05.29	00:56:38.315	0.93360	0.93463			6
2025.05.29	00:56:38.860	0.93368				2
2025.05.29	00:56:39.496	0.93371				2
2025.05.29	00:56:40.014	0.93366				2
2025.05.29	00:56:42.298	0.93370				2
2025.05.29	00:57:01.405	0.93370				2
2025.05.29	00:57:05.275	0.93374				2
2025.05.29	00:57:05.749	0.93369				2
2025.05.29	00:57:17.655	0.93364				2
2025.05.29	00:57:17.964	0.93384				2
2025.05.29	00:57:18.279	0.93381				2
2025.05.29	00:57:33.222	0.93376				2
2025.05.29	00:57:39.604		0.93463			4
2025.05.29	00:57:48.218	0.93379				2
2025.05.29	00:57:48.799		0.93460			4
2025.05.29	00:57:49.525		0.93459			4
2025.05.29	00:57:50.328	0.93375				2
2025.05.29	00:57:57.284	0.93380	0.93462			6
2025.05.29	00:57:59.477	0.93373	0.93456			6
2025.05.29	00:57:59.781	0.93371	0.93451			6
2025.05.29	00:58:00.118	0.93371				2
2025.05.29	00:58:00.752	0.93361				2
2025.05.29	00:58:01.454	0.93365	0.93450			6
2025.05.29	00:58:01.757	0.93375	0.93451			6
2025.05.29	00:58:02.521		0.93450			4
2025.05.29	00:58:02.905		0.93452			4
2025.05.29	00:58:03.452	0.93378				2
2025.05.29	00:58:03.759	0.93375				2
2025.05.29	00:58:04.197		0.93455			4
2025.05.29	00:58:04.825		0.93451			4
2025.05.29	00:58:06.159		0.93452			4
2025.05.29	00:58:06.471		0.93451			4
2025.05.29	00:58:16.587	0.93371				2
2025.05.29	00:58:16.967	0.93376	0.93450			6
2025.05.29	00:58:17.647		0.93449			4
2025.05.29	00:58:20.705		0.93450			4
2025.05.29	00:58:27.428		0.93449			4
2025.05.29	00:58:27.924	0.93362	0.93452			6
2025.05.29	00:58:28.466	0.93371				2
2025.05.29	00:58:29.574	0.93383	0.93459			6
2025.05.29	00:58:29.877	0.93374	0.93451			6
2025.05.29	00:58:30.198		0.93453			4
2025.05.29	00:58:32.933	0.93368	0.93452			6
2025.05.29	00:58:33.434	0.93358	0.93453			6
2025.05.29	00:58:34.267	0.93374				2
2025.05.29	00:58:34.773	0.93364				2
2025.05.29	00:58:35.398		0.93452			4
2025.05.29	00:58:36.077		0.93454			4
2025.05.29	00:58:36.598		0.93458			4
2025.05.29	00:58:37.214		0.93455			4
2025.05.29	00:58:37.530		0.93454			4
2025.05.29	00:58:38.450	0.93363				2
2025.05.29	00:58:46.653		0.93456			4
2025.05.29	00:58:46.958	0.93371	0.93459			6
2025.05.29	00:58:47.259		0.93455			4
2025.05.29	00:59:00.370	0.93371				2
2025.05.29	00:59:04.210		0.93454			4
2025.05.29	00:59:04.587		0.93452			4
2025.05.29	00:59:19.584		0.93450			4
2025.05.29	00:59:40.703		0.93452			4
2025.05.29	00:59:41.105		0.93450			4
2025.05.29	00:59:48.409	0.93366				2
2025.05.29	00:59:53.244		0.93467			4
2025.05.29	00:59:54.157	0.93374	0.93466			6
2025.05.29	00:59:54.482	0.93368				2
2025.05.29	00:59:58.387	0.93374	0.93469			6
2025.05.29	00:59:59.045		0.93470			4
2025.05.29	00:59:59.474		0.93466			4
2025.05.29	01:00:00.309	0.93374	0.93464			6
2025.05.29	01:00:01.365	0.93371				2
2025.05.29	01:00:01.678	0.93374	0.93462			6
2025.05.29	01:00:02.316	0.93364	0.93476			6
2025.05.29	01:00:04.141	0.93362	0.93473			6
2025.05.29	01:00:04.443	0.93360	0.93471			6
2025.05.29	01:00:04.744	0.93361				2
2025.05.29	01:00:05.048	0.93378	0.93454			6
2025.05.29	01:00:05.384	0.93383				2
2025.05.29	01:00:05.699	0.93387	0.93452			6
2025.05.29	01:00:06.358	0.93381				2
2025.05.29	01:00:08.915	0.93384				2
2025.05.29	01:00:10.199	0.93386				2
2025.05.29	01:00:11.377	0.93381				2
2025.05.29	01:00:15.378	0.93389	0.93451			6
2025.05.29	01:00:16.202	0.93395	0.93452			6
2025.05.29	01:00:16.588	0.93399	0.93451			6
2025.05.29	01:00:17.100	0.93397				2
2025.05.29	01:00:20.097	0.93399	0.93452			6
2025.05.29	01:00:20.949		0.93450			4
2025.05.29	01:00:21.298	0.93401	0.93452			6
2025.05.29	01:00:23.387	0.93403				2
2025.05.29	01:00:24.020	0.93404	0.93447			6
2025.05.29	01:00:24.866		0.93449			4
2025.05.29	01:00:25.846		0.93447			4
2025.05.29	01:00:26.331	0.93401	0.93450			6
2025.05.29	01:00:27.062	0.93404	0.93446			6
2025.05.29	01:00:29.600	0.93401	0.93449			6
2025.05.29	01:00:30.373	0.93404	0.93446			6
2025.05.29	01:00:32.831		0.93445			4
2025.05.29	01:00:34.355	0.93403	0.93448			6
2025.05.29	01:00:38.115	0.93404	0.93446			6
2025.05.29	01:00:38.704		0.93445			4
2025.05.29	01:00:39.852		0.93446			4
2025.05.29	01:00:40.383		0.93448			4
2025.05.29	01:00:43.522	0.93406				2
2025.05.29	01:00:43.869		0.93447			4
2025.05.29	01:00:44.352	0.93409				2
2025.05.29	01:00:46.110		0.93449			4
2025.05.29	01:00:52.193		0.93454			4
2025.05.29	01:01:00.173	0.93409	0.93449			6
2025.05.29	01:01:00.479	0.93408	0.93451			6
2025.05.29	01:01:02.021	0.93407	0.93453			6
2025.05.29	01:01:02.879	0.93409	0.93452			6
2025.05.29	01:01:04.807		0.93450			4
2025.05.29	01:01:08.577	0.93407	0.93451			6
2025.05.29	01:01:13.875	0.93409	0.93450			6
2025.05.29	01:01:15.300		0.93452			4
2025.05.29	01:01:27.585		0.93450			4
2025.05.29	01:01:28.504		0.93448			4
2025.05.29	01:01:31.333	0.93408	0.93451			6
2025.05.29	01:01:45.465	0.93409	0.93449			6
2025.05.29	01:01:56.229	0.93408	0.93455			6
2025.05.29	01:01:59.492		0.93453			4
2025.05.29	01:02:00.656	0.93408				2
2025.05.29	01:02:03.036		0.93455			4
2025.05.29	01:02:17.516	0.93409	0.93453			6
2025.05.29	01:02:19.664		0.93455			4
2025.05.29	01:02:20.041	0.93408	0.93456			6
2025.05.29	01:02:20.351		0.93454			4
2025.05.29	01:02:22.845		0.93456			4
2025.05.29	01:02:33.990	0.93406	0.93455			6
2025.05.29	01:02:34.382		0.93457			4
2025.05.29	01:02:35.496		0.93459			4
2025.05.29	01:02:37.200	0.93403				2
2025.05.29	01:02:47.280		0.93458			4
2025.05.29	01:02:49.500		0.93459			4
2025.05.29	01:02:53.284		0.93458			4
2025.05.29	01:02:58.805		0.93459			4
2025.05.29	01:03:00.440	0.93403				2
2025.05.29	01:03:05.995		0.93458			4
2025.05.29	01:03:07.504		0.93459			4
2025.05.29	01:03:08.700		0.93456			4
2025.05.29	01:03:09.018	0.93404	0.93455			6
2025.05.29	01:03:11.245	0.93403				2
2025.05.29	01:03:12.299		0.93454			4
2025.05.29	01:03:14.949		0.93455			4
2025.05.29	01:03:40.949	0.93404	0.93454			6
2025.05.29	01:03:42.379		0.93455			4
2025.05.29	01:03:44.998		0.93454			4
2025.05.29	01:03:45.598		0.93455			4
2025.05.29	01:03:56.245	0.93406				2
2025.05.29	01:04:00.003	0.93406				2
2025.05.29	01:04:02.102		0.93454			4
2025.05.29	01:04:09.608		0.93455			4
2025.05.29	01:04:20.699		0.93456			4
2025.05.29	01:04:21.020		0.93458			4
2025.05.29	01:05:00.407	0.93406				2
2025.05.29	01:05:21.899		0.93458			4
2025.05.29	01:05:41.398		0.93460			4
2025.05.29	01:05:59.213		0.93459			4
2025.05.29	01:06:00.300	0.93406				2
2025.05.29	01:06:00.622		0.93458			4
2025.05.29	01:06:22.502		0.93457			4
2025.05.29	01:06:30.900		0.93458			4
2025.05.29	01:06:39.600		0.93459			4
2025.05.29	01:06:40.501		0.93458			4
2025.05.29	01:07:01.317	0.93406				2
2025.05.29	01:07:12.388		0.93459			4
2025.05.29	01:07:19.490		0.93460			4
2025.05.29	01:07:19.800		0.93461			4
2025.05.29	01:07:37.449		0.93460			4
2025.05.29	01:07:47.514		0.93461			4
2025.05.29	01:07:59.639		0.93460			4
2025.05.29	01:08:01.318	0.93406				2
2025.05.29	01:08:01.620		0.93461			4
2025.05.29	01:08:25.501		0.93460			4
2025.05.29	01:08:41.108		0.93461			4
2025.05.29	01:08:42.899		0.93460			4
2025.05.29	01:08:44.401		0.93461			4
2025.05.29	01:09:00.609	0.93396				2
2025.05.29	01:09:10.502	0.93391				2
2025.05.29	01:09:15.649	0.93392	0.93460			6
2025.05.29	01:09:17.206	0.93391	0.93461			6
2025.05.29	01:09:17.690	0.93400	0.93458			6
2025.05.29	01:09:18.000		0.93460			4
2025.05.29	01:09:20.160		0.93459			4
2025.05.29	01:09:21.005		0.93440			4
2025.05.29	01:09:23.499	0.93403				2
2025.05.29	01:10:00.444	0.93403				2
2025.05.29	01:10:06.865	0.93406				2
2025.05.29	01:10:09.300	0.93403				2
2025.05.29	01:10:10.002	0.93406				2
2025.05.29	01:10:15.960		0.93439			4
2025.05.29	01:10:50.708		0.93434			4
2025.05.29	01:10:51.491		0.93435			4
2025.05.29	01:10:55.205		0.93439			4
2025.05.29	01:10:59.272		0.93435			4
2025.05.29	01:11:00.386	0.93406				2
2025.05.29	01:11:01.139		0.93439			4
2025.05.29	01:11:03.398		0.93435			4
2025.05.29	01:11:04.100		0.93438			4
2025.05.29	01:11:08.999		0.93436			4
2025.05.29	01:12:01.268	0.93406				2
2025.05.29	01:12:12.602		0.93436			4
2025.05.29	01:12:22.688		0.93431			4
2025.05.29	01:12:24.602	0.93407				2
2025.05.29	01:12:24.938		0.93433			4
2025.05.29	01:12:25.600	0.93411	0.93436			6
2025.05.29	01:12:25.916	0.93409				2
2025.05.29	01:12:37.199	0.93407				2
2025.05.29	01:13:00.756	0.93407				2
2025.05.29	01:13:01.366		0.93440			4
2025.05.29	01:13:11.339		0.93437			4
2025.05.29	01:13:29.694		0.93435			4
2025.05.29	01:14:01.320	0.93407				2
2025.05.29	01:14:24.693		0.93434			4
2025.05.29	01:14:25.756	0.93404				2
2025.05.29	01:14:30.601	0.93405				2
2025.05.29	01:14:33.607	0.93404				2
2025.05.29	01:15:00.396	0.93407	0.93437			6
2025.05.29	01:15:01.731	0.93406	0.93435			6
2025.05.29	01:15:02.919	0.93407				2
2025.05.29	01:15:03.362		0.93439			4
2025.05.29	01:15:03.675	0.93409	0.93440			6
2025.05.29	01:15:04.352	0.93412	0.93443			6
2025.05.29	01:15:07.051	0.93414	0.93445			6
2025.05.29	01:15:13.524		0.93444			4
2025.05.29	01:15:13.833		0.93445			4
2025.05.29	01:15:14.563		0.93444			4
2025.05.29	01:15:14.887		0.93445			4
2025.05.29	01:15:17.565		0.93444			4
2025.05.29	01:15:17.995		0.93445			4
2025.05.29	01:15:33.122		0.93444			4
2025.05.29	01:15:33.457		0.93445			4
2025.05.29	01:15:34.167		0.93444			4
2025.05.29	01:15:34.572		0.93445			4
2025.05.29	01:15:36.253		0.93444			4
2025.05.29	01:15:36.724		0.93445			4
2025.05.29	01:15:37.302		0.93444			4
2025.05.29	01:15:37.651		0.93445			4
2025.05.29	01:15:38.400		0.93444			4
2025.05.29	01:15:38.701		0.93445			4
2025.05.29	01:15:40.429		0.93444			4
2025.05.29	01:15:40.742		0.93445			4
2025.05.29	01:15:42.520		0.93444			4
2025.05.29	01:15:42.853		0.93445			4
2025.05.29	01:15:43.563		0.93444			4
2025.05.29	01:15:43.902		0.93445			4
2025.05.29	01:15:44.607		0.93444			4
2025.05.29	01:15:44.939		0.93445			4
2025.05.29	01:15:45.650		0.93444			4
2025.05.29	01:15:46.043		0.93445			4
2025.05.29	01:15:46.694		0.93444			4
2025.05.29	01:15:48.075		0.93445			4
2025.05.29	01:15:48.782		0.93443			4
2025.05.29	01:15:49.149		0.93444			4
2025.05.29	01:15:51.245		0.93445			4
2025.05.29	01:15:51.931		0.93444			4
2025.05.29	01:15:52.263		0.93445			4
2025.05.29	01:15:52.962		0.93444			4
2025.05.29	01:15:53.290		0.93445			4
2025.05.29	01:15:54.005		0.93444			4
2025.05.29	01:15:54.353		0.93445			4
2025.05.29	01:15:55.047		0.93444			4
2025.05.29	01:15:55.366		0.93445			4
2025.05.29	01:15:56.091		0.93444			4
2025.05.29	01:15:56.424		0.93445			4
2025.05.29	01:15:57.136		0.93443			4
2025.05.29	01:15:57.440		0.93445			4
2025.05.29	01:15:58.180		0.93444			4
2025.05.29	01:15:58.495		0.93445			4
2025.05.29	01:15:59.227		0.93443			4
2025.05.29	01:15:59.535		0.93445			4
2025.05.29	01:16:00.269	0.93414	0.93443			6
2025.05.29	01:16:00.591		0.93445			4
2025.05.29	01:16:01.313		0.93444			4
2025.05.29	01:16:01.620		0.93445			4
2025.05.29	01:16:02.356		0.93444			4
2025.05.29	01:16:02.665		0.93445			4
2025.05.29	01:16:09.031		0.93444			4
2025.05.29	01:16:09.790		0.93445			4
2025.05.29	01:16:10.645		0.93444			4
2025.05.29	01:16:10.950		0.93445			4
2025.05.29	01:16:13.182		0.93444			4
2025.05.29	01:16:13.912		0.93445			4
2025.05.29	01:16:15.993		0.93444			4
2025.05.29	01:16:17.077		0.93445			4
2025.05.29	01:16:17.763		0.93444			4
2025.05.29	01:16:18.099		0.93445			4
2025.05.29	01:16:20.480	0.93412	0.93442			6
2025.05.29	01:16:21.848	0.93413				2
2025.05.29	01:16:22.199	0.93412				2
2025.05.29	01:16:23.920	0.93413				2
2025.05.29	01:16:24.235	0.93412				2
2025.05.29	01:16:24.959	0.93413				2
2025.05.29	01:16:25.322	0.93412				2
2025.05.29	01:16:25.757	0.93411				2
2025.05.29	01:16:26.121	0.93414				2
2025.05.29	01:16:26.475	0.93412				2
2025.05.29	01:16:27.019	0.93413				2
2025.05.29	01:16:27.330	0.93412				2
2025.05.29	01:16:28.373	0.93413				2
2025.05.29	01:16:29.081	0.93415				2
2025.05.29	01:16:31.497	0.93417				2
2025.05.29	01:16:34.271	0.93413				2
2025.05.29	01:16:38.412	0.93414				2
2025.05.29	01:16:39.074	0.93413				2
2025.05.29	01:16:39.752	0.93415				2
2025.05.29	01:16:45.359	0.93413				2
2025.05.29	01:16:49.955	0.93414				2
2025.05.29	01:16:50.853		0.93445			4
2025.05.29	01:16:51.828	0.93417				2
2025.05.29	01:16:52.446	0.93420				2
2025.05.29	01:16:53.003	0.93416	0.93444			6
2025.05.29	01:16:53.596	0.93419	0.93445			6
2025.05.29	01:16:54.361		0.93440			4
2025.05.29	01:16:54.724	0.93418				2
2025.05.29	01:16:55.083	0.93419				2
2025.05.29	01:16:55.397	0.93424	0.93446			6
2025.05.29	01:16:56.428	0.93419	0.93440			6
2025.05.29	01:16:56.863	0.93424	0.93446			6
2025.05.29	01:16:57.298	0.93420	0.93445			6
2025.05.29	01:16:57.622	0.93419	0.93446			6
2025.05.29	01:16:59.035	0.93420	0.93445			6
2025.05.29	01:16:59.408	0.93419	0.93446			6
2025.05.29	01:17:00.057	0.93420	0.93445			6
2025.05.29	01:17:00.443	0.93419	0.93446			6
2025.05.29	01:17:01.098	0.93420	0.93445			6
2025.05.29	01:17:01.482	0.93419	0.93446			6
2025.05.29	01:17:02.130	0.93420	0.93445			6
2025.05.29	01:17:02.515	0.93419	0.93446			6
2025.05.29	01:17:03.162	0.93420	0.93445			6
2025.05.29	01:17:03.557	0.93418	0.93447			6
2025.05.29	01:17:04.198	0.93420	0.93445			6
2025.05.29	01:17:04.597	0.93418	0.93447			6
2025.05.29	01:17:06.270	0.93420	0.93445			6
2025.05.29	01:17:06.667	0.93418	0.93447			6
2025.05.29	01:17:07.298	0.93423	0.93452			6
2025.05.29	01:17:07.929	0.93422				2
2025.05.29	01:17:08.343	0.93421				2
2025.05.29	01:17:11.164		0.93451			4
2025.05.29	01:17:11.474		0.93452			4
2025.05.29	01:17:17.325		0.93451			4
2025.05.29	01:17:17.699		0.93452			4
2025.05.29	01:17:21.840	0.93422				2
2025.05.29	01:17:24.826	0.93423				2
2025.05.29	01:17:25.194	0.93422				2
2025.05.29	01:17:28.829	0.93423				2
2025.05.29	01:17:29.176	0.93422				2
2025.05.29	01:17:29.860	0.93423				2
2025.05.29	01:17:30.205	0.93422				2
2025.05.29	01:17:32.037	0.93423				2
2025.05.29	01:17:32.437	0.93422				2
2025.05.29	01:17:32.876	0.93421				2
2025.05.29	01:17:33.299	0.93423				2
2025.05.29	01:17:33.644	0.93424	0.93451			6
2025.05.29	01:17:33.967	0.93423	0.93452			6
2025.05.29	01:17:35.990	0.93421				2
2025.05.29	01:17:36.390	0.93423				2
2025.05.29	01:17:36.730	0.93424				2
2025.05.29	01:17:37.040	0.93423				2
2025.05.29	01:17:38.058	0.93422				2
2025.05.29	01:17:38.561	0.93423				2
2025.05.29	01:17:39.098	0.93422				2
2025.05.29	01:17:41.458	0.93423				2
2025.05.29	01:17:42.207	0.93422				2
2025.05.29	01:17:43.600	0.93423				2
2025.05.29	01:17:44.280	0.93422				2
2025.05.29	01:17:44.612	0.93423				2
2025.05.29	01:17:45.315	0.93422				2
2025.05.29	01:17:45.639	0.93423				2
2025.05.29	01:17:46.355	0.93422				2
2025.05.29	01:17:47.145	0.93423				2
2025.05.29	01:17:47.448	0.93422				2
2025.05.29	01:17:49.464	0.93423				2
2025.05.29	01:17:50.855	0.93430				2
2025.05.29	01:17:51.158	0.93429				2
2025.05.29	01:17:52.077	0.93428				2
2025.05.29	01:17:54.108		0.93451			4
2025.05.29	01:17:54.519		0.93452			4
2025.05.29	01:18:00.081	0.93428				2
2025.05.29	01:18:03.109		0.93453			4
2025.05.29	01:18:03.513		0.93452			4
2025.05.29	01:18:04.158		0.93453			4
2025.05.29	01:18:04.555		0.93452			4
2025.05.29	01:18:05.404		0.93453			4
2025.05.29	01:18:05.716		0.93452			4
2025.05.29	01:18:06.242		0.93453			4
2025.05.29	01:18:06.621	0.93427	0.93452			6
2025.05.29	01:18:06.963		0.93453			4
2025.05.29	01:18:07.664		0.93452			4
2025.05.29	01:18:07.965		0.93453			4
2025.05.29	01:18:08.825		0.93452			4
2025.05.29	01:18:09.358		0.93453			4
2025.05.29	01:18:09.730		0.93452			4
2025.05.29	01:18:10.428		0.93453			4
2025.05.29	01:18:10.764	0.93428	0.93452			6
2025.05.29	01:18:11.465		0.93453			4
2025.05.29	01:18:11.935		0.93452			4
2025.05.29	01:18:12.506		0.93453			4
2025.05.29	01:18:12.965		0.93452			4
2025.05.29	01:18:13.499		0.93453			4
2025.05.29	01:18:14.002		0.93452			4
2025.05.29	01:18:14.400		0.93453			4
2025.05.29	01:18:16.683	0.93431	0.93456			6
2025.05.29	01:18:16.990		0.93455			4
2025.05.29	01:18:17.975	0.93432	0.93456			6
2025.05.29	01:18:18.984		0.93455			4
2025.05.29	01:18:19.318		0.93456			4
2025.05.29	01:18:20.531	0.93431				2
2025.05.29	01:18:21.258		0.93455			4
2025.05.29	01:18:21.994		0.93456			4
2025.05.29	01:18:22.773		0.93455			4
2025.05.29	01:18:23.711	0.93430	0.93456			6
2025.05.29	01:18:25.400	0.93429	0.93455			6
2025.05.29	01:18:25.856		0.93456			4
2025.05.29	01:18:26.412	0.93430	0.93454			6
2025.05.29	01:18:26.865	0.93429	0.93456			6
2025.05.29	01:18:27.437	0.93430	0.93454			6
2025.05.29	01:18:27.882	0.93429	0.93456			6
2025.05.29	01:18:28.474	0.93430	0.93455			6
2025.05.29	01:18:28.892		0.93456			4
2025.05.29	01:18:29.544	0.93429	0.93455			6
2025.05.29	01:18:29.931	0.93430	0.93456			6
2025.05.29	01:18:30.582	0.93429	0.93455			6
2025.05.29	01:18:30.971		0.93456			4
2025.05.29	01:18:31.324		0.93455			4
2025.05.29	01:18:31.638		0.93456			4
2025.05.29	01:18:32.399	0.93430	0.93454			6
2025.05.29	01:18:32.784	0.93429	0.93456			6
2025.05.29	01:18:34.080	0.93430	0.93454			6
2025.05.29	01:18:34.397	0.93429	0.93455			6
2025.05.29	01:18:36.152	0.93431	0.93453			6
2025.05.29	01:18:36.463	0.93429	0.93456			6
2025.05.29	01:18:37.003	0.93430				2
2025.05.29	01:18:37.688	0.93431				2
2025.05.29	01:18:39.001		0.93455			4
2025.05.29	01:18:39.318	0.93430	0.93456			6
2025.05.29	01:18:40.040		0.93455			4
2025.05.29	01:18:40.426		0.93456			4
2025.05.29	01:18:50.474		0.93454			4
2025.05.29	01:18:50.788		0.93456			4
2025.05.29	01:18:51.694	0.93431				2
2025.05.29	01:18:54.785		0.93455			4
2025.05.29	01:18:55.192		0.93456			4
2025.05.29	01:18:55.604	0.93429				2
2025.05.29	01:18:59.016	0.93430	0.93455			6
2025.05.29	01:18:59.709	0.93429	0.93456			6
2025.05.29	01:19:00.188	0.93429				2
2025.05.29	01:19:01.913	0.93430				2
2025.05.29	01:19:06.070		0.93455			4
2025.05.29	01:19:06.449		0.93456			4
2025.05.29	01:19:08.331		0.93455			4
2025.05.29	01:19:08.663		0.93456			4
2025.05.29	01:19:09.306		0.93455			4
2025.05.29	01:19:09.698		0.93456			4
2025.05.29	01:19:11.600	0.93429				2
2025.05.29	01:19:11.905		0.93457			4
2025.05.29	01:19:14.744		0.93456			4
2025.05.29	01:19:16.789	0.93430	0.93457			6
2025.05.29	01:19:17.531	0.93432	0.93454			6
2025.05.29	01:19:17.949		0.93455			4
2025.05.29	01:19:18.766		0.93456			4
2025.05.29	01:19:20.058		0.93455			4
2025.05.29	01:19:20.701		0.93456			4
2025.05.29	01:19:21.097	0.93433				2
2025.05.29	01:19:23.166		0.93455			4
2025.05.29	01:19:25.097	0.93432	0.93456			6
2025.05.29	01:19:26.276		0.93455			4
2025.05.29	01:19:26.651		0.93456			4
2025.05.29	01:19:27.181		0.93455			4
2025.05.29	01:19:27.900		0.93456			4
2025.05.29	01:19:31.036		0.93455			4
2025.05.29	01:19:31.371		0.93456			4
2025.05.29	01:19:31.717		0.93455			4
2025.05.29	01:19:32.220		0.93456			4
2025.05.29	01:19:33.769		0.93455			4
2025.05.29	01:19:37.567	0.93431				2
2025.05.29	01:19:38.648	0.93436	0.93457			6
2025.05.29	01:19:56.060	0.93435				2
2025.05.29	01:20:00.600	0.93435				2
2025.05.29	01:20:07.195	0.93434	0.93459			6
2025.05.29	01:20:07.500	0.93435	0.93457			6
2025.05.29	01:20:07.973		0.93458			4
2025.05.29	01:20:09.355		0.93459			4
2025.05.29	01:20:09.791		0.93458			4
2025.05.29	01:20:17.045		0.93459			4
2025.05.29	01:20:18.209		0.93458			4
2025.05.29	01:20:18.605		0.93459			4
2025.05.29	01:20:19.200		0.93458			4
2025.05.29	01:20:19.503		0.93459			4
2025.05.29	01:20:20.414		0.93458			4
2025.05.29	01:20:20.755		0.93459			4
2025.05.29	01:20:25.587	0.93436				2
2025.05.29	01:20:27.600		0.93458			4
2025.05.29	01:20:27.924	0.93437	0.93459			6
2025.05.29	01:20:39.599	0.93436				2
2025.05.29	01:20:41.750	0.93434				2
2025.05.29	01:20:42.587	0.93435				2
2025.05.29	01:20:44.951	0.93434				2
2025.05.29	01:20:45.362		0.93458			4
2025.05.29	01:20:48.644		0.93459			4
2025.05.29	01:20:49.230		0.93458			4
2025.05.29	01:20:49.854		0.93459			4
2025.05.29	01:20:50.402		0.93458			4
2025.05.29	01:20:50.720		0.93459			4
2025.05.29	01:20:51.635	0.93435	0.93458			6
2025.05.29	01:20:52.397	0.93436	0.93459			6
2025.05.29	01:20:53.177	0.93434				2
2025.05.29	01:20:54.610		0.93458			4
2025.05.29	01:20:56.548		0.93459			4
2025.05.29	01:20:56.882	0.93436				2
2025.05.29	01:20:58.203		0.93458			4
2025.05.29	01:20:58.616		0.93459			4
2025.05.29	01:21:00.565	0.93436				2
2025.05.29	01:21:01.904		0.93460			4
2025.05.29	01:21:03.458	0.93434	0.93458			6
2025.05.29	01:21:04.356	0.93435	0.93459			6
2025.05.29	01:21:08.592	0.93436	0.93460			6
2025.05.29	01:21:09.629		0.93459			4
2025.05.29	01:21:10.665		0.93460			4
2025.05.29	01:21:11.702		0.93459			4
2025.05.29	01:21:12.736		0.93460			4
2025.05.29	01:21:13.209		0.93457			4
2025.05.29	01:21:13.775	0.93435				2
2025.05.29	01:21:14.697	0.93436				2
2025.05.29	01:21:15.733	0.93435				2
2025.05.29	01:21:16.101	0.93436				2
2025.05.29	01:21:17.274		0.93456			4
2025.05.29	01:21:18.300	0.93435	0.93457			6
2025.05.29	01:21:19.090		0.93456			4
2025.05.29	01:21:19.430		0.93457			4
2025.05.29	01:21:24.256	0.93436				2
2025.05.29	01:21:25.268	0.93435				2
2025.05.29	01:21:26.787	0.93436	0.93456			6
2025.05.29	01:21:27.955	0.93435	0.93457			6
2025.05.29	01:21:28.925		0.93456			4
2025.05.29	01:21:29.380	0.93436	0.93457			6
2025.05.29	01:21:31.902	0.93435				2
2025.05.29	01:21:33.902	0.93436				2
2025.05.29	01:21:34.241	0.93438				2
2025.05.29	01:21:34.968	0.93436	0.93454			6
2025.05.29	01:21:35.273		0.93456			4
2025.05.29	01:21:36.829		0.93457			4
2025.05.29	01:21:37.180		0.93456			4
2025.05.29	01:21:38.380		0.93455			4
2025.05.29	01:21:39.420		0.93456			4
2025.05.29	01:21:41.319	0.93437	0.93455			6
2025.05.29	01:21:43.409		0.93456			4
2025.05.29	01:21:45.377		0.93455			4
2025.05.29	01:21:46.543		0.93456			4
2025.05.29	01:21:53.465	0.93440	0.93458			6
2025.05.29	01:21:53.771	0.93437	0.93456			6
2025.05.29	01:21:58.211		0.93455			4
2025.05.29	01:21:58.523		0.93456			4
2025.05.29	01:21:59.199		0.93455			4
2025.05.29	01:22:00.003	0.93437	0.93456			6
2025.05.29	01:22:02.399		0.93455			4
2025.05.29	01:22:02.735		0.93456			4
2025.05.29	01:22:05.693		0.93455			4
2025.05.29	01:22:07.472	0.93439	0.93457			6
2025.05.29	01:22:13.678	0.93438				2
2025.05.29	01:22:27.809		0.93456			4
2025.05.29	01:22:30.048	0.93440	0.93457			6
2025.05.29	01:22:31.122		0.93458			4
2025.05.29	01:22:31.798		0.93457			4
2025.05.29	01:22:32.351		0.93458			4
2025.05.29	01:22:36.053	0.93438				2
2025.05.29	01:22:36.357		0.93457			4
2025.05.29	01:22:37.709		0.93456			4
2025.05.29	01:22:39.368		0.93457			4
2025.05.29	01:22:40.200		0.93456			4
2025.05.29	01:22:41.372	0.93439	0.93457			6
2025.05.29	01:22:55.455	0.93438				2
2025.05.29	01:23:00.034	0.93438				2
2025.05.29	01:23:01.371		0.93456			4
2025.05.29	01:23:01.839	0.93439	0.93457			6
2025.05.29	01:23:03.000	0.93440	0.93458			6
2025.05.29	01:23:03.691	0.93442				2
2025.05.29	01:23:18.232	0.93439				2
2025.05.29	01:23:19.199		0.93457			4
2025.05.29	01:23:21.467		0.93458			4
2025.05.29	01:23:23.702		0.93457			4
2025.05.29	01:23:24.102	0.93440	0.93458			6
2025.05.29	01:23:25.801		0.93457			4
2025.05.29	01:23:29.807	0.93439	0.93458			6
2025.05.29	01:23:30.315		0.93457			4
2025.05.29	01:23:31.722	0.93440				2
2025.05.29	01:23:33.000		0.93458			4
2025.05.29	01:23:36.537	0.93439				2
2025.05.29	01:23:37.551		0.93457			4
2025.05.29	01:24:00.599	0.93443	0.93460			6
2025.05.29	01:24:00.907	0.93441	0.93458			6
2025.05.29	01:24:10.324		0.93459			4
2025.05.29	01:24:11.215		0.93458			4
2025.05.29	01:24:12.395		0.93459			4
2025.05.29	01:24:12.757		0.93458			4
2025.05.29	01:24:14.597	0.93440				2
2025.05.29	01:24:17.643	0.93441				2
2025.05.29	01:24:18.009	0.93443	0.93459			6
2025.05.29	01:24:19.072		0.93460			4
2025.05.29	01:24:19.650		0.93461			4
2025.05.29	01:24:20.102		0.93460			4
2025.05.29	01:24:20.688		0.93461			4
2025.05.29	01:24:20.997		0.93460			4
2025.05.29	01:24:23.388		0.93461			4
2025.05.29	01:24:23.701		0.93460			4
2025.05.29	01:24:25.868		0.93461			4
2025.05.29	01:24:26.196		0.93460			4
2025.05.29	01:24:27.035		0.93461			4
2025.05.29	01:24:27.353		0.93460			4
2025.05.29	01:24:43.793	0.93445	0.93461			6
2025.05.29	01:24:48.388	0.93441	0.93459			6
2025.05.29	01:24:53.844		0.93458			4
2025.05.29	01:24:54.881		0.93459			4
2025.05.29	01:24:57.602		0.93458			4
2025.05.29	01:24:59.282		0.93459			4
2025.05.29	01:25:00.370	0.93443				2
2025.05.29	01:25:00.681	0.93441	0.93458			6
2025.05.29	01:25:01.240	0.93446	0.93459			6
2025.05.29	01:25:01.930	0.93445	0.93460			6
2025.05.29	01:25:02.337	0.93444	0.93459			6
2025.05.29	01:25:08.278	0.93443				2
2025.05.29	01:25:25.380	0.93444	0.93460			6
2025.05.29	01:25:26.099		0.93459			4
2025.05.29	01:25:27.345		0.93460			4
2025.05.29	01:25:27.869		0.93459			4
2025.05.29	01:25:28.563		0.93460			4
2025.05.29	01:25:29.101		0.93459			4
2025.05.29	01:25:29.531		0.93460			4
2025.05.29	01:25:29.980		0.93459			4
2025.05.29	01:25:30.315		0.93460			4
2025.05.29	01:25:31.541		0.93459			4
2025.05.29	01:25:33.479		0.93460			4
2025.05.29	01:25:34.200		0.93459			4
2025.05.29	01:25:34.645	0.93443				2
2025.05.29	01:25:41.050		0.93458			4
2025.05.29	01:25:41.367		0.93459			4
2025.05.29	01:25:41.889		0.93458			4
2025.05.29	01:25:43.446		0.93459			4
2025.05.29	01:25:44.686		0.93458			4
2025.05.29	01:25:46.136		0.93459			4
2025.05.29	01:25:52.386		0.93458			4
2025.05.29	01:25:53.403		0.93459			4
2025.05.29	01:25:56.835	0.93442	0.93458			6
2025.05.29	01:25:59.099		0.93459			4
2025.05.29	01:26:00.899	0.93442				2
2025.05.29	01:26:05.999	0.93445	0.93460			6
2025.05.29	01:26:07.220	0.93444	0.93459			6
2025.05.29	01:26:08.065		0.93460			4
2025.05.29	01:26:08.462		0.93459			4
2025.05.29	01:26:10.308		0.93460			4
2025.05.29	01:26:11.874	0.93446	0.93461			6
2025.05.29	01:26:14.007		0.93460			4
2025.05.29	01:26:15.039		0.93461			4
2025.05.29	01:26:20.268		0.93460			4
2025.05.29	01:26:22.310		0.93461			4
2025.05.29	01:26:23.402		0.93460			4
2025.05.29	01:26:24.193		0.93461			4
2025.05.29	01:26:24.539		0.93460			4
2025.05.29	01:26:25.416		0.93461			4
2025.05.29	01:26:26.103		0.93460			4
2025.05.29	01:26:28.254	0.93447				2
2025.05.29	01:26:29.340		0.93461			4
2025.05.29	01:26:31.176	0.93446				2
2025.05.29	01:26:31.501		0.93460			4
2025.05.29	01:26:33.703		0.93461			4
2025.05.29	01:26:34.800		0.93460			4
2025.05.29	01:26:35.911		0.93461			4
2025.05.29	01:26:36.600		0.93460			4
2025.05.29	01:26:37.859	0.93447	0.93461			6
2025.05.29	01:26:38.936		0.93460			4
2025.05.29	01:26:40.063	0.93446				2
2025.05.29	01:26:41.101		0.93461			4
2025.05.29	01:26:41.423		0.93460			4
2025.05.29	01:26:42.000		0.93461			4
2025.05.29	01:26:43.301	0.93448	0.93462			6
2025.05.29	01:26:43.616	0.93445	0.93463			6
2025.05.29	01:26:43.947	0.93444	0.93462			6
2025.05.29	01:26:44.800	0.93443	0.93463			6
2025.05.29	01:26:45.300	0.93446				2
2025.05.29	01:26:46.403	0.93445				2
2025.05.29	01:26:48.006	0.93446				2
2025.05.29	01:26:49.203	0.93445				2
2025.05.29	01:26:49.680	0.93446	0.93462			6
2025.05.29	01:26:54.694	0.93445	0.93463			6
2025.05.29	01:26:55.691		0.93462			4
2025.05.29	01:26:57.162		0.93463			4
2025.05.29	01:26:57.679		0.93462			4
2025.05.29	01:26:59.218	0.93446				2
2025.05.29	01:26:59.689	0.93445				2
2025.05.29	01:27:00.005	0.93445	0.93463			6
2025.05.29	01:27:00.533	0.93444	0.93460			6
2025.05.29	01:27:02.738	0.93446				2
2025.05.29	01:27:12.685		0.93459			4
2025.05.29	01:27:16.501		0.93460			4
2025.05.29	01:27:17.622		0.93459			4
2025.05.29	01:27:33.300	0.93444	0.93458			6
2025.05.29	01:27:34.204		0.93459			4
2025.05.29	01:27:36.278	0.93445	0.93458			6
2025.05.29	01:27:37.800		0.93459			4
2025.05.29	01:27:39.463		0.93458			4
2025.05.29	01:27:40.085	0.93446	0.93459			6
2025.05.29	01:27:42.300	0.93445				2
2025.05.29	01:27:43.386	0.93446				2
2025.05.29	01:27:44.244	0.93445				2
2025.05.29	01:27:47.470		0.93460			4
2025.05.29	01:27:48.702		0.93459			4
2025.05.29	01:27:49.628	0.93446				2
2025.05.29	01:27:51.299	0.93445				2
2025.05.29	01:27:52.853	0.93444				2
2025.05.29	01:27:54.532	0.93443	0.93460			6
2025.05.29	01:27:55.072	0.93444	0.93459			6
2025.05.29	01:27:55.397		0.93460			4
2025.05.29	01:27:56.401	0.93445				2
2025.05.29	01:28:00.300	0.93445				2
2025.05.29	01:28:00.870	0.93446				2
2025.05.29	01:28:01.361	0.93445				2
2025.05.29	01:28:03.703		0.93459			4
2025.05.29	01:28:04.801		0.93460			4
2025.05.29	01:28:06.009		0.93459			4
2025.05.29	01:28:07.870		0.93460			4
2025.05.29	01:28:09.357		0.93459			4
2025.05.29	01:28:10.979		0.93460			4
2025.05.29	01:28:17.720		0.93459			4
2025.05.29	01:28:22.801		0.93460			4
2025.05.29	01:28:27.300		0.93459			4
2025.05.29	01:28:29.100		0.93460			4
2025.05.29	01:28:30.300		0.93459			4
2025.05.29	01:28:35.100		0.93460			4
2025.05.29	01:28:37.801		0.93459			4
2025.05.29	01:28:39.301		0.93460			4
2025.05.29	01:28:40.178	0.93444				2
2025.05.29	01:28:40.800		0.93459			4
2025.05.29	01:28:43.501		0.93460			4
2025.05.29	01:28:44.458		0.93459			4
2025.05.29	01:28:51.643		0.93460			4
2025.05.29	01:28:53.101		0.93459			4
2025.05.29	01:28:54.756		0.93460			4
2025.05.29	01:28:55.894	0.93446				2
2025.05.29	01:28:57.089		0.93459			4
2025.05.29	01:28:59.939		0.93460			4
2025.05.29	01:29:00.595	0.93446				2
2025.05.29	01:29:01.765	0.93447				2
2025.05.29	01:29:02.269		0.93459			4
2025.05.29	01:29:04.631	0.93448				2
2025.05.29	01:29:15.600		0.93460			4
2025.05.29	01:29:18.721		0.93459			4
2025.05.29	01:29:36.329		0.93460			4
2025.05.29	01:29:37.501		0.93459			4
2025.05.29	01:29:38.133		0.93460			4
2025.05.29	01:29:40.606		0.93459			4
2025.05.29	01:29:42.308		0.93460			4
2025.05.29	01:29:42.679		0.93459			4
2025.05.29	01:29:43.357		0.93460			4
2025.05.29	01:29:43.722		0.93459			4
2025.05.29	01:29:44.396		0.93460			4
2025.05.29	01:29:45.023		0.93459			4
2025.05.29	01:29:45.440		0.93460			4
2025.05.29	01:29:45.792		0.93459			4
2025.05.29	01:29:46.484		0.93460			4
2025.05.29	01:29:47.399		0.93459			4
2025.05.29	01:29:47.733		0.93460			4
2025.05.29	01:29:48.300		0.93459			4
2025.05.29	01:29:48.604	0.93447	0.93460			6
2025.05.29	01:29:49.199		0.93459			4
2025.05.29	01:29:49.616		0.93460			4
2025.05.29	01:29:50.400		0.93459			4
2025.05.29	01:29:51.705		0.93460			4
2025.05.29	01:29:52.016		0.93459			4
2025.05.29	01:29:52.718		0.93460			4
2025.05.29	01:29:53.051		0.93459			4
2025.05.29	01:29:53.794		0.93460			4
2025.05.29	01:29:56.402		0.93459			4
2025.05.29	01:30:00.057	0.93447				2
2025.05.29	01:30:02.150	0.93450	0.93458			6
2025.05.29	01:30:02.479	0.93448	0.93456			6
2025.05.29	01:30:02.782	0.93449	0.93457			6
2025.05.29	01:30:03.084	0.93451	0.93459			6
2025.05.29	01:30:03.384	0.93452	0.93460			6
2025.05.29	01:30:03.993	0.93449	0.93457			6
2025.05.29	01:30:04.294	0.93447	0.93458			6
2025.05.29	01:30:04.597	0.93444	0.93457			6
2025.05.29	01:30:05.734	0.93443				2
2025.05.29	01:30:07.220	0.93442				2
2025.05.29	01:30:09.003	0.93443				2
2025.05.29	01:30:13.769	0.93446	0.93459			6
2025.05.29	01:30:14.894	0.93445	0.93458			6
2025.05.29	01:30:23.127	0.93444	0.93457			6
2025.05.29	01:30:24.174	0.93443				2
2025.05.29	01:30:28.525		0.93458			4
2025.05.29	01:30:28.831	0.93445				2
2025.05.29	01:30:30.102	0.93443	0.93459			6
2025.05.29	01:30:30.507	0.93445				2
2025.05.29	01:30:33.706	0.93444				2
2025.05.29	01:30:36.439	0.93443	0.93457			6
2025.05.29	01:30:36.746	0.93444				2
2025.05.29	01:30:39.877	0.93445	0.93458			6
2025.05.29	01:30:49.364	0.93444	0.93457			6
2025.05.29	01:30:50.421	0.93445	0.93458			6
2025.05.29	01:30:51.086	0.93443				2
2025.05.29	01:30:56.367	0.93442				2
2025.05.29	01:30:56.684	0.93443				2
2025.05.29	01:30:57.899	0.93444				2
2025.05.29	01:31:00.495	0.93444				2
2025.05.29	01:31:03.045	0.93443				2
2025.05.29	01:31:06.846	0.93444	0.93457			6
2025.05.29	01:31:09.613	0.93443				2
2025.05.29	01:31:12.358		0.93456			4
2025.05.29	01:31:14.140	0.93439	0.93453			6
2025.05.29	01:31:16.366		0.93455			4
2025.05.29	01:31:21.533	0.93438				2
2025.05.29	01:31:22.200	0.93439				2
2025.05.29	01:31:26.424		0.93456			4
2025.05.29	01:31:27.000		0.93455			4
2025.05.29	01:31:28.494		0.93456			4
2025.05.29	01:31:30.008		0.93455			4
2025.05.29	01:31:30.534		0.93456			4
2025.05.29	01:31:31.203		0.93455			4
2025.05.29	01:31:35.713		0.93456			4
2025.05.29	01:31:36.119		0.93455			4
2025.05.29	01:31:36.706	0.93438	0.93456			6
2025.05.29	01:31:37.799		0.93455			4
2025.05.29	01:31:39.251	0.93439	0.93456			6
2025.05.29	01:31:39.565		0.93455			4
2025.05.29	01:31:41.963		0.93456			4
2025.05.29	01:31:42.339	0.93440	0.93455			6
2025.05.29	01:31:45.903		0.93456			4
2025.05.29	01:31:46.241		0.93455			4
2025.05.29	01:31:54.842	0.93439				2
2025.05.29	01:31:55.576	0.93440	0.93454			6
2025.05.29	01:31:56.336	0.93439	0.93455			6
2025.05.29	01:32:00.361	0.93439				2
2025.05.29	01:32:04.111		0.93456			4
2025.05.29	01:32:05.889		0.93455			4
2025.05.29	01:32:06.201		0.93454			4
2025.05.29	01:32:06.901	0.93438	0.93455			6
2025.05.29	01:32:09.156		0.93453			4
2025.05.29	01:32:10.987	0.93441	0.93452			6
2025.05.29	01:32:11.289	0.93438	0.93453			6
2025.05.29	01:32:17.858		0.93452			4
2025.05.29	01:32:18.903		0.93453			4
2025.05.29	01:32:23.102		0.93452			4
2025.05.29	01:32:24.300		0.93453			4
2025.05.29	01:32:25.501		0.93452			4
2025.05.29	01:32:29.514		0.93453			4
2025.05.29	01:32:32.865		0.93454			4
2025.05.29	01:32:33.605		0.93453			4
2025.05.29	01:32:33.918		0.93454			4
2025.05.29	01:32:34.504		0.93453			4
2025.05.29	01:32:34.805		0.93454			4
2025.05.29	01:32:35.131		0.93453			4
2025.05.29	01:32:36.805	0.93439				2
2025.05.29	01:32:38.701	0.93438	0.93454			6
2025.05.29	01:32:50.355	0.93439	0.93453			6
2025.05.29	01:32:50.701	0.93438				2
2025.05.29	01:32:52.298	0.93439	0.93454			6
2025.05.29	01:32:54.363		0.93455			4
2025.05.29	01:32:55.017		0.93454			4
2025.05.29	01:32:57.380		0.93455			4
2025.05.29	01:32:58.477		0.93454			4
2025.05.29	01:32:59.435		0.93455			4
2025.05.29	01:32:59.744		0.93454			4
2025.05.29	01:33:00.559	0.93439				2
2025.05.29	01:33:02.028		0.93455			4
2025.05.29	01:33:03.952		0.93454			4
2025.05.29	01:33:08.837		0.93455			4
2025.05.29	01:33:10.295		0.93454			4
2025.05.29	01:33:10.600		0.93455			4
2025.05.29	01:33:11.852		0.93454			4
2025.05.29	01:33:12.430		0.93455			4
2025.05.29	01:33:14.549	0.93440				2
2025.05.29	01:33:18.172	0.93441				2
2025.05.29	01:33:19.361		0.93456			4
2025.05.29	01:33:19.758	0.93440				2
2025.05.29	01:33:20.507		0.93455			4
2025.05.29	01:33:23.376	0.93441				2
2025.05.29	01:33:34.781		0.93456			4
2025.05.29	01:33:35.701		0.93455			4
2025.05.29	01:33:37.516	0.93439	0.93454			6
2025.05.29	01:33:42.158		0.93453			4
2025.05.29	01:33:42.900		0.93454			4
2025.05.29	01:33:44.011		0.93453			4
2025.05.29	01:33:45.276		0.93454			4
2025.05.29	01:33:46.301		0.93453			4
2025.05.29	01:33:47.125		0.93454			4
2025.05.29	01:33:48.302		0.93452			4
2025.05.29	01:33:49.414	0.93438	0.93453			6
2025.05.29	01:33:50.684		0.93454			4
2025.05.29	01:34:00.037	0.93438				2
2025.05.29	01:34:00.603	0.93440				2
2025.05.29	01:34:01.040	0.93438				2
2025.05.29	01:34:03.140		0.93455			4
2025.05.29	01:34:03.905	0.93439	0.93454			6
2025.05.29	01:34:04.307	0.93438				2
2025.05.29	01:34:05.219		0.93455			4
2025.05.29	01:34:05.699	0.93439				2
2025.05.29	01:34:07.289	0.93440	0.93454			6
2025.05.29	01:34:11.513	0.93438				2
2025.05.29	01:34:16.513	0.93439				2
2025.05.29	01:34:17.234		0.93455			4
2025.05.29	01:34:19.800		0.93456			4
2025.05.29	01:34:21.015		0.93455			4
2025.05.29	01:34:26.700		0.93456			4
2025.05.29	01:34:28.205		0.93455			4
2025.05.29	01:34:32.704		0.93456			4
2025.05.29	01:34:33.825		0.93455			4
2025.05.29	01:34:34.802		0.93456			4
2025.05.29	01:34:35.903		0.93455			4
2025.05.29	01:34:38.768	0.93440				2
2025.05.29	01:34:40.574		0.93456			4
2025.05.29	01:34:43.800		0.93455			4
2025.05.29	01:34:54.554		0.93456			4
2025.05.29	01:34:55.204		0.93455			4
2025.05.29	01:34:57.380		0.93456			4
2025.05.29	01:34:59.704		0.93455			4
2025.05.29	01:35:01.875	0.93440				2
2025.05.29	01:35:03.465		0.93456			4
2025.05.29	01:35:03.791		0.93455			4
2025.05.29	01:35:07.870		0.93456			4
2025.05.29	01:35:09.191		0.93455			4
2025.05.29	01:35:11.999		0.93454			4
2025.05.29	01:35:12.310		0.93455			4
2025.05.29	01:35:18.157	0.93439				2
2025.05.29	01:35:20.146	0.93440				2
2025.05.29	01:35:21.411		0.93456			4
2025.05.29	01:35:23.306		0.93455			4
2025.05.29	01:35:26.715		0.93456			4
2025.05.29	01:35:28.500		0.93455			4
2025.05.29	01:35:30.693		0.93456			4
2025.05.29	01:35:32.676		0.93455			4
2025.05.29	01:35:33.901		0.93456			4
2025.05.29	01:35:36.000		0.93455			4
2025.05.29	01:35:38.407		0.93456			4
2025.05.29	01:35:40.030		0.93455			4
2025.05.29	01:35:41.194		0.93456			4
2025.05.29	01:35:43.776		0.93455			4
2025.05.29	01:35:44.862	0.93441	0.93456			6
2025.05.29	01:35:45.976		0.93457			4
2025.05.29	01:35:46.774		0.93456			4
2025.05.29	01:35:47.142		0.93457			4
2025.05.29	01:35:49.058	0.93443				2
2025.05.29	01:35:50.252	0.93442	0.93458			6
2025.05.29	01:35:55.287		0.93457			4
2025.05.29	01:35:57.299		0.93458			4
2025.05.29	01:35:59.572		0.93457			4
2025.05.29	01:36:00.362	0.93442				2
2025.05.29	01:36:01.011		0.93458			4
2025.05.29	01:36:02.170		0.93457			4
2025.05.29	01:36:03.460		0.93458			4
2025.05.29	01:36:08.383		0.93457			4
2025.05.29	01:36:09.676		0.93458			4
2025.05.29	01:36:10.548		0.93457			4
2025.05.29	01:36:11.747		0.93458			4
2025.05.29	01:36:13.499		0.93457			4
2025.05.29	01:36:16.800		0.93458			4
2025.05.29	01:36:18.833	0.93443				2
2025.05.29	01:36:22.889		0.93457			4
2025.05.29	01:36:24.299		0.93458			4
2025.05.29	01:36:26.001		0.93457			4
2025.05.29	01:36:27.300		0.93458			4
2025.05.29	01:36:34.298		0.93457			4
2025.05.29	01:36:35.704		0.93458			4
2025.05.29	01:36:37.399		0.93457			4
2025.05.29	01:36:38.019		0.93458			4
2025.05.29	01:36:47.051	0.93444	0.93459			6
2025.05.29	01:36:48.904		0.93458			4
2025.05.29	01:37:00.378	0.93444				2
2025.05.29	01:37:04.414	0.93443				2
2025.05.29	01:37:33.096		0.93457			4
2025.05.29	01:37:33.564		0.93458			4
2025.05.29	01:37:37.625		0.93457			4
2025.05.29	01:37:38.758		0.93458			4
2025.05.29	01:38:00.303	0.93443				2
2025.05.29	01:38:04.048	0.93445				2
2025.05.29	01:38:17.866		0.93459			4
2025.05.29	01:38:19.455		0.93458			4
2025.05.29	01:38:27.534		0.93459			4
2025.05.29	01:38:28.102		0.93458			4
2025.05.29	01:38:32.086	0.93446				2
2025.05.29	01:38:32.399		0.93460			4
2025.05.29	01:38:33.971	0.93445				2
2025.05.29	01:38:35.259		0.93459			4
2025.05.29	01:38:41.701	0.93446				2
2025.05.29	01:38:50.702		0.93458			4
2025.05.29	01:38:52.224		0.93459			4
2025.05.29	01:38:53.458		0.93458			4
2025.05.29	01:38:56.365		0.93459			4
2025.05.29	01:38:57.531		0.93458			4
2025.05.29	01:38:59.421		0.93459			4
2025.05.29	01:39:00.601	0.93446				2
2025.05.29	01:39:04.510		0.93458			4
2025.05.29	01:39:08.294		0.93459			4
2025.05.29	01:39:09.325		0.93458			4
2025.05.29	01:39:10.358		0.93459			4
2025.05.29	01:39:11.588		0.93458			4
2025.05.29	01:39:19.599		0.93459			4
2025.05.29	01:39:20.072		0.93458			4
2025.05.29	01:39:24.020		0.93459			4
2025.05.29	01:39:25.499		0.93458			4
2025.05.29	01:39:27.902		0.93459			4
2025.05.29	01:39:28.354		0.93458			4
2025.05.29	01:39:29.209		0.93459			4
2025.05.29	01:39:30.366		0.93458			4
2025.05.29	01:39:34.385		0.93459			4
2025.05.29	01:39:35.591	0.93445	0.93458			6
2025.05.29	01:39:43.579		0.93459			4
2025.05.29	01:39:45.307		0.93458			4
2025.05.29	01:39:47.489		0.93459			4
2025.05.29	01:39:47.867		0.93458			4
2025.05.29	01:39:59.897	0.93444				2
2025.05.29	01:40:00.222	0.93444				2
2025.05.29	01:40:02.700		0.93457			4
2025.05.29	01:40:04.263	0.93449	0.93461			6
2025.05.29	01:40:11.264	0.93448	0.93460			6
2025.05.29	01:40:16.800		0.93459			4
2025.05.29	01:40:17.508	0.93449	0.93461			6
2025.05.29	01:40:19.978	0.93448	0.93460			6
2025.05.29	01:40:22.595	0.93447				2
2025.05.29	01:40:35.637	0.93450	0.93462			6
2025.05.29	01:40:36.355		0.93461			4
2025.05.29	01:40:40.777	0.93449				2
2025.05.29	01:40:41.189		0.93460			4
2025.05.29	01:40:42.182		0.93461			4
2025.05.29	01:40:42.900		0.93460			4
2025.05.29	01:40:43.555		0.93461			4
2025.05.29	01:40:44.100		0.93460			4
2025.05.29	01:40:45.617		0.93461			4
2025.05.29	01:40:50.402		0.93460			4
2025.05.29	01:40:55.968		0.93461			4
2025.05.29	01:40:57.602		0.93460			4
2025.05.29	01:40:59.123		0.93461			4
2025.05.29	01:41:00.447	0.93449				2
2025.05.29	01:41:04.194	0.93447	0.93460			6
2025.05.29	01:41:17.075	0.93450				2
2025.05.29	01:41:17.440	0.93447				2
2025.05.29	01:41:17.779	0.93450				2
2025.05.29	01:41:18.661	0.93447				2
2025.05.29	01:41:29.779	0.93448				2
2025.05.29	01:41:34.498		0.93461			4
2025.05.29	01:41:35.175	0.93449				2
2025.05.29	01:41:44.491	0.93450	0.93462			6
2025.05.29	01:41:45.902		0.93463			4
2025.05.29	01:41:46.335	0.93453	0.93464			6
2025.05.29	01:41:51.713		0.93463			4
2025.05.29	01:41:55.001	0.93455				2
2025.05.29	01:41:55.373	0.93453				2
2025.05.29	01:41:55.705		0.93464			4
2025.05.29	01:41:57.904		0.93463			4
2025.05.29	01:42:00.673	0.93453				2
2025.05.29	01:42:03.329	0.93456	0.93462			6
2025.05.29	01:42:03.761	0.93451				2
2025.05.29	01:42:04.150	0.93452	0.93461			6
2025.05.29	01:42:04.776	0.93453				2
2025.05.29	01:42:05.473	0.93454				2
2025.05.29	01:42:06.366		0.93462			4
2025.05.29	01:42:07.354	0.93450				2
2025.05.29	01:42:08.523	0.93454				2
2025.05.29	01:42:10.314	0.93450				2
2025.05.29	01:42:15.426	0.93449	0.93461			6
2025.05.29	01:42:16.804		0.93462			4
2025.05.29	01:42:17.899		0.93461			4
2025.05.29	01:42:19.843		0.93462			4
2025.05.29	01:42:21.911		0.93461			4
2025.05.29	01:42:23.373	0.93445	0.93459			6
2025.05.29	01:42:25.496		0.93460			4
2025.05.29	01:42:27.156		0.93459			4
2025.05.29	01:42:28.475		0.93460			4
2025.05.29	01:42:30.300		0.93459			4
2025.05.29	01:42:32.700		0.93460			4
2025.05.29	01:42:36.350		0.93459			4
2025.05.29	01:42:38.942		0.93460			4
2025.05.29	01:42:46.200		0.93459			4
2025.05.29	01:42:49.309	0.93446				2
2025.05.29	01:42:50.464	0.93452	0.93460			6
2025.05.29	01:42:51.637	0.93453				2
2025.05.29	01:42:51.999		0.93461			4
2025.05.29	01:42:53.059	0.93454				2
2025.05.29	01:42:54.001	0.93451	0.93462			6
2025.05.29	01:42:55.011	0.93450				2
2025.05.29	01:42:56.543	0.93449				2
2025.05.29	01:42:56.913		0.93461			4
2025.05.29	01:42:58.003	0.93447	0.93460			6
2025.05.29	01:42:59.199		0.93459			4
2025.05.29	01:43:00.517	0.93447				2
2025.05.29	01:43:02.329	0.93443	0.93458			6
2025.05.29	01:43:02.682	0.93447	0.93460			6
2025.05.29	01:43:03.432	0.93443	0.93458			6
2025.05.29	01:43:03.942	0.93442	0.93456			6
2025.05.29	01:43:04.886	0.93443	0.93457			6
2025.05.29	01:43:05.257	0.93442	0.93455			6
2025.05.29	01:43:07.023		0.93454			4
2025.05.29	01:43:07.375	0.93441	0.93456			6
2025.05.29	01:43:10.213	0.93440	0.93457			6
2025.05.29	01:43:10.516	0.93441				2
2025.05.29	01:43:12.001	0.93442				2
2025.05.29	01:43:15.300	0.93441				2
2025.05.29	01:43:19.253	0.93442	0.93458			6
2025.05.29	01:43:21.165		0.93457			4
2025.05.29	01:43:23.487	0.93441	0.93456			6
2025.05.29	01:43:25.920	0.93444				2
2025.05.29	01:43:26.559	0.93446				2
2025.05.29	01:43:27.449		0.93457			4
2025.05.29	01:43:29.722		0.93456			4
2025.05.29	01:43:32.595		0.93457			4
2025.05.29	01:43:35.366		0.93456			4
2025.05.29	01:43:37.799		0.93457			4
2025.05.29	01:43:39.786	0.93441				2
2025.05.29	01:43:41.831	0.93447				2
2025.05.29	01:43:42.613	0.93442				2
2025.05.29	01:43:44.311	0.93443				2
2025.05.29	01:43:45.167	0.93442	0.93456			6
2025.05.29	01:43:45.601	0.93443				2
2025.05.29	01:43:47.517	0.93442	0.93457			6
2025.05.29	01:43:49.231		0.93456			4
2025.05.29	01:43:52.201		0.93457			4
2025.05.29	01:43:53.805	0.93443	0.93456			6
2025.05.29	01:43:57.938	0.93442				2
2025.05.29	01:44:00.178	0.93442				2
2025.05.29	01:44:01.730	0.93443				2
2025.05.29	01:44:02.273		0.93455			4
2025.05.29	01:44:05.101		0.93456			4
2025.05.29	01:44:08.508		0.93455			4
2025.05.29	01:44:11.277		0.93456			4
2025.05.29	01:44:16.039	0.93442	0.93454			6
2025.05.29	01:44:19.508		0.93455			4
2025.05.29	01:45:00.372	0.93442				2
2025.05.29	01:45:03.537	0.93441	0.93456			6
2025.05.29	01:45:06.970	0.93442				2
2025.05.29	01:45:08.026	0.93443	0.93457			6
2025.05.29	01:45:11.619	0.93444				2
2025.05.29	01:45:20.576	0.93442				2
2025.05.29	01:45:21.797		0.93458			4
2025.05.29	01:45:23.699	0.93443				2
2025.05.29	01:45:26.758	0.93444				2
2025.05.29	01:45:30.502	0.93442				2
2025.05.29	01:45:33.528	0.93445				2
2025.05.29	01:45:36.911	0.93444				2
2025.05.29	01:45:45.339	0.93445				2
2025.05.29	01:45:46.111	0.93442				2
2025.05.29	01:45:46.642	0.93445				2
2025.05.29	01:45:51.303	0.93442	0.93457			6
2025.05.29	01:45:52.900		0.93456			4
2025.05.29	01:45:55.735		0.93457			4
2025.05.29	01:45:56.295	0.93443				2
2025.05.29	01:45:59.105		0.93456			4
2025.05.29	01:46:00.460	0.93442	0.93457			6
2025.05.29	01:46:01.404		0.93458			4
2025.05.29	01:46:03.129	0.93445	0.93457			6
2025.05.29	01:46:03.525	0.93446				2
2025.05.29	01:46:05.370	0.93443				2
2025.05.29	01:46:13.339	0.93441				2
2025.05.29	01:46:15.247	0.93442				2
2025.05.29	01:46:16.358	0.93446				2
2025.05.29	01:46:17.462		0.93456			4
2025.05.29	01:46:21.940	0.93445				2
2025.05.29	01:46:22.268		0.93457			4
2025.05.29	01:46:24.373		0.93456			4
2025.05.29	01:46:28.850		0.93457			4
2025.05.29	01:46:29.413		0.93456			4
2025.05.29	01:46:30.420		0.93457			4
2025.05.29	01:46:33.211	0.93447				2
2025.05.29	01:46:33.544		0.93456			4
2025.05.29	01:46:34.587		0.93457			4
2025.05.29	01:46:37.204		0.93456			4
2025.05.29	01:46:38.716	0.93444				2
2025.05.29	01:46:41.759		0.93457			4
2025.05.29	01:46:44.456		0.93456			4
2025.05.29	01:46:44.872	0.93445				2
2025.05.29	01:46:48.962		0.93457			4
2025.05.29	01:46:49.311	0.93446	0.93456			6
2025.05.29	01:46:49.641		0.93457			4
2025.05.29	01:46:50.252	0.93447	0.93456			6
2025.05.29	01:46:52.337	0.93446				2
2025.05.29	01:46:52.653	0.93445				2
2025.05.29	01:46:57.374		0.93455			4
2025.05.29	01:46:57.677		0.93456			4
2025.05.29	01:47:00.007	0.93445				2
2025.05.29	01:47:00.428	0.93447				2
2025.05.29	01:47:06.955		0.93457			4
2025.05.29	01:47:08.273		0.93456			4
2025.05.29	01:47:12.995	0.93446				2
2025.05.29	01:47:14.237	0.93447	0.93457			6
2025.05.29	01:47:14.935		0.93456			4
2025.05.29	01:47:21.943		0.93457			4
2025.05.29	01:47:22.400		0.93456			4
2025.05.29	01:47:29.812	0.93452	0.93458			6
2025.05.29	01:47:46.491		0.93459			4
2025.05.29	01:47:49.211		0.93458			4
2025.05.29	01:47:50.424		0.93459			4
2025.05.29	01:47:53.192		0.93458			4
2025.05.29	01:48:00.574	0.93452				2
2025.05.29	01:48:04.526	0.93450	0.93459			6
2025.05.29	01:48:04.868	0.93449				2
2025.05.29	01:48:06.305	0.93451				2
2025.05.29	01:48:26.215	0.93450	0.93460			6
2025.05.29	01:48:26.519	0.93447				2
2025.05.29	01:48:27.044	0.93446				2
2025.05.29	01:48:28.229	0.93447				2
2025.05.29	01:48:28.922	0.93445				2
2025.05.29	01:48:30.589	0.93449	0.93459			6
2025.05.29	01:48:30.893		0.93458			4
2025.05.29	01:48:31.395	0.93446	0.93459			6
2025.05.29	01:48:37.594	0.93445				2
2025.05.29	01:48:44.936	0.93447	0.93458			6
2025.05.29	01:48:52.995	0.93449				2
2025.05.29	01:49:00.300	0.93448				2
2025.05.29	01:49:01.121	0.93449				2
2025.05.29	01:49:01.439	0.93448				2
2025.05.29	01:49:01.955	0.93449				2
2025.05.29	01:49:05.174	0.93448				2
2025.05.29	01:49:05.496	0.93449				2
2025.05.29	01:49:11.224	0.93447	0.93459			6
2025.05.29	01:49:12.283	0.93448				2
2025.05.29	01:49:16.115	0.93447	0.93460			6
2025.05.29	01:49:16.462	0.93448				2
2025.05.29	01:49:19.332		0.93459			4
2025.05.29	01:49:19.962	0.93447				2
2025.05.29	01:49:21.562	0.93449				2
2025.05.29	01:49:23.859	0.93450				2
2025.05.29	01:49:30.052	0.93447				2
2025.05.29	01:49:31.848	0.93450				2
2025.05.29	01:49:33.565	0.93449				2
2025.05.29	01:49:34.901	0.93450				2
2025.05.29	01:49:40.034	0.93451				2
2025.05.29	01:49:41.760	0.93448				2
2025.05.29	01:49:43.743		0.93458			4
2025.05.29	01:49:46.920	0.93449				2
2025.05.29	01:49:49.202	0.93451	0.93459			6
2025.05.29	01:49:53.395	0.93447				2
2025.05.29	01:49:54.313	0.93442				2
2025.05.29	01:49:55.226	0.93447				2
2025.05.29	01:49:56.227	0.93448				2
2025.05.29	01:49:58.064	0.93447				2
2025.05.29	01:49:59.133	0.93448				2
2025.05.29	01:49:59.483	0.93447				2
2025.05.29	01:50:00.356	0.93447				2
2025.05.29	01:50:01.561	0.93448				2
2025.05.29	01:50:02.355		0.93460			4
2025.05.29	01:50:03.322	0.93451				2
2025.05.29	01:50:04.344	0.93449	0.93462			6
2025.05.29	01:50:04.771	0.93446	0.93461			6
2025.05.29	01:50:05.766	0.93449				2
2025.05.29	01:50:06.755		0.93460			4
2025.05.29	01:50:07.058	0.93447	0.93459			6
2025.05.29	01:50:07.379	0.93449				2
2025.05.29	01:50:08.935	0.93447				2
2025.05.29	01:50:10.251	0.93449				2
2025.05.29	01:50:10.572	0.93447	0.93458			6
2025.05.29	01:50:13.357	0.93449	0.93459			6
2025.05.29	01:50:15.536	0.93448				2
2025.05.29	01:50:15.838	0.93446				2
2025.05.29	01:50:20.528	0.93448				2
2025.05.29	01:50:30.480	0.93447				2
2025.05.29	01:50:33.458	0.93445	0.93458			6
2025.05.29	01:50:33.776	0.93448	0.93460			6
2025.05.29	01:50:47.790		0.93461			4
2025.05.29	01:50:50.338		0.93460			4
2025.05.29	01:50:50.692	0.93449				2
2025.05.29	01:50:53.635		0.93461			4
2025.05.29	01:50:57.231	0.93450				2
2025.05.29	01:50:58.881	0.93448				2
2025.05.29	01:51:01.603	0.93447				2
2025.05.29	01:51:05.147	0.93448				2
2025.05.29	01:51:06.202		0.93460			4
2025.05.29	01:51:07.552	0.93447				2
2025.05.29	01:51:08.517	0.93448				2
2025.05.29	01:51:16.353	0.93449				2
2025.05.29	01:51:26.867		0.93461			4
2025.05.29	01:51:27.846	0.93448				2
2025.05.29	01:51:28.158		0.93460			4
2025.05.29	01:51:29.146	0.93449	0.93461			6
2025.05.29	01:51:32.111	0.93451				2
2025.05.29	01:51:33.296	0.93450				2
2025.05.29	01:51:34.800	0.93451				2
2025.05.29	01:51:35.946	0.93450				2
2025.05.29	01:51:36.348	0.93449				2
2025.05.29	01:51:39.432	0.93450				2
2025.05.29	01:51:43.557	0.93447	0.93459			6
2025.05.29	01:51:43.906	0.93448				2
2025.05.29	01:51:45.004	0.93449	0.93460			6
2025.05.29	01:52:00.600	0.93449				2
2025.05.29	01:52:06.235		0.93461			4
2025.05.29	01:52:09.600		0.93460			4
2025.05.29	01:52:10.329		0.93461			4
2025.05.29	01:52:11.348	0.93450				2
2025.05.29	01:52:13.304	0.93448				2
2025.05.29	01:52:13.627	0.93449				2
2025.05.29	01:52:14.741	0.93448				2
2025.05.29	01:52:17.768	0.93449	0.93462			6
2025.05.29	01:52:18.143	0.93448				2
2025.05.29	01:52:19.331	0.93449				2
2025.05.29	01:52:20.649	0.93448				2
2025.05.29	01:52:24.006	0.93450				2
2025.05.29	01:52:34.377		0.93461			4
2025.05.29	01:52:43.494	0.93451				2
2025.05.29	01:52:48.127	0.93454	0.93463			6
2025.05.29	01:52:48.451		0.93464			4
2025.05.29	01:52:52.804	0.93453	0.93463			6
2025.05.29	01:52:53.164		0.93464			4
2025.05.29	01:53:00.289	0.93453				2
2025.05.29	01:53:02.899		0.93461			4
2025.05.29	01:53:03.218	0.93450				2
2025.05.29	01:53:03.551		0.93460			4
2025.05.29	01:53:05.094	0.93449	0.93461			6
2025.05.29	01:53:24.599	0.93451	0.93463			6
2025.05.29	01:53:26.701	0.93450	0.93462			6
2025.05.29	01:53:30.602	0.93449	0.93461			6
2025.05.29	01:53:30.928	0.93450	0.93462			6
2025.05.29	01:53:31.499	0.93449	0.93461			6
2025.05.29	01:53:31.979	0.93450				2
2025.05.29	01:53:34.031	0.93451	0.93462			6
2025.05.29	01:53:34.500		0.93461			4
2025.05.29	01:53:35.099		0.93462			4
2025.05.29	01:53:35.417		0.93461			4
2025.05.29	01:53:38.217		0.93462			4
2025.05.29	01:53:38.574	0.93448	0.93460			6
2025.05.29	01:53:38.916	0.93450	0.93462			6
2025.05.29	01:53:40.354	0.93449	0.93461			6
2025.05.29	01:53:40.800	0.93448	0.93460			6
2025.05.29	01:53:47.867		0.93459			4
2025.05.29	01:54:02.249	0.93448				2
2025.05.29	01:54:10.102	0.93450	0.93462			6
2025.05.29	01:54:10.934	0.93449	0.93461			6
2025.05.29	01:54:14.077	0.93448	0.93459			6
2025.05.29	01:54:14.478	0.93449	0.93461			6
2025.05.29	01:54:16.468		0.93460			4
2025.05.29	01:54:45.454	0.93448				2
2025.05.29	01:54:45.796		0.93459			4
2025.05.29	01:55:00.583	0.93448				2
2025.05.29	01:55:05.814	0.93446	0.93458			6
2025.05.29	01:55:06.160	0.93447	0.93459			6
2025.05.29	01:55:06.836	0.93446				2
2025.05.29	01:55:09.044	0.93448				2
2025.05.29	01:55:09.847	0.93447				2
2025.05.29	01:55:15.042	0.93448				2
2025.05.29	01:55:18.525		0.93460			4
2025.05.29	01:55:32.744	0.93449				2
2025.05.29	01:55:34.006	0.93452				2
2025.05.29	01:55:36.287	0.93449				2
2025.05.29	01:55:37.291	0.93452				2
2025.05.29	01:55:37.615	0.93449				2
2025.05.29	01:55:38.376	0.93453				2
2025.05.29	01:55:39.336	0.93450				2
2025.05.29	01:55:40.448	0.93452				2
2025.05.29	01:55:48.466	0.93450				2
2025.05.29	01:55:50.940	0.93453				2
2025.05.29	01:55:52.770	0.93450				2
2025.05.29	01:55:53.080		0.93461			4
2025.05.29	01:55:55.279		0.93460			4
2025.05.29	01:56:00.765	0.93450				2
2025.05.29	01:56:04.633	0.93452	0.93461			6
2025.05.29	01:56:06.909	0.93451				2
2025.05.29	01:56:11.596	0.93449	0.93460			6
2025.05.29	01:56:13.754	0.93450				2
2025.05.29	01:56:16.871	0.93452				2
2025.05.29	01:56:18.668	0.93450				2
2025.05.29	01:56:21.876	0.93454	0.93461			6
2025.05.29	01:56:22.395	0.93450				2
2025.05.29	01:56:24.373	0.93449	0.93460			6
2025.05.29	01:56:27.142	0.93448				2
2025.05.29	01:56:37.968	0.93452	0.93461			6
2025.05.29	01:56:40.719	0.93449				2
2025.05.29	01:56:44.712	0.93450				2
2025.05.29	01:56:50.398	0.93452				2
2025.05.29	01:56:53.387	0.93448	0.93460			6
2025.05.29	01:56:54.376	0.93453	0.93461			6
2025.05.29	01:56:56.917	0.93448	0.93460			6
2025.05.29	01:57:00.382	0.93448				2
2025.05.29	01:57:04.402	0.93451	0.93463			6
2025.05.29	01:57:07.530	0.93452				2
2025.05.29	01:57:17.102		0.93464			4
2025.05.29	01:57:19.842	0.93453	0.93463			6
2025.05.29	01:57:20.405	0.93457	0.93465			6
2025.05.29	01:57:23.457	0.93454	0.93463			6
2025.05.29	01:57:30.998	0.93452	0.93464			6
2025.05.29	01:57:36.058	0.93451	0.93463			6
2025.05.29	01:57:51.420	0.93452				2
2025.05.29	01:57:51.725	0.93451				2
2025.05.29	01:57:54.599	0.93452	0.93464			6
2025.05.29	01:57:56.744		0.93463			4
2025.05.29	01:58:00.946	0.93452				2
2025.05.29	01:58:01.990	0.93451				2
2025.05.29	01:58:05.401	0.93452	0.93464			6
2025.05.29	01:58:07.260	0.93453				2
2025.05.29	01:58:10.200	0.93452				2
2025.05.29	01:58:18.010	0.93453	0.93465			6
2025.05.29	01:58:20.394		0.93464			4
2025.05.29	01:58:27.000	0.93452				2
2025.05.29	01:58:29.063	0.93453	0.93463			6
2025.05.29	01:58:30.516		0.93464			4
2025.05.29	01:58:31.323	0.93452	0.93463			6
2025.05.29	01:58:32.716		0.93464			4
2025.05.29	01:58:33.734	0.93453				2
2025.05.29	01:58:41.312	0.93452				2
2025.05.29	01:58:45.606	0.93455				2
2025.05.29	01:58:45.947	0.93454				2
2025.05.29	01:58:47.352	0.93452				2
2025.05.29	01:58:47.657	0.93455	0.93465			6
2025.05.29	01:58:47.960	0.93453	0.93464			6
2025.05.29	01:58:48.713	0.93455				2
2025.05.29	01:58:50.193	0.93454				2
2025.05.29	01:58:52.267	0.93455	0.93466			6
2025.05.29	01:58:52.608	0.93454				2
2025.05.29	01:58:56.698	0.93456	0.93469			6
2025.05.29	01:58:57.005	0.93457				2
2025.05.29	01:58:58.747	0.93458				2
2025.05.29	01:58:59.355	0.93460	0.93471			6
2025.05.29	01:59:00.417	0.93460	0.93470			6
2025.05.29	01:59:01.399	0.93457				2
2025.05.29	01:59:02.174		0.93469			4
2025.05.29	01:59:03.123	0.93458				2
2025.05.29	01:59:04.198	0.93456	0.93470			6
2025.05.29	01:59:13.018	0.93457	0.93468			6
2025.05.29	01:59:19.125		0.93469			4
2025.05.29	01:59:20.022	0.93458	0.93470			6
2025.05.29	01:59:29.225	0.93460	0.93472			6
2025.05.29	01:59:34.426		0.93471			4
2025.05.29	01:59:41.099	0.93459				2
2025.05.29	01:59:47.226	0.93460				2
2025.05.29	01:59:50.083		0.93472			4
2025.05.29	01:59:52.697	0.93459	0.93471			6
2025.05.29	01:59:53.233	0.93458	0.93470			6
2025.05.29	01:59:54.673	0.93457	0.93469			6
2025.05.29	02:00:00.363	0.93458				2
2025.05.29	02:00:00.674		0.93470			4
2025.05.29	02:00:01.716	0.93459				2
2025.05.29	02:00:03.288	0.93458	0.93472			6
2025.05.29	02:00:03.614	0.93462				2
2025.05.29	02:00:03.919		0.93474			4
2025.05.29	02:00:04.386	0.93460	0.93472			6
2025.05.29	02:00:06.383	0.93461	0.93473			6
2025.05.29	02:00:06.688	0.93457	0.93469			6
2025.05.29	02:00:11.005	0.93458	0.93470			6
2025.05.29	02:00:11.430		0.93469			4
2025.05.29	02:00:11.783	0.93457				2
2025.05.29	02:00:12.100	0.93459	0.93471			6
2025.05.29	02:00:12.766	0.93458	0.93470			6
2025.05.29	02:00:15.136		0.93469			4
2025.05.29	02:00:16.004	0.93456	0.93466			6
2025.05.29	02:00:16.339		0.93467			4
2025.05.29	02:00:16.659		0.93468			4
2025.05.29	02:00:17.944	0.93457	0.93469			6
2025.05.29	02:00:18.913		0.93468			4
2025.05.29	02:00:20.076		0.93469			4
2025.05.29	02:00:20.943		0.93468			4
2025.05.29	02:00:21.366		0.93469			4
2025.05.29	02:00:21.912		0.93468			4
2025.05.29	02:00:22.671		0.93469			4
2025.05.29	02:00:26.828		0.93468			4
2025.05.29	02:00:27.281		0.93469			4
2025.05.29	02:00:29.072		0.93468			4
2025.05.29	02:00:29.836		0.93469			4
2025.05.29	02:00:30.776	0.93458				2
2025.05.29	02:00:35.102		0.93470			4
2025.05.29	02:00:37.178	0.93457				2
2025.05.29	02:00:37.481		0.93469			4
2025.05.29	02:00:37.811		0.93468			4
2025.05.29	02:00:38.209	0.93458	0.93470			6
2025.05.29	02:00:38.566	0.93459				2
2025.05.29	02:00:41.929		0.93471			4
2025.05.29	02:00:44.382		0.93470			4
2025.05.29	02:00:44.692		0.93471			4
2025.05.29	02:00:45.016	0.93458	0.93470			6
2025.05.29	02:00:45.541	0.93459				2
2025.05.29	02:00:45.885		0.93471			4
2025.05.29	02:00:46.486		0.93470			4
2025.05.29	02:00:47.135		0.93471			4
2025.05.29	02:00:47.521	0.93460	0.93472			6
2025.05.29	02:00:48.355		0.93471			4
2025.05.29	02:00:48.711		0.93472			4
2025.05.29	02:00:52.279	0.93459	0.93470			6
2025.05.29	02:00:54.598	0.93458	0.93469			6
2025.05.29	02:00:54.899	0.93457				2
2025.05.29	02:00:58.835	0.93458				2
2025.05.29	02:00:59.381	0.93459	0.93470			6
2025.05.29	02:01:00.159	0.93459				2
2025.05.29	02:01:00.537	0.93460	0.93471			6
2025.05.29	02:01:00.984	0.93459	0.93470			6
2025.05.29	02:01:02.212	0.93457	0.93473			6
2025.05.29	02:01:02.518	0.93461				2
2025.05.29	02:01:02.831		0.93474			4
2025.05.29	02:01:03.156	0.93462	0.93473			6
2025.05.29	02:01:03.459	0.93463	0.93474			6
2025.05.29	02:01:04.129	0.93462				2
2025.05.29	02:01:04.499	0.93464	0.93476			6
2025.05.29	02:01:05.025	0.93463	0.93475			6
2025.05.29	02:01:05.480	0.93462	0.93473			6
2025.05.29	02:01:05.790	0.93461	0.93472			6
2025.05.29	02:01:06.720	0.93457	0.93468			6
2025.05.29	02:01:07.468	0.93461	0.93471			6
2025.05.29	02:01:07.828	0.93460				2
2025.05.29	02:01:09.932		0.93473			4
2025.05.29	02:01:10.918	0.93461				2
2025.05.29	02:01:12.275	0.93460				2
2025.05.29	02:01:16.388	0.93462				2
2025.05.29	02:01:17.104		0.93474			4
2025.05.29	02:01:18.848	0.93461				2
2025.05.29	02:01:19.680	0.93462	0.93473			6
2025.05.29	02:01:22.312	0.93461				2
2025.05.29	02:01:26.355	0.93463	0.93474			6
2025.05.29	02:01:26.999	0.93462	0.93473			6
2025.05.29	02:01:27.317		0.93474			4
2025.05.29	02:01:27.623	0.93461				2
2025.05.29	02:01:30.139	0.93463				2
2025.05.29	02:01:30.449	0.93464	0.93476			6
2025.05.29	02:01:32.160	0.93461	0.93473			6
2025.05.29	02:01:32.506	0.93462	0.93475			6
2025.05.29	02:01:35.898		0.93474			4
2025.05.29	02:01:36.300	0.93461	0.93473			6
2025.05.29	02:01:37.451		0.93472			4
2025.05.29	02:01:37.785	0.93462	0.93474			6
2025.05.29	02:01:38.100	0.93460	0.93472			6
2025.05.29	02:01:39.369	0.93461	0.93474			6
2025.05.29	02:01:45.004	0.93462				2
2025.05.29	02:01:50.179		0.93473			4
2025.05.29	02:01:50.711	0.93461	0.93472			6
2025.05.29	02:01:51.858		0.93473			4
2025.05.29	02:01:53.528	0.93462				2
2025.05.29	02:01:57.539	0.93461	0.93474			6
2025.05.29	02:01:57.943	0.93462				2
2025.05.29	02:02:00.452	0.93462				2
2025.05.29	02:02:00.774	0.93463				2
2025.05.29	02:02:01.077	0.93462				2
2025.05.29	02:02:01.415	0.93463				2
2025.05.29	02:02:02.320	0.93462				2
2025.05.29	02:02:03.177	0.93463	0.93475			6
2025.05.29	02:02:03.490		0.93474			4
2025.05.29	02:02:04.553	0.93462	0.93475			6
2025.05.29	02:02:06.015	0.93464				2
2025.05.29	02:02:08.618	0.93461	0.93476			6
2025.05.29	02:02:08.978	0.93462				2
2025.05.29	02:02:09.374	0.93463	0.93475			6
2025.05.29	02:02:09.833	0.93464	0.93476			6
2025.05.29	02:02:10.668	0.93463	0.93475			6
2025.05.29	02:02:11.058		0.93474			4
2025.05.29	02:02:11.395		0.93476			4
2025.05.29	02:02:11.730	0.93465	0.93478			6
2025.05.29	02:02:12.169	0.93469	0.93481			6
2025.05.29	02:02:12.474	0.93468	0.93480			6
2025.05.29	02:02:13.806	0.93471	0.93482			6
2025.05.29	02:02:16.323	0.93472	0.93483			6
2025.05.29	02:02:17.107	0.93471				2
2025.05.29	02:02:17.624	0.93472				2
2025.05.29	02:02:19.501	0.93470	0.93482			6
2025.05.29	02:02:23.856		0.93481			4
2025.05.29	02:02:25.835	0.93469				2
2025.05.29	02:02:28.020	0.93473	0.93478			6
2025.05.29	02:02:28.965	0.93472	0.93477			6
2025.05.29	02:02:29.273		0.93478			4
2025.05.29	02:02:30.480	0.93468	0.93480			6
2025.05.29	02:02:36.166	0.93475	0.93486			6
2025.05.29	02:02:36.477	0.93474				2
2025.05.29	02:02:40.395		0.93487			4
2025.05.29	02:02:41.037		0.93486			4
2025.05.29	02:02:41.507	0.93473				2
2025.05.29	02:02:42.316	0.93477	0.93490			6
2025.05.29	02:02:42.922	0.93483	0.93492			6
2025.05.29	02:02:48.627	0.93481	0.93490			6
2025.05.29	02:02:49.640	0.93482	0.93493			6
2025.05.29	02:02:49.958	0.93483				2
2025.05.29	02:02:50.639	0.93481				2
2025.05.29	02:02:52.028	0.93480				2
2025.05.29	02:02:52.799	0.93478				2
2025.05.29	02:02:55.322		0.93492			4
2025.05.29	02:02:55.711	0.93481				2
2025.05.29	02:02:56.323	0.93476				2
2025.05.29	02:02:57.086	0.93477				2
2025.05.29	02:02:58.043	0.93475				2
2025.05.29	02:02:58.874	0.93477				2
2025.05.29	02:03:00.242	0.93478				2
2025.05.29	02:03:01.487	0.93480				2
2025.05.29	02:03:01.812	0.93479				2
2025.05.29	02:03:07.853	0.93477	0.93491			6
2025.05.29	02:03:09.393	0.93478				2
2025.05.29	02:03:10.806	0.93479				2
2025.05.29	02:03:12.559		0.93492			4
2025.05.29	02:03:12.981	0.93478				2
2025.05.29	02:03:13.282	0.93475	0.93489			6
2025.05.29	02:03:13.600	0.93477	0.93490			6
2025.05.29	02:03:13.918		0.93491			4
2025.05.29	02:03:14.956	0.93479				2
2025.05.29	02:03:16.079	0.93478				2
2025.05.29	02:03:16.486	0.93477				2
2025.05.29	02:03:16.798	0.93478				2
2025.05.29	02:03:17.103	0.93477				2
2025.05.29	02:03:18.375		0.93489			4
2025.05.29	02:03:19.058	0.93478				2
2025.05.29	02:03:19.402	0.93477				2
2025.05.29	02:03:20.082	0.93478				2
2025.05.29	02:03:20.712	0.93477				2
2025.05.29	02:03:23.194	0.93475	0.93488			6
2025.05.29	02:03:26.589		0.93486			4
2025.05.29	02:03:26.919		0.93487			4
2025.05.29	02:03:27.367	0.93474				2
2025.05.29	02:03:30.242		0.93486			4
2025.05.29	02:03:31.658	0.93473	0.93487			6
2025.05.29	02:03:34.424	0.93474				2
2025.05.29	02:03:34.745		0.93485			4
2025.05.29	02:03:35.157		0.93486			4
2025.05.29	02:03:41.990		0.93485			4
2025.05.29	02:03:42.646	0.93473	0.93484			6
2025.05.29	02:03:49.815	0.93471				2
2025.05.29	02:03:50.613	0.93473	0.93486			6
2025.05.29	02:03:50.919	0.93474				2
2025.05.29	02:03:51.688	0.93475				2
2025.05.29	02:03:52.007	0.93474				2
2025.05.29	02:03:52.571	0.93475	0.93487			6
2025.05.29	02:03:53.657	0.93476				2
2025.05.29	02:03:54.593	0.93473	0.93485			6
2025.05.29	02:03:54.907		0.93484			4
2025.05.29	02:03:55.734	0.93472	0.93483			6
2025.05.29	02:03:57.378	0.93477	0.93488			6
2025.05.29	02:03:58.620	0.93478				2
2025.05.29	02:03:59.652	0.93479				2
2025.05.29	02:03:59.958	0.93475	0.93491			6
2025.05.29	02:04:00.387	0.93476	0.93492			6
2025.05.29	02:04:00.714	0.93480				2
2025.05.29	02:04:03.121	0.93479				2
2025.05.29	02:04:04.492	0.93477	0.93490			6
2025.05.29	02:04:07.971	0.93476				2
2025.05.29	02:04:09.724	0.93477				2
2025.05.29	02:04:12.756	0.93478				2
2025.05.29	02:04:13.892	0.93476				2
2025.05.29	02:04:14.252		0.93489			4
2025.05.29	02:04:15.676	0.93474				2
2025.05.29	02:04:17.367	0.93475	0.93488			6
2025.05.29	02:04:26.393	0.93481	0.93486			6
2025.05.29	02:04:28.827	0.93474	0.93488			6
2025.05.29	02:04:34.648	0.93481	0.93493			6
2025.05.29	02:04:34.967	0.93479				2
2025.05.29	02:04:35.936		0.93492			4
2025.05.29	02:04:37.450		0.93493			4
2025.05.29	02:04:39.233	0.93482				2
2025.05.29	02:04:46.500		0.93492			4
2025.05.29	02:04:49.352	0.93483				2
2025.05.29	02:04:50.750	0.93482				2
2025.05.29	02:04:51.064	0.93481				2
2025.05.29	02:04:59.152	0.93482				2
2025.05.29	02:05:00.317	0.93479	0.93491			6
2025.05.29	02:05:00.632	0.93477	0.93490			6
2025.05.29	02:05:04.657	0.93478				2
2025.05.29	02:05:05.022	0.93477	0.93489			6
2025.05.29	02:05:06.428	0.93478				2
2025.05.29	02:05:13.201	0.93477				2
2025.05.29	02:05:13.901	0.93478	0.93490			6
2025.05.29	02:05:14.913	0.93479				2
2025.05.29	02:05:16.916	0.93478				2
2025.05.29	02:05:21.610	0.93477	0.93489			6
2025.05.29	02:05:27.067	0.93479	0.93491			6
2025.05.29	02:05:28.358	0.93485	0.93495			6
2025.05.29	02:05:28.659		0.93496			4
2025.05.29	02:05:31.372	0.93484				2
2025.05.29	02:05:32.275	0.93485				2
2025.05.29	02:05:36.142	0.93483				2
2025.05.29	02:05:37.721	0.93485				2
2025.05.29	02:05:38.585	0.93483				2
2025.05.29	02:05:41.992	0.93484				2
2025.05.29	02:05:49.161	0.93486				2
2025.05.29	02:05:49.465	0.93484				2
2025.05.29	02:05:49.934	0.93487				2
2025.05.29	02:05:51.372	0.93484				2
2025.05.29	02:05:51.750	0.93488				2
2025.05.29	02:05:52.152	0.93485				2
2025.05.29	02:05:52.466	0.93487				2
2025.05.29	02:05:53.046	0.93485				2
2025.05.29	02:05:54.172	0.93486				2
2025.05.29	02:05:58.319	0.93485	0.93495			6
2025.05.29	02:05:58.636	0.93484	0.93494			6
2025.05.29	02:06:00.353	0.93484				2
2025.05.29	02:06:00.659		0.93495			4
2025.05.29	02:06:01.020		0.93494			4
2025.05.29	02:06:01.408	0.93483	0.93493			6
2025.05.29	02:06:02.849	0.93482				2
2025.05.29	02:06:03.163	0.93486	0.93495			6
2025.05.29	02:06:03.807	0.93485				2
2025.05.29	02:06:04.176	0.93486				2
2025.05.29	02:06:04.503		0.93494			4
2025.05.29	02:06:04.831	0.93487				2
2025.05.29	02:06:05.314	0.93483	0.93493			6
2025.05.29	02:06:05.777	0.93482				2
2025.05.29	02:06:09.112		0.93492			4
2025.05.29	02:06:13.006	0.93483	0.93493			6
2025.05.29	02:06:13.796		0.93495			4
2025.05.29	02:06:15.378	0.93485				2
2025.05.29	02:06:15.820	0.93486				2
2025.05.29	02:06:16.578		0.93494			4
2025.05.29	02:06:16.882	0.93485				2
2025.05.29	02:06:17.476	0.93483				2
2025.05.29	02:06:18.961	0.93482	0.93493			6
2025.05.29	02:06:19.362	0.93484	0.93495			6
2025.05.29	02:06:20.300	0.93483				2
2025.05.29	02:06:21.239	0.93482	0.93494			6
2025.05.29	02:06:22.463	0.93491	0.93501			6
2025.05.29	02:06:22.774	0.93494	0.93503			6
2025.05.29	02:06:23.136	0.93489	0.93502			6
2025.05.29	02:06:23.443	0.93492	0.93503			6
2025.05.29	02:06:23.763	0.93493				2
2025.05.29	02:06:24.078	0.93495				2
2025.05.29	02:06:24.945		0.93504			4
2025.05.29	02:06:25.345		0.93502			4
2025.05.29	02:06:26.873	0.93492				2
2025.05.29	02:06:27.180	0.93495	0.93504			6
2025.05.29	02:06:27.484	0.93493	0.93500			6
2025.05.29	02:06:27.790	0.93494	0.93501			6
2025.05.29	02:06:28.724	0.93492				2
2025.05.29	02:06:31.303	0.93491				2
2025.05.29	02:06:31.756		0.93502			4
2025.05.29	02:06:32.158		0.93500			4
2025.05.29	02:06:32.767	0.93490				2
2025.05.29	02:06:33.214		0.93501			4
2025.05.29	02:06:33.548	0.93493				2
2025.05.29	02:06:34.345	0.93494	0.93502			6
2025.05.29	02:06:34.977	0.93495				2
2025.05.29	02:06:35.352	0.93494				2
2025.05.29	02:06:35.832	0.93491	0.93504			6
2025.05.29	02:06:36.816	0.93490	0.93503			6
2025.05.29	02:06:38.469	0.93493				2
2025.05.29	02:06:38.773	0.93494				2
2025.05.29	02:06:39.090		0.93502			4
2025.05.29	02:06:40.586	0.93495	0.93503			6
2025.05.29	02:06:43.030	0.93492				2
2025.05.29	02:06:43.361	0.93493				2
2025.05.29	02:06:46.602	0.93494				2
2025.05.29	02:06:48.695	0.93495				2
2025.05.29	02:06:49.286	0.93494	0.93505			6
2025.05.29	02:06:49.598	0.93501	0.93512			6
2025.05.29	02:06:50.949		0.93514			4
2025.05.29	02:06:51.260		0.93513			4
2025.05.29	02:06:52.234	0.93502				2
2025.05.29	02:06:53.411	0.93504	0.93515			6
2025.05.29	02:06:53.718	0.93506	0.93516			6
2025.05.29	02:06:54.088	0.93507	0.93517			6
2025.05.29	02:06:59.278	0.93504	0.93515			6
2025.05.29	02:06:59.596	0.93503	0.93514			6
2025.05.29	02:07:00.044	0.93503				2
2025.05.29	02:07:00.443	0.93504				2
2025.05.29	02:07:00.916		0.93515			4
2025.05.29	02:07:01.386	0.93505				2
2025.05.29	02:07:02.909	0.93506	0.93517			6
2025.05.29	02:07:03.228	0.93505	0.93515			6
2025.05.29	02:07:03.860		0.93516			4
2025.05.29	02:07:04.182		0.93515			4
2025.05.29	02:07:05.015	0.93504	0.93516			6
2025.05.29	02:07:05.914	0.93505	0.93515			6
2025.05.29	02:07:06.249		0.93516			4
2025.05.29	02:07:10.296		0.93515			4
2025.05.29	02:07:11.186	0.93506	0.93516			6
2025.05.29	02:07:11.499		0.93517			4
2025.05.29	02:07:12.369	0.93505	0.93515			6
2025.05.29	02:07:16.581	0.93506	0.93516			6
2025.05.29	02:07:18.000	0.93505				2
2025.05.29	02:07:20.740	0.93503	0.93517			6
2025.05.29	02:07:21.042	0.93505				2
2025.05.29	02:07:21.377		0.93516			4
2025.05.29	02:07:26.390		0.93515			4
2025.05.29	02:07:27.703	0.93504				2
2025.05.29	02:07:28.082	0.93506	0.93516			6
2025.05.29	02:07:28.918	0.93503	0.93513			6
2025.05.29	02:07:33.249	0.93504				2
2025.05.29	02:07:33.558	0.93505	0.93515			6
2025.05.29	02:07:33.937	0.93506	0.93516			6
2025.05.29	02:07:34.274	0.93507	0.93517			6
2025.05.29	02:07:34.595	0.93511				2
2025.05.29	02:07:34.924	0.93509				2
2025.05.29	02:07:35.547	0.93507	0.93518			6
2025.05.29	02:07:36.179	0.93509	0.93519			6
2025.05.29	02:07:37.980	0.93508	0.93518			6
2025.05.29	02:07:38.673	0.93509				2
2025.05.29	02:07:41.754	0.93506	0.93517			6
2025.05.29	02:07:42.058		0.93516			4
2025.05.29	02:07:42.396		0.93517			4
2025.05.29	02:07:42.708	0.93507	0.93519			6
2025.05.29	02:07:43.063		0.93518			4
2025.05.29	02:07:44.421	0.93506	0.93517			6
2025.05.29	02:07:45.772	0.93507				2
2025.05.29	02:07:46.215	0.93506	0.93516			6
2025.05.29	02:07:47.622	0.93509	0.93521			6
2025.05.29	02:07:47.963	0.93511	0.93522			6
2025.05.29	02:07:49.828	0.93510	0.93521			6
2025.05.29	02:07:50.190	0.93509	0.93520			6
2025.05.29	02:07:52.529	0.93511	0.93523			6
2025.05.29	02:07:52.881	0.93512				2
2025.05.29	02:07:53.209		0.93522			4
2025.05.29	02:07:54.251	0.93514	0.93524			6
2025.05.29	02:07:55.173		0.93525			4
2025.05.29	02:07:56.155	0.93513	0.93524			6
2025.05.29	02:07:56.468	0.93514	0.93525			6
2025.05.29	02:07:57.096	0.93516	0.93526			6
2025.05.29	02:07:57.746	0.93515				2
2025.05.29	02:07:58.758	0.93516	0.93527			6
2025.05.29	02:07:59.405		0.93526			4
2025.05.29	02:08:00.460	0.93516				2
2025.05.29	02:08:01.317	0.93515				2
2025.05.29	02:08:02.351		0.93525			4
2025.05.29	02:08:03.023		0.93526			4
2025.05.29	02:08:04.277		0.93525			4
2025.05.29	02:08:04.615		0.93526			4
2025.05.29	02:08:06.053		0.93525			4
2025.05.29	02:08:06.412	0.93516	0.93526			6
2025.05.29	02:08:06.750	0.93519	0.93529			6
2025.05.29	02:08:07.107	0.93518				2
2025.05.29	02:08:07.757	0.93519				2
2025.05.29	02:08:09.021	0.93514	0.93525			6
2025.05.29	02:08:09.867	0.93517	0.93528			6
2025.05.29	02:08:10.353	0.93516	0.93530			6
2025.05.29	02:08:10.667	0.93515	0.93526			6
2025.05.29	02:08:11.408	0.93516				2
2025.05.29	02:08:12.659	0.93515				2
2025.05.29	02:08:12.961	0.93514	0.93525			6
2025.05.29	02:08:13.502	0.93513	0.93524			6
2025.05.29	02:08:15.111	0.93514	0.93525			6
2025.05.29	02:08:15.835	0.93515				2
2025.05.29	02:08:16.201	0.93514	0.93524			6
2025.05.29	02:08:17.792	0.93513				2
2025.05.29	02:08:18.564	0.93514	0.93525			6
2025.05.29	02:08:19.202		0.93524			4
2025.05.29	02:08:19.668		0.93525			4
2025.05.29	02:08:25.713	0.93513	0.93524			6
2025.05.29	02:08:26.391	0.93514	0.93525			6
2025.05.29	02:08:27.456	0.93513	0.93524			6
2025.05.29	02:08:28.205	0.93515	0.93525			6
2025.05.29	02:08:28.521		0.93527			4
2025.05.29	02:08:29.340		0.93526			4
2025.05.29	02:08:32.740		0.93525			4
2025.05.29	02:08:33.071		0.93527			4
2025.05.29	02:08:33.376		0.93526			4
2025.05.29	02:08:33.957	0.93516	0.93527			6
2025.05.29	02:08:36.354	0.93515	0.93526			6
2025.05.29	02:08:37.538	0.93519	0.93530			6
2025.05.29	02:08:38.501	0.93518	0.93529			6
2025.05.29	02:08:38.806	0.93519	0.93530			6
2025.05.29	02:08:39.611	0.93516	0.93526			6
2025.05.29	02:08:42.343	0.93515				2
2025.05.29	02:08:42.933	0.93520	0.93529			6
2025.05.29	02:08:43.269		0.93531			4
2025.05.29	02:08:45.309		0.93532			4
2025.05.29	02:08:45.623		0.93531			4
2025.05.29	02:08:46.343		0.93532			4
2025.05.29	02:08:46.670		0.93531			4
2025.05.29	02:08:48.271	0.93521	0.93532			6
2025.05.29	02:08:49.335	0.93520	0.93531			6
2025.05.29	02:08:56.261	0.93519				2
2025.05.29	02:08:57.682	0.93518	0.93529			6
2025.05.29	02:08:59.376	0.93519	0.93530			6
2025.05.29	02:09:00.357	0.93518	0.93529			6
2025.05.29	02:09:03.607	0.93519	0.93530			6
2025.05.29	02:09:05.415	0.93516				2
2025.05.29	02:09:06.231	0.93519	0.93531			6
2025.05.29	02:09:06.687	0.93520				2
2025.05.29	02:09:20.184	0.93519	0.93530			6
2025.05.29	02:09:22.818	0.93520	0.93531			6
2025.05.29	02:09:25.268	0.93519				2
2025.05.29	02:09:26.204	0.93520				2
2025.05.29	02:09:28.470		0.93532			4
2025.05.29	02:09:28.929	0.93519	0.93531			6
2025.05.29	02:09:29.253		0.93530			4
2025.05.29	02:09:31.579	0.93520	0.93532			6
2025.05.29	02:09:31.921	0.93519	0.93530			6
2025.05.29	02:09:33.693	0.93518				2
2025.05.29	02:09:34.173	0.93519				2
2025.05.29	02:09:36.348	0.93520	0.93531			6
2025.05.29	02:09:37.576	0.93517	0.93528			6
2025.05.29	02:09:38.099	0.93511	0.93522			6
2025.05.29	02:09:38.799	0.93515	0.93525			6
2025.05.29	02:09:39.110		0.93526			4
2025.05.29	02:09:39.421	0.93517	0.93528			6
2025.05.29	02:09:39.856		0.93529			4
2025.05.29	02:09:40.351		0.93530			4
2025.05.29	02:09:41.928		0.93529			4
2025.05.29	02:09:44.072		0.93528			4
2025.05.29	02:09:44.379	0.93521	0.93533			6
2025.05.29	02:09:45.664		0.93532			4
2025.05.29	02:09:47.809		0.93533			4
2025.05.29	02:09:48.657	0.93520	0.93532			6
2025.05.29	02:09:49.024	0.93521	0.93533			6
2025.05.29	02:09:49.779	0.93529	0.93541			6
2025.05.29	02:09:50.106	0.93530				2
2025.05.29	02:09:53.937	0.93529	0.93540			6
2025.05.29	02:09:55.829	0.93524	0.93535			6
2025.05.29	02:09:56.945	0.93523	0.93534			6
2025.05.29	02:09:57.263	0.93524	0.93535			6
2025.05.29	02:09:57.927	0.93523	0.93534			6
2025.05.29	02:10:00.156	0.93521	0.93536			6
2025.05.29	02:10:00.911	0.93520	0.93537			6
2025.05.29	02:10:01.286	0.93521	0.93536			6
2025.05.29	02:10:01.969	0.93529	0.93543			6
2025.05.29	02:10:02.290	0.93530	0.93544			6
2025.05.29	02:10:03.006	0.93531				2
2025.05.29	02:10:03.319	0.93530	0.93545			6
2025.05.29	02:10:04.893	0.93532	0.93547			6
2025.05.29	02:10:05.199	0.93534	0.93548			6
2025.05.29	02:10:05.553	0.93535	0.93544			6
2025.05.29	02:10:05.863	0.93531	0.93545			6
2025.05.29	02:10:06.179	0.93530	0.93544			6
2025.05.29	02:10:07.043		0.93545			4
2025.05.29	02:10:07.365	0.93532	0.93544			6
2025.05.29	02:10:07.666	0.93531	0.93545			6
2025.05.29	02:10:07.978		0.93544			4
2025.05.29	02:10:08.291	0.93529	0.93541			6
2025.05.29	02:10:08.596	0.93527				2
2025.05.29	02:10:08.912	0.93531	0.93542			6
2025.05.29	02:10:09.232	0.93528	0.93541			6
2025.05.29	02:10:10.202		0.93540			4
2025.05.29	02:10:10.527	0.93525	0.93539			6
2025.05.29	02:10:11.342	0.93529	0.93542			6
2025.05.29	02:10:11.743		0.93543			4
2025.05.29	02:10:12.071	0.93532				2
2025.05.29	02:10:12.399	0.93531				2
2025.05.29	02:10:13.981	0.93530	0.93544			6
2025.05.29	02:10:14.900		0.93543			4
2025.05.29	02:10:15.326	0.93529	0.93544			6
2025.05.29	02:10:16.593	0.93530	0.93543			6
2025.05.29	02:10:16.992	0.93529	0.93544			6
2025.05.29	02:10:17.613		0.93543			4
2025.05.29	02:10:19.177	0.93530				2
2025.05.29	02:10:19.600	0.93529	0.93544			6
2025.05.29	02:10:20.126	0.93530	0.93543			6
2025.05.29	02:10:20.981	0.93532	0.93546			6
2025.05.29	02:10:21.942	0.93531	0.93544			6
2025.05.29	02:10:22.588	0.93529	0.93545			6
2025.05.29	02:10:22.920	0.93530				2
2025.05.29	02:10:23.231	0.93529	0.93544			6
2025.05.29	02:10:23.541	0.93527	0.93545			6
2025.05.29	02:10:23.962	0.93528	0.93544			6
2025.05.29	02:10:24.267	0.93530				2
2025.05.29	02:10:24.570	0.93531				2
2025.05.29	02:10:24.944	0.93532	0.93545			6
2025.05.29	02:10:25.259	0.93530				2
2025.05.29	02:10:25.743	0.93531				2
2025.05.29	02:10:26.398	0.93534	0.93548			6
2025.05.29	02:10:27.352	0.93533	0.93547			6
2025.05.29	02:10:27.657	0.93532	0.93546			6
2025.05.29	02:10:28.717	0.93533				2
2025.05.29	02:10:29.031		0.93547			4
2025.05.29	02:10:29.386	0.93534	0.93548			6
2025.05.29	02:10:30.831	0.93533	0.93547			6
2025.05.29	02:10:31.140		0.93548			4
2025.05.29	02:10:31.510	0.93546	0.93559			6
2025.05.29	02:10:31.820		0.93560			4
2025.05.29	02:10:32.127	0.93549	0.93562			6
2025.05.29	02:10:32.472	0.93550				2
2025.05.29	02:10:33.277	0.93559	0.93568			6
2025.05.29	02:10:33.590	0.93560	0.93569			6
2025.05.29	02:10:33.900	0.93559				2
2025.05.29	02:10:34.636	0.93558	0.93570			6
2025.05.29	02:10:34.963	0.93559	0.93575			6
2025.05.29	02:10:35.279	0.93567	0.93577			6
2025.05.29	02:10:35.679	0.93568	0.93576			6
2025.05.29	02:10:35.980	0.93562				2
2025.05.29	02:10:36.284	0.93561	0.93575			6
2025.05.29	02:10:36.599	0.93566	0.93578			6
2025.05.29	02:10:37.380	0.93567	0.93580			6
2025.05.29	02:10:37.730	0.93568				2
2025.05.29	02:10:38.083	0.93569				2
2025.05.29	02:10:39.118		0.93579			4
2025.05.29	02:10:39.861	0.93568				2
2025.05.29	02:10:40.162	0.93573	0.93582			6
2025.05.29	02:10:40.495	0.93571				2
2025.05.29	02:10:40.797	0.93572	0.93583			6
2025.05.29	02:10:41.887	0.93573				2
2025.05.29	02:10:42.312	0.93571	0.93584			6
2025.05.29	02:10:42.618		0.93583			4
2025.05.29	02:10:42.940	0.93572				2
2025.05.29	02:10:43.291	0.93573	0.93584			6
2025.05.29	02:10:43.603	0.93570	0.93581			6
2025.05.29	02:10:44.305		0.93580			4
2025.05.29	02:10:45.582		0.93581			4
2025.05.29	02:10:45.901	0.93568	0.93582			6
2025.05.29	02:10:46.203	0.93571				2
2025.05.29	02:10:46.859	0.93580	0.93590			6
2025.05.29	02:10:47.696	0.93575	0.93585			6
2025.05.29	02:10:48.013	0.93579	0.93590			6
2025.05.29	02:10:48.320	0.93583	0.93596			6
2025.05.29	02:10:48.644	0.93585				2
2025.05.29	02:10:48.944		0.93595			4
2025.05.29	02:10:49.258	0.93583	0.93593			6
2025.05.29	02:10:49.568	0.93584	0.93594			6
2025.05.29	02:10:50.218	0.93601	0.93611			6
2025.05.29	02:10:50.525	0.93615	0.93625			6
2025.05.29	02:10:50.839	0.93614				2
2025.05.29	02:10:51.146	0.93615	0.93627			6
2025.05.29	02:10:51.460	0.93618				2
2025.05.29	02:10:51.778	0.93617	0.93629			6
2025.05.29	02:10:52.091	0.93615	0.93630			6
2025.05.29	02:10:52.399	0.93616				2
2025.05.29	02:10:52.708	0.93632	0.93650			6
2025.05.29	02:10:53.019	0.93662	0.93686			6
2025.05.29	02:10:53.341	0.93693	0.93708			6
2025.05.29	02:10:53.660	0.93679	0.93695			6
2025.05.29	02:10:53.962	0.93662	0.93685			6
2025.05.29	02:10:54.279	0.93675	0.93686			6
2025.05.29	02:10:54.599	0.93671				2
2025.05.29	02:10:54.919	0.93675	0.93687			6
2025.05.29	02:10:55.226	0.93673	0.93688			6
2025.05.29	02:10:55.533	0.93672	0.93689			6
2025.05.29	02:10:55.845	0.93668	0.93685			6
2025.05.29	02:10:56.150	0.93669	0.93680			6
2025.05.29	02:10:56.458	0.93663	0.93678			6
2025.05.29	02:10:56.761	0.93667	0.93689			6
2025.05.29	02:10:57.079	0.93672	0.93696			6
2025.05.29	02:10:57.399		0.93681			4
2025.05.29	02:10:57.731	0.93666	0.93675			6
2025.05.29	02:10:58.038	0.93654	0.93670			6
2025.05.29	02:10:58.340	0.93649	0.93660			6
2025.05.29	02:10:58.661	0.93650	0.93659			6
2025.05.29	02:10:58.982	0.93644	0.93654			6
2025.05.29	02:10:59.288	0.93642	0.93652			6
2025.05.29	02:10:59.625	0.93643	0.93655			6
2025.05.29	02:10:59.948		0.93652			4
2025.05.29	02:11:00.261	0.93641	0.93650			6
2025.05.29	02:11:00.576	0.93638	0.93649			6
2025.05.29	02:11:00.893	0.93637	0.93647			6
2025.05.29	02:11:01.257	0.93639	0.93653			6
2025.05.29	02:11:01.559	0.93649	0.93658			6
2025.05.29	02:11:01.902	0.93634	0.93648			6
2025.05.29	02:11:02.203		0.93643			4
2025.05.29	02:11:02.522		0.93644			4
2025.05.29	02:11:02.838	0.93633	0.93643			6
2025.05.29	02:11:03.458	0.93630	0.93640			6
2025.05.29	02:11:03.760	0.93628	0.93639			6
2025.05.29	02:11:04.334	0.93622	0.93631			6
2025.05.29	02:11:04.641	0.93621				2
2025.05.29	02:11:04.945	0.93622	0.93632			6
2025.05.29	02:11:05.252	0.93625	0.93633			6
2025.05.29	02:11:05.558		0.93635			4
2025.05.29	02:11:05.865	0.93617	0.93629			6
2025.05.29	02:11:06.181	0.93620	0.93630			6
2025.05.29	02:11:06.507		0.93631			4
2025.05.29	02:11:06.885	0.93621	0.93630			6
2025.05.29	02:11:07.210	0.93620				2
2025.05.29	02:11:08.403	0.93615	0.93628			6
2025.05.29	02:11:09.357	0.93609	0.93621			6
2025.05.29	02:11:09.961	0.93608	0.93618			6
2025.05.29	02:11:10.279	0.93610	0.93620			6
2025.05.29	02:11:10.589		0.93622			4
2025.05.29	02:11:10.977	0.93609				2
2025.05.29	02:11:11.707	0.93607	0.93619			6
2025.05.29	02:11:12.022	0.93610	0.93620			6
2025.05.29	02:11:12.324	0.93609	0.93618			6
2025.05.29	02:11:12.668	0.93608				2
2025.05.29	02:11:13.044	0.93609				2
2025.05.29	02:11:14.079	0.93616	0.93631			6
2025.05.29	02:11:14.381	0.93614	0.93628			6
2025.05.29	02:11:15.277	0.93618	0.93630			6
2025.05.29	02:11:15.782	0.93615	0.93625			6
2025.05.29	02:11:16.104		0.93624			4
2025.05.29	02:11:16.489	0.93612	0.93623			6
2025.05.29	02:11:16.819	0.93609	0.93619			6
2025.05.29	02:11:17.820	0.93610	0.93620			6
2025.05.29	02:11:18.132	0.93609	0.93621			6
2025.05.29	02:11:18.782	0.93610				2
2025.05.29	02:11:19.229	0.93614	0.93624			6
2025.05.29	02:11:20.303		0.93625			4
2025.05.29	02:11:20.700	0.93615	0.93624			6
2025.05.29	02:11:21.359	0.93616	0.93625			6
2025.05.29	02:11:22.177	0.93615				2
2025.05.29	02:11:23.130		0.93624			4
2025.05.29	02:11:23.442	0.93614				2
2025.05.29	02:11:23.877	0.93615				2
2025.05.29	02:11:24.846	0.93616	0.93626			6
2025.05.29	02:11:25.181		0.93625			4
2025.05.29	02:11:26.170		0.93626			4
2025.05.29	02:11:26.480	0.93614	0.93625			6
2025.05.29	02:11:27.382	0.93615				2
2025.05.29	02:11:29.547		0.93624			4
2025.05.29	02:11:30.236	0.93595	0.93611			6
2025.05.29	02:11:30.539	0.93596	0.93606			6
2025.05.29	02:11:31.203	0.93594	0.93603			6
2025.05.29	02:11:31.509	0.93595	0.93605			6
2025.05.29	02:11:31.845	0.93602	0.93614			6
2025.05.29	02:11:32.479	0.93603	0.93615			6
2025.05.29	02:11:32.785	0.93599	0.93608			6
2025.05.29	02:11:33.171		0.93609			4
2025.05.29	02:11:33.485	0.93598				2
2025.05.29	02:11:33.808	0.93599	0.93610			6
2025.05.29	02:11:34.131	0.93600	0.93612			6
2025.05.29	02:11:35.019	0.93598	0.93607			6
2025.05.29	02:11:35.339		0.93609			4
2025.05.29	02:11:35.659	0.93592	0.93603			6
2025.05.29	02:11:35.984	0.93594				2
2025.05.29	02:11:36.301	0.93590				2
2025.05.29	02:11:37.201	0.93589	0.93604			6
2025.05.29	02:11:37.504	0.93588	0.93599			6
2025.05.29	02:11:37.823	0.93589				2
2025.05.29	02:11:38.140	0.93590				2
2025.05.29	02:11:38.452	0.93589				2
2025.05.29	02:11:38.782	0.93591	0.93601			6
2025.05.29	02:11:39.124	0.93592	0.93603			6
2025.05.29	02:11:39.800	0.93594	0.93604			6
2025.05.29	02:11:40.138	0.93595	0.93605			6
2025.05.29	02:11:41.343	0.93596	0.93606			6
2025.05.29	02:11:42.054	0.93591	0.93601			6
2025.05.29	02:11:42.607	0.93592				2
2025.05.29	02:11:42.953	0.93591	0.93600			6
2025.05.29	02:11:43.559	0.93592	0.93602			6
2025.05.29	02:11:43.865	0.93590				2
2025.05.29	02:11:44.541	0.93589	0.93601			6
2025.05.29	02:11:44.844	0.93588	0.93599			6
2025.05.29	02:11:45.249	0.93587	0.93601			6
2025.05.29	02:11:45.560		0.93600			4
