<DATE>	<TIME>	<BID>	<ASK>	<LAST>	<VOLUME>	<FLAGS>
2025.07.23	00:03:30.819	0.93062	0.93242			6
2025.07.23	00:04:01.447	0.93062				2
2025.07.23	00:04:44.102		0.93242			4
2025.07.23	00:05:01.251	0.93061				2
2025.07.23	00:05:11.916	0.93064				2
2025.07.23	00:05:15.766	0.93063				2
2025.07.23	00:05:21.066	0.93061				2
2025.07.23	00:05:27.723	0.93063	0.93239			6
2025.07.23	00:05:28.357	0.93061				2
2025.07.23	00:05:38.358	0.93063				2
2025.07.23	00:05:40.884	0.93066				2
2025.07.23	00:05:41.213	0.93067				2
2025.07.23	00:05:43.427	0.93066				2
2025.07.23	00:05:46.120	0.93065				2
2025.07.23	00:05:50.932	0.93062				2
2025.07.23	00:05:56.175	0.93065				2
2025.07.23	00:05:56.980	0.93066				2
2025.07.23	00:06:01.252	0.93066				2
2025.07.23	00:06:33.042		0.93239			4
2025.07.23	00:07:00.671	0.93066				2
2025.07.23	00:07:42.887		0.93239			4
2025.07.23	00:08:01.251	0.93067				2
2025.07.23	00:08:45.009		0.93239			4
2025.07.23	00:09:00.372	0.93067				2
2025.07.23	00:09:01.253	0.93068				2
2025.07.23	00:09:45.235		0.93239			4
2025.07.23	00:10:00.350	0.93090				2
2025.07.23	00:10:07.866	0.93089				2
2025.07.23	00:10:11.796	0.93037	0.93255			6
2025.07.23	00:10:13.034	0.93038				2
2025.07.23	00:10:14.550	0.93034	0.93259			6
2025.07.23	00:10:16.366	0.93053	0.93258			6
2025.07.23	00:10:17.277	0.93054				2
2025.07.23	00:10:19.092		0.93257			4
2025.07.23	00:10:20.611	0.93055				2
2025.07.23	00:10:23.033		0.93256			4
2025.07.23	00:10:24.244	0.93056				2
2025.07.23	00:10:27.576	0.93048	0.93255			6
2025.07.23	00:10:30.608	0.93057				2
2025.07.23	00:10:32.126		0.93254			4
2025.07.23	00:10:33.638	0.93058				2
2025.07.23	00:10:36.360		0.93253			4
2025.07.23	00:10:37.574	0.93059				2
2025.07.23	00:10:40.906		0.93252			4
2025.07.23	00:10:42.423	0.93060				2
2025.07.23	00:10:45.150		0.93251			4
2025.07.23	00:10:46.969	0.93063	0.93249			6
2025.07.23	00:10:48.179		0.93248			4
2025.07.23	00:10:49.998	0.93064				2
2025.07.23	00:10:51.207	0.93063				2
2025.07.23	00:10:51.514	0.93064				2
2025.07.23	00:10:53.029		0.93247			4
2025.07.23	00:10:59.693	0.93063	0.93248			6
2025.07.23	00:11:00.301	0.93063				2
2025.07.23	00:11:01.511	0.93065	0.93246			6
2025.07.23	00:11:04.844		0.93245			4
2025.07.23	00:11:08.172	0.93066				2
2025.07.23	00:11:09.386		0.93244			4
2025.07.23	00:11:11.808	0.93067				2
2025.07.23	00:11:15.748		0.93243			4
2025.07.23	00:11:16.962	0.93068				2
2025.07.23	00:11:18.171	0.93060				2
2025.07.23	00:11:18.477	0.93091	0.93240			6
2025.07.23	00:11:21.574	0.93092				2
2025.07.23	00:11:24.841	0.93069	0.93241			6
2025.07.23	00:11:25.744	0.93092	0.93240			6
2025.07.23	00:11:31.947	0.93070				2
2025.07.23	00:11:32.864	0.93092				2
2025.07.23	00:11:36.362	0.93091				2
2025.07.23	00:11:43.057	0.93093				2
2025.07.23	00:11:44.044	0.93094				2
2025.07.23	00:11:45.426	0.93092				2
2025.07.23	00:11:47.588	0.93093				2
2025.07.23	00:11:52.267	0.93092				2
2025.07.23	00:12:01.569	0.93092				2
2025.07.23	00:12:07.585	0.93089				2
2025.07.23	00:12:08.228	0.93091				2
2025.07.23	00:12:21.511	0.93090				2
2025.07.23	00:12:27.365		0.93240			4
2025.07.23	00:12:42.553	0.93089				2
2025.07.23	00:12:44.245	0.93090				2
2025.07.23	00:12:47.361	0.93091				2
2025.07.23	00:12:49.261	0.93092				2
2025.07.23	00:12:50.358	0.93090				2
2025.07.23	00:12:51.576	0.93091				2
2025.07.23	00:13:00.194	0.93091				2
2025.07.23	00:13:02.699	0.93090				2
2025.07.23	00:13:03.962	0.93091				2
2025.07.23	00:13:28.359		0.93240			4
2025.07.23	00:13:30.489	0.93090				2
2025.07.23	00:13:35.243	0.93091				2
2025.07.23	00:13:35.558	0.93093				2
2025.07.23	00:13:51.120	0.93092				2
2025.07.23	00:13:56.643	0.93091				2
2025.07.23	00:13:57.648	0.93089				2
2025.07.23	00:14:00.361	0.93089				2
2025.07.23	00:14:01.260	0.93093				2
2025.07.23	00:14:01.575	0.93094				2
2025.07.23	00:14:29.765		0.93240			4
2025.07.23	00:14:31.866	0.93093				2
2025.07.23	00:14:42.661	0.93092				2
2025.07.23	00:14:51.077	0.93093				2
2025.07.23	00:14:53.460	0.93092				2
2025.07.23	00:15:00.380	0.93092				2
2025.07.23	00:15:00.717	0.93090				2
2025.07.23	00:15:01.861	0.93077	0.93222			6
2025.07.23	00:15:03.484	0.93078				2
2025.07.23	00:15:04.862	0.93057	0.93238			6
2025.07.23	00:15:05.606	0.93058				2
2025.07.23	00:15:06.148	0.93056	0.93227			6
2025.07.23	00:15:06.964	0.93057				2
2025.07.23	00:15:08.489	0.93058				2
2025.07.23	00:15:09.666	0.93059				2
2025.07.23	00:15:13.263	0.93060				2
2025.07.23	00:15:16.862	0.93061				2
2025.07.23	00:15:18.662	0.93060				2
2025.07.23	00:15:19.863	0.93061				2
2025.07.23	00:15:23.174	0.93062				2
2025.07.23	00:15:23.749	0.93065				2
2025.07.23	00:15:24.963	0.93066				2
2025.07.23	00:15:30.365	0.93067				2
2025.07.23	00:15:31.080	0.93064				2
2025.07.23	00:15:38.276	0.93060				2
2025.07.23	00:15:43.862	0.93061				2
2025.07.23	00:15:51.360	0.93062				2
2025.07.23	00:15:52.217	0.93061				2
2025.07.23	00:15:56.464	0.93062				2
2025.07.23	00:16:00.023	0.93062				2
2025.07.23	00:16:00.821	0.93061				2
2025.07.23	00:16:02.008	0.93062				2
2025.07.23	00:16:05.872	0.93052	0.93201			6
2025.07.23	00:16:06.786	0.93051				2
2025.07.23	00:16:07.595	0.93052				2
2025.07.23	00:16:11.164	0.93053				2
2025.07.23	00:16:13.079	0.93057				2
2025.07.23	00:16:13.705	0.93053				2
2025.07.23	00:16:14.012	0.93057				2
2025.07.23	00:16:14.320	0.93054				2
2025.07.23	00:16:14.943	0.93057				2
2025.07.23	00:16:15.260	0.93054				2
2025.07.23	00:16:15.565	0.93057				2
2025.07.23	00:16:15.870	0.93054				2
2025.07.23	00:16:17.104	0.93058				2
2025.07.23	00:16:17.410	0.93055				2
2025.07.23	00:16:21.960	0.93058				2
2025.07.23	00:16:22.350	0.93057				2
2025.07.23	00:16:33.007	0.93059	0.93199			6
2025.07.23	00:16:34.137		0.93212			4
2025.07.23	00:16:34.498	0.93060				2
2025.07.23	00:16:34.951	0.93058	0.93206			6
2025.07.23	00:16:37.459	0.93057				2
2025.07.23	00:16:39.355	0.93056	0.93199			6
2025.07.23	00:17:00.361	0.93056				2
2025.07.23	00:17:15.886	0.93057				2
2025.07.23	00:17:33.037	0.93060				2
2025.07.23	00:17:36.495	0.93059				2
2025.07.23	00:17:38.162	0.93061				2
2025.07.23	00:17:38.478		0.93210			4
2025.07.23	00:18:00.649	0.93061				2
2025.07.23	00:18:02.657	0.93059	0.93199			6
2025.07.23	00:18:03.743	0.93061				2
2025.07.23	00:18:32.394	0.93062				2
2025.07.23	00:18:32.914		0.93203			4
2025.07.23	00:18:34.878	0.93061				2
2025.07.23	00:18:37.968		0.93199			4
2025.07.23	00:19:00.952	0.93061				2
2025.07.23	00:19:03.961	0.93060				2
2025.07.23	00:19:20.378	0.93061	0.93210			6
2025.07.23	00:19:22.263	0.93062				2
2025.07.23	00:19:38.160	0.93061				2
2025.07.23	00:19:39.961	0.93062				2
2025.07.23	00:20:01.102	0.93062				2
2025.07.23	00:20:12.269		0.93216			4
2025.07.23	00:20:19.943	0.93061	0.93209			6
2025.07.23	00:20:32.485	0.93064				2
2025.07.23	00:20:41.081	0.93063				2
2025.07.23	00:20:41.761	0.93062				2
2025.07.23	00:21:11.763	0.93062				2
2025.07.23	00:21:17.829	0.93064				2
2025.07.23	00:21:18.490	0.93065				2
2025.07.23	00:21:19.295		0.93213			4
2025.07.23	00:21:54.961	0.93064				2
2025.07.23	00:22:08.505	0.93064				2
2025.07.23	00:22:13.862	0.93065				2
2025.07.23	00:22:21.759		0.93213			4
2025.07.23	00:23:01.758	0.93065				2
2025.07.23	00:23:21.760		0.93213			4
2025.07.23	00:23:43.717	0.93030	0.93186			6
2025.07.23	00:23:44.679	0.93065	0.93213			6
2025.07.23	00:24:02.684	0.93065				2
2025.07.23	00:24:25.358	0.93066				2
2025.07.23	00:24:45.659		0.93213			4
2025.07.23	00:25:00.310	0.93066				2
2025.07.23	00:25:01.749	0.93068				2
2025.07.23	00:25:12.419	0.93064	0.93199			6
2025.07.23	00:25:12.772	0.93066	0.93215			6
2025.07.23	00:25:18.062	0.93065				2
2025.07.23	00:25:23.295	0.93064				2
2025.07.23	00:25:23.603	0.93065				2
2025.07.23	00:25:40.520	0.93062	0.93210			6
2025.07.23	00:25:42.962	0.93063				2
2025.07.23	00:25:55.777	0.93064	0.93206			6
2025.07.23	00:25:56.233	0.93065	0.93210			6
2025.07.23	00:26:01.414	0.93064				2
2025.07.23	00:26:11.161	0.93063				2
2025.07.23	00:26:12.332	0.93064				2
2025.07.23	00:26:26.487		0.93203			4
2025.07.23	00:26:33.062	0.93063				2
2025.07.23	00:26:36.086		0.93187			4
2025.07.23	00:26:38.716	0.93061	0.93180			6
2025.07.23	00:26:40.355	0.93062				2
2025.07.23	00:27:00.660	0.93063				2
2025.07.23	00:27:02.162	0.93062				2
2025.07.23	00:27:19.089	0.93053	0.93174			6
2025.07.23	00:27:23.161	0.93052				2
2025.07.23	00:27:27.360	0.93053				2
2025.07.23	00:27:29.165	0.93052				2
2025.07.23	00:27:39.846	0.93055				2
2025.07.23	00:27:41.094	0.93063				2
2025.07.23	00:27:41.466	0.93055				2
2025.07.23	00:27:45.963	0.93056				2
2025.07.23	00:28:00.661	0.93056				2
2025.07.23	00:28:19.860		0.93174			4
2025.07.23	00:28:22.352	0.93062				2
2025.07.23	00:28:24.045	0.93063				2
2025.07.23	00:28:24.723	0.93064	0.93186			6
2025.07.23	00:28:27.360	0.93063	0.93187			6
2025.07.23	00:28:29.149	0.93061	0.93182			6
2025.07.23	00:28:29.657	0.93060	0.93173			6
2025.07.23	00:28:30.960	0.93062	0.93181			6
2025.07.23	00:28:32.003	0.93057	0.93158			6
2025.07.23	00:28:33.965	0.93056				2
2025.07.23	00:28:34.329	0.93059	0.93168			6
2025.07.23	00:28:35.761	0.93058	0.93165			6
2025.07.23	00:28:37.859	0.93057				2
2025.07.23	00:28:40.567	0.93059	0.93172			6
2025.07.23	00:28:45.661	0.93064	0.93168			6
2025.07.23	00:28:46.388	0.93065	0.93185			6
2025.07.23	00:28:46.861	0.93064	0.93186			6
2025.07.23	00:28:50.132	0.93059	0.93169			6
2025.07.23	00:28:52.561	0.93058	0.93166			6
2025.07.23	00:28:52.872	0.93059				2
2025.07.23	00:28:53.180	0.93058				2
2025.07.23	00:29:00.208	0.93058				2
2025.07.23	00:29:02.619	0.93056	0.93161			6
2025.07.23	00:29:05.233		0.93156			4
2025.07.23	00:29:05.757		0.93194			4
2025.07.23	00:29:06.198		0.93156			4
2025.07.23	00:29:06.910	0.93055	0.93154			6
2025.07.23	00:29:07.386	0.93062				2
2025.07.23	00:29:07.746	0.93058	0.93152			6
2025.07.23	00:29:10.860	0.93059	0.93159			6
2025.07.23	00:29:11.177	0.93056	0.93165			6
2025.07.23	00:29:11.849	0.93057				2
2025.07.23	00:29:12.158		0.93158			4
2025.07.23	00:29:12.461	0.93052	0.93155			6
2025.07.23	00:29:12.761	0.93058				2
2025.07.23	00:29:13.074	0.93054				2
2025.07.23	00:29:13.425	0.93057				2
2025.07.23	00:29:14.248	0.93055	0.93158			6
2025.07.23	00:29:14.560	0.93054				2
2025.07.23	00:29:15.590	0.93055				2
2025.07.23	00:29:17.381	0.93063				2
2025.07.23	00:29:17.699	0.93059				2
2025.07.23	00:29:19.565	0.93058				2
2025.07.23	00:29:24.298		0.93155			4
2025.07.23	00:29:25.190	0.93056				2
2025.07.23	00:29:32.263		0.93151			4
2025.07.23	00:29:35.555		0.93147			4
2025.07.23	00:29:36.232	0.93054	0.93167			6
2025.07.23	00:29:36.555	0.93056				2
2025.07.23	00:29:37.576	0.93055				2
2025.07.23	00:29:38.077	0.93061				2
2025.07.23	00:29:38.577	0.93055				2
2025.07.23	00:29:38.884	0.93054				2
2025.07.23	00:29:40.929	0.93057				2
2025.07.23	00:29:41.444	0.93059	0.93198			6
2025.07.23	00:29:41.749		0.93167			4
2025.07.23	00:29:42.059	0.93060				2
2025.07.23	00:29:42.374	0.93062				2
2025.07.23	00:29:42.678	0.93061				2
2025.07.23	00:29:43.878	0.93060				2
2025.07.23	00:29:44.353	0.93059				2
2025.07.23	00:29:44.773	0.93060				2
2025.07.23	00:29:45.444	0.93061	0.93197			6
2025.07.23	00:29:45.758	0.93060	0.93165			6
2025.07.23	00:29:46.059	0.93061				2
2025.07.23	00:29:46.380	0.93060				2
2025.07.23	00:29:46.690	0.93062				2
2025.07.23	00:29:46.991	0.93061				2
2025.07.23	00:29:47.302	0.93060				2
2025.07.23	00:29:47.605	0.93062				2
2025.07.23	00:29:47.920	0.93061				2
2025.07.23	00:29:48.444	0.93066				2
2025.07.23	00:29:48.948	0.93061				2
2025.07.23	00:29:50.446	0.93060				2
2025.07.23	00:29:50.834	0.93062	0.93174			6
2025.07.23	00:29:53.390	0.93061				2
2025.07.23	00:29:53.714	0.93063				2
2025.07.23	00:29:54.025	0.93062				2
2025.07.23	00:29:54.637	0.93064				2
2025.07.23	00:29:54.941	0.93062				2
2025.07.23	00:29:55.259	0.93064				2
2025.07.23	00:29:55.575	0.93062				2
2025.07.23	00:29:58.462	0.93063				2
2025.07.23	00:29:59.369	0.93067				2
2025.07.23	00:30:00.365	0.93067				2
2025.07.23	00:30:01.262	0.93069				2
2025.07.23	00:30:01.759	0.93068	0.93177			6
2025.07.23	00:30:02.358	0.93062				2
2025.07.23	00:30:02.877	0.93066				2
2025.07.23	00:30:03.377	0.93065				2
2025.07.23	00:30:04.378	0.93061				2
2025.07.23	00:30:04.875	0.93064				2
2025.07.23	00:30:07.861	0.93063				2
2025.07.23	00:30:09.711	0.93058	0.93171			6
2025.07.23	00:30:10.219	0.93056				2
2025.07.23	00:30:10.721	0.93058				2
2025.07.23	00:30:11.218	0.93057				2
2025.07.23	00:30:11.522		0.93167			4
2025.07.23	00:30:12.220	0.93069	0.93198			6
2025.07.23	00:30:12.554	0.93068				2
2025.07.23	00:30:13.164	0.93067				2
2025.07.23	00:30:14.761	0.93066				2
2025.07.23	00:30:16.597	0.93067				2
2025.07.23	00:30:17.098	0.93070				2
2025.07.23	00:30:17.597	0.93067				2
2025.07.23	00:30:18.079	0.93070				2
2025.07.23	00:30:18.598	0.93067				2
2025.07.23	00:30:19.097	0.93070				2
2025.07.23	00:30:19.598	0.93067				2
2025.07.23	00:30:20.099	0.93069				2
2025.07.23	00:30:20.588	0.93067				2
2025.07.23	00:30:21.074	0.93069				2
2025.07.23	00:30:21.468	0.93068				2
2025.07.23	00:30:22.088	0.93069				2
2025.07.23	00:30:23.461	0.93070				2
2025.07.23	00:30:24.143	0.93068				2
2025.07.23	00:30:24.596	0.93067				2
2025.07.23	00:30:25.385	0.93069				2
2025.07.23	00:30:26.394	0.93067				2
2025.07.23	00:30:29.761	0.93069				2
2025.07.23	00:30:31.332	0.93067				2
2025.07.23	00:30:31.840	0.93065				2
2025.07.23	00:30:33.969	0.93064				2
2025.07.23	00:30:37.891	0.93065				2
2025.07.23	00:30:41.259	0.93067				2
2025.07.23	00:30:54.660	0.93068				2
2025.07.23	00:30:55.231		0.93199			4
2025.07.23	00:31:04.212	0.93068				2
2025.07.23	00:31:05.495	0.93069				2
2025.07.23	00:31:06.660	0.93068				2
2025.07.23	00:31:09.361	0.93069				2
2025.07.23	00:31:10.047	0.93070				2
2025.07.23	00:31:19.529	0.93061				2
2025.07.23	00:31:20.489	0.93064				2
2025.07.23	00:31:22.152	0.93063	0.93197			6
2025.07.23	00:31:22.645	0.93038	0.93173			6
2025.07.23	00:31:23.491		0.93172			4
2025.07.23	00:31:24.272		0.93178			4
2025.07.23	00:31:25.261		0.93179			4
2025.07.23	00:31:28.254		0.93178			4
2025.07.23	00:31:31.071	0.93037				2
2025.07.23	00:31:31.372	0.93036	0.93175			6
2025.07.23	00:31:32.077	0.93037	0.93177			6
2025.07.23	00:31:32.462	0.93036	0.93175			6
2025.07.23	00:31:33.074	0.93037	0.93177			6
2025.07.23	00:31:33.576	0.93036	0.93175			6
2025.07.23	00:31:34.077	0.93038	0.93168			6
2025.07.23	00:31:34.862	0.93039				2
2025.07.23	00:31:36.960		0.93167			4
2025.07.23	00:31:37.891	0.93046	0.93160			6
2025.07.23	00:31:40.595	0.93049	0.93158			6
2025.07.23	00:31:41.079	0.93047	0.93159			6
2025.07.23	00:31:42.659	0.93046	0.93160			6
2025.07.23	00:31:43.088	0.93047	0.93159			6
2025.07.23	00:31:45.960	0.93045	0.93161			6
2025.07.23	00:31:52.375	0.93050	0.93157			6
2025.07.23	00:31:52.890		0.93156			4
2025.07.23	00:31:55.478	0.93037	0.93171			6
2025.07.23	00:31:56.460		0.93170			4
2025.07.23	00:31:58.869		0.93169			4
2025.07.23	00:32:00.310	0.93037	0.93171			6
2025.07.23	00:32:00.631	0.93038	0.93169			6
2025.07.23	00:32:01.119	0.93037	0.93173			6
2025.07.23	00:32:01.948		0.93175			4
2025.07.23	00:32:04.601		0.93176			4
2025.07.23	00:32:05.871	0.93035				2
2025.07.23	00:32:07.264		0.93173			4
2025.07.23	00:32:08.100		0.93171			4
2025.07.23	00:32:08.465	0.93036				2
2025.07.23	00:32:09.962	0.93035	0.93172			6
2025.07.23	00:32:16.974		0.93173			4
2025.07.23	00:32:21.859		0.93172			4
2025.07.23	00:32:25.262		0.93171			4
2025.07.23	00:32:29.101	0.93036				2
2025.07.23	00:32:31.047	0.93035	0.93174			6
2025.07.23	00:32:51.091		0.93172			4
2025.07.23	00:32:51.464		0.93174			4
2025.07.23	00:33:00.872	0.93035	0.93173			6
2025.07.23	00:33:05.160		0.93174			4
2025.07.23	00:33:06.364		0.93173			4
2025.07.23	00:33:20.379		0.93171			4
2025.07.23	00:33:20.762	0.93036	0.93170			6
2025.07.23	00:33:21.178		0.93171			4
2025.07.23	00:33:24.314	0.93037	0.93170			6
2025.07.23	00:33:29.462		0.93169			4
2025.07.23	00:33:31.152	0.93038	0.93168			6
2025.07.23	00:33:31.539	0.93041	0.93166			6
2025.07.23	00:33:33.065		0.93165			4
2025.07.23	00:33:34.003	0.93040	0.93166			6
2025.07.23	00:33:35.762		0.93167			4
2025.07.23	00:33:44.920	0.93039				2
2025.07.23	00:33:46.054	0.93040				2
2025.07.23	00:33:47.463	0.93039				2
2025.07.23	00:33:54.743	0.93041	0.93165			6
2025.07.23	00:33:57.061	0.93042				2
2025.07.23	00:34:01.044	0.93039	0.93167			6
2025.07.23	00:34:36.068	0.93037	0.93169			6
2025.07.23	00:34:37.859	0.93038				2
2025.07.23	00:34:40.562		0.93168			4
2025.07.23	00:34:42.035	0.93039	0.93167			6
2025.07.23	00:34:46.043	0.93040	0.93166			6
2025.07.23	00:34:47.470		0.93167			4
2025.07.23	00:34:50.880	0.93039	0.93168			6
2025.07.23	00:34:52.561	0.93038				2
2025.07.23	00:34:55.554	0.93037	0.93169			6
2025.07.23	00:34:56.167	0.93038	0.93168			6
2025.07.23	00:35:01.044	0.93039	0.93167			6
2025.07.23	00:35:15.781	0.93040	0.93166			6
2025.07.23	00:35:16.315	0.93039	0.93168			6
2025.07.23	00:35:35.556	0.93038				2
2025.07.23	00:35:36.130	0.93039				2
2025.07.23	00:35:38.460	0.93040	0.93167			6
2025.07.23	00:35:40.164		0.93166			4
2025.07.23	00:35:40.560	0.93041				2
2025.07.23	00:35:50.184		0.93165			4
2025.07.23	00:35:51.332	0.93044	0.93163			6
2025.07.23	00:35:53.241	0.93042	0.93164			6
2025.07.23	00:35:55.612	0.93046	0.93160			6
2025.07.23	00:35:57.060		0.93161			4
2025.07.23	00:36:00.359	0.93046				2
2025.07.23	00:36:01.260	0.93045	0.93162			6
2025.07.23	00:36:01.864	0.93042	0.93164			6
2025.07.23	00:36:03.661		0.93165			4
2025.07.23	00:36:05.463	0.93043	0.93164			6
2025.07.23	00:36:06.965	0.93041	0.93165			6
2025.07.23	00:36:08.164	0.93042				2
2025.07.23	00:36:11.150	0.93040	0.93167			6
2025.07.23	00:36:11.615	0.93042	0.93165			6
2025.07.23	00:36:12.350	0.93041				2
2025.07.23	00:36:13.651	0.93042				2
2025.07.23	00:36:14.782		0.93164			4
2025.07.23	00:36:15.945		0.93165			4
2025.07.23	00:36:16.565	0.93041				2
2025.07.23	00:36:17.747	0.93040	0.93167			6
2025.07.23	00:36:18.964	0.93038	0.93168			6
2025.07.23	00:36:20.167		0.93169			4
2025.07.23	00:36:20.948	0.93040	0.93167			6
2025.07.23	00:36:21.739	0.93041	0.93165			6
2025.07.23	00:36:23.160		0.93166			4
2025.07.23	00:36:28.942	0.93066	0.93195			6
2025.07.23	00:36:29.492	0.93067				2
2025.07.23	00:36:31.431	0.93068				2
2025.07.23	00:36:31.860		0.93199			4
2025.07.23	00:36:33.062	0.93067				2
2025.07.23	00:36:35.238	0.93068				2
2025.07.23	00:36:36.492	0.93071				2
2025.07.23	00:36:36.989	0.93069				2
2025.07.23	00:36:38.463	0.93070				2
2025.07.23	00:36:40.691	0.93075				2
2025.07.23	00:36:42.231	0.93076				2
2025.07.23	00:36:43.924	0.93074				2
2025.07.23	00:36:45.962	0.93073				2
2025.07.23	00:36:47.406	0.93039	0.93174			6
2025.07.23	00:36:47.906		0.93170			4
2025.07.23	00:36:48.660		0.93169			4
2025.07.23	00:36:50.380		0.93170			4
2025.07.23	00:36:50.987	0.93037				2
2025.07.23	00:36:53.762	0.93035	0.93172			6
2025.07.23	00:36:54.082		0.93171			4
2025.07.23	00:36:54.555	0.93037	0.93169			6
2025.07.23	00:36:56.236	0.93038				2
2025.07.23	00:36:56.553	0.93035	0.93171			6
2025.07.23	00:36:57.064		0.93172			4
2025.07.23	00:36:57.719	0.93039	0.93167			6
2025.07.23	00:36:58.141	0.93038	0.93168			6
2025.07.23	00:36:58.532	0.93037	0.93170			6
2025.07.23	00:36:59.476	0.93038	0.93169			6
2025.07.23	00:36:59.809	0.93075	0.93199			6
2025.07.23	00:37:00.476	0.93072				2
2025.07.23	00:37:00.975	0.93073				2
2025.07.23	00:37:03.065	0.93072				2
2025.07.23	00:37:03.443	0.93037	0.93169			6
2025.07.23	00:37:03.935	0.93035	0.93171			6
2025.07.23	00:37:05.763	0.93037	0.93169			6
2025.07.23	00:37:06.081	0.93036	0.93170			6
2025.07.23	00:37:07.562	0.93037				2
2025.07.23	00:37:09.791	0.93038	0.93171			6
2025.07.23	00:37:12.206	0.93039	0.93172			6
2025.07.23	00:37:14.767		0.93173			4
2025.07.23	00:37:18.513	0.93040				2
2025.07.23	00:37:20.381		0.93172			4
2025.07.23	00:37:20.959		0.93173			4
2025.07.23	00:37:21.480	0.93042	0.93169			6
2025.07.23	00:37:23.539	0.93066	0.93184			6
2025.07.23	00:37:24.460	0.93070				2
2025.07.23	00:37:27.826	0.93068				2
2025.07.23	00:37:28.560	0.93069				2
2025.07.23	00:37:35.380	0.93068				2
2025.07.23	00:37:37.491	0.93070				2
2025.07.23	00:37:42.263	0.93069				2
2025.07.23	00:37:48.004	0.93067				2
2025.07.23	00:37:48.496	0.93065				2
2025.07.23	00:37:51.482	0.93066				2
2025.07.23	00:37:52.261	0.93067				2
2025.07.23	00:37:53.100	0.93063				2
2025.07.23	00:37:57.527	0.93064				2
2025.07.23	00:37:57.837	0.93066				2
2025.07.23	00:37:58.422	0.93063				2
2025.07.23	00:37:59.762	0.93064				2
2025.07.23	00:38:00.353	0.93066				2
2025.07.23	00:38:01.337	0.93065				2
2025.07.23	00:38:02.764	0.93066				2
2025.07.23	00:38:05.379	0.93065				2
2025.07.23	00:38:08.323	0.93068	0.93187			6
2025.07.23	00:38:10.880	0.93069				2
2025.07.23	00:38:17.369	0.93070				2
2025.07.23	00:38:19.225	0.93043	0.93172			6
2025.07.23	00:38:19.544		0.93167			4
2025.07.23	00:38:20.358		0.93166			4
2025.07.23	00:38:21.080	0.93044				2
2025.07.23	00:38:24.962	0.93043				2
2025.07.23	00:38:26.160		0.93167			4
2025.07.23	00:38:29.530	0.93042	0.93168			6
2025.07.23	00:38:31.561	0.93041				2
2025.07.23	00:38:32.558	0.93042				2
2025.07.23	00:38:34.465	0.93041	0.93169			6
2025.07.23	00:38:36.063		0.93168			4
2025.07.23	00:38:37.714		0.93169			4
2025.07.23	00:38:38.761	0.93040	0.93171			6
2025.07.23	00:38:39.921	0.93038	0.93172			6
2025.07.23	00:38:41.043	0.93039	0.93170			6
2025.07.23	00:38:42.360	0.93040				2
2025.07.23	00:38:42.839	0.93039	0.93171			6
2025.07.23	00:38:49.465	0.93041	0.93169			6
2025.07.23	00:38:50.322	0.93039	0.93172			6
2025.07.23	00:38:51.663		0.93171			4
2025.07.23	00:38:52.057	0.93041	0.93169			6
2025.07.23	00:38:55.048	0.93040	0.93170			6
2025.07.23	00:39:00.413	0.93042	0.93168			6
2025.07.23	00:39:01.470	0.93043	0.93167			6
2025.07.23	00:39:02.752	0.93044	0.93166			6
2025.07.23	00:39:05.337	0.93042	0.93167			6
2025.07.23	00:39:06.081	0.93041	0.93169			6
2025.07.23	00:39:08.302	0.93040				2
2025.07.23	00:39:10.569		0.93170			4
2025.07.23	00:39:12.457	0.93064	0.93169			6
2025.07.23	00:39:12.837	0.93062	0.93171			6
2025.07.23	00:39:14.563	0.93065	0.93168			6
2025.07.23	00:39:14.895	0.93060	0.93173			6
2025.07.23	00:39:15.502	0.93062	0.93171			6
2025.07.23	00:39:17.048	0.93069	0.93193			6
2025.07.23	00:39:17.551	0.93068				2
2025.07.23	00:39:17.889	0.93060	0.93173			6
2025.07.23	00:39:18.251	0.93058	0.93176			6
2025.07.23	00:39:18.618	0.93061	0.93172			6
2025.07.23	00:39:18.978	0.93060	0.93173			6
2025.07.23	00:39:20.477	0.93062	0.93171			6
2025.07.23	00:39:22.358	0.93063	0.93170			6
2025.07.23	00:39:23.490	0.93064				2
2025.07.23	00:39:30.790	0.93062	0.93171			6
2025.07.23	00:39:31.317	0.93061	0.93172			6
2025.07.23	00:39:33.662		0.93173			4
2025.07.23	00:39:35.573	0.93060	0.93174			6
2025.07.23	00:39:36.047	0.93058	0.93175			6
2025.07.23	00:39:41.460		0.93176			4
2025.07.23	00:39:42.704	0.93055	0.93178			6
2025.07.23	00:39:44.399	0.93058	0.93176			6
2025.07.23	00:39:44.722		0.93175			4
2025.07.23	00:39:46.140	0.93056	0.93177			6
2025.07.23	00:39:47.630	0.93055	0.93178			6
2025.07.23	00:39:49.098	0.93056	0.93177			6
2025.07.23	00:39:49.418	0.93060	0.93173			6
2025.07.23	00:39:50.881	0.93061				2
2025.07.23	00:39:51.353	0.93064	0.93170			6
2025.07.23	00:39:52.821	0.93057	0.93177			6
2025.07.23	00:39:53.493	0.93055	0.93178			6
2025.07.23	00:39:54.959	0.93056				2
2025.07.23	00:39:57.365		0.93177			4
2025.07.23	00:39:57.745	0.93058	0.93175			6
2025.07.23	00:39:58.302	0.93061	0.93172			6
2025.07.23	00:39:59.489	0.93062	0.93171			6
2025.07.23	00:40:00.387	0.93063	0.93170			6
2025.07.23	00:40:02.624	0.93059	0.93175			6
2025.07.23	00:40:04.492	0.93057	0.93176			6
2025.07.23	00:40:08.465	0.93058	0.93175			6
2025.07.23	00:40:08.929	0.93060	0.93173			6
2025.07.23	00:40:10.355	0.93062	0.93171			6
2025.07.23	00:40:11.161	0.93063	0.93170			6
2025.07.23	00:40:12.423	0.93064	0.93169			6
2025.07.23	00:40:16.783	0.93063	0.93171			6
2025.07.23	00:40:17.490	0.93064	0.93170			6
2025.07.23	00:40:17.874	0.93063				2
2025.07.23	00:40:18.251	0.93062	0.93176			6
2025.07.23	00:40:19.193	0.93072	0.93173			6
2025.07.23	00:40:19.499		0.93174			4
2025.07.23	00:40:21.437		0.93181			4
2025.07.23	00:40:21.760	0.93076	0.93183			6
2025.07.23	00:40:22.704	0.93069	0.93178			6
2025.07.23	00:40:23.020	0.93072	0.93177			6
2025.07.23	00:40:23.332	0.93068				2
2025.07.23	00:40:23.664	0.93066				2
2025.07.23	00:40:24.960	0.93061	0.93179			6
2025.07.23	00:40:25.392	0.93062	0.93176			6
2025.07.23	00:40:25.705	0.93060	0.93178			6
2025.07.23	00:40:26.018	0.93073	0.93182			6
2025.07.23	00:40:27.429	0.93070	0.93177			6
2025.07.23	00:40:27.739	0.93074				2
2025.07.23	00:40:28.108	0.93061				2
2025.07.23	00:40:28.575	0.93076	0.93183			6
2025.07.23	00:40:28.890	0.93074	0.93179			6
2025.07.23	00:40:29.540	0.93076	0.93175			6
2025.07.23	00:40:29.934	0.93074	0.93178			6
2025.07.23	00:40:30.241	0.93061				2
2025.07.23	00:40:32.184	0.93064	0.93175			6
2025.07.23	00:40:32.492	0.93069	0.93181			6
2025.07.23	00:40:34.970		0.93175			4
2025.07.23	00:40:35.270	0.93071	0.93173			6
2025.07.23	00:40:35.838	0.93072	0.93176			6
2025.07.23	00:40:36.250	0.93069	0.93174			6
2025.07.23	00:40:36.558	0.93067	0.93178			6
2025.07.23	00:40:36.961	0.93071	0.93175			6
2025.07.23	00:40:37.443	0.93066	0.93181			6
2025.07.23	00:40:37.757	0.93064	0.93176			6
2025.07.23	00:40:38.167	0.93069	0.93178			6
2025.07.23	00:40:38.471	0.93067				2
2025.07.23	00:40:38.801		0.93179			4
2025.07.23	00:40:40.624		0.93174			4
2025.07.23	00:40:40.931		0.93176			4
2025.07.23	00:40:41.761		0.93175			4
2025.07.23	00:40:43.281		0.93184			4
2025.07.23	00:40:43.609	0.93071	0.93180			6
2025.07.23	00:40:46.261	0.93081	0.93179			6
2025.07.23	00:40:48.840	0.93084	0.93183			6
2025.07.23	00:40:50.160	0.93081				2
2025.07.23	00:40:50.482		0.93180			4
2025.07.23	00:40:50.932	0.93075				2
2025.07.23	00:40:51.393		0.93182			4
2025.07.23	00:40:51.843	0.93072				2
2025.07.23	00:40:52.177		0.93178			4
2025.07.23	00:40:52.861		0.93179			4
2025.07.23	00:40:53.397		0.93182			4
2025.07.23	00:40:53.699	0.93075	0.93178			6
2025.07.23	00:40:54.961		0.93179			4
2025.07.23	00:40:57.961		0.93178			4
2025.07.23	00:40:59.336		0.93181			4
2025.07.23	00:40:59.845	0.93073	0.93180			6
2025.07.23	00:41:00.366	0.93067	0.93181			6
2025.07.23	00:41:01.543		0.93180			4
2025.07.23	00:41:02.028	0.93064				2
2025.07.23	00:41:02.460		0.93181			4
2025.07.23	00:41:03.148		0.93177			4
2025.07.23	00:41:03.491		0.93178			4
2025.07.23	00:41:05.370	0.93072				2
2025.07.23	00:41:05.776		0.93180			4
2025.07.23	00:41:09.367		0.93179			4
2025.07.23	00:41:10.385	0.93066				2
2025.07.23	00:41:10.697	0.93064				2
2025.07.23	00:41:11.030	0.93065	0.93176			6
2025.07.23	00:41:11.333	0.93064	0.93181			6
2025.07.23	00:41:11.646		0.93179			4
2025.07.23	00:41:15.693		0.93175			4
2025.07.23	00:41:16.052	0.93062				2
2025.07.23	00:41:21.057		0.93181			4
2025.07.23	00:41:21.358	0.93070				2
2025.07.23	00:41:21.665	0.93063	0.93170			6
2025.07.23	00:41:21.979	0.93058	0.93175			6
2025.07.23	00:41:22.283		0.93176			4
2025.07.23	00:41:22.778	0.93062	0.93177			6
2025.07.23	00:41:24.491		0.93178			4
2025.07.23	00:41:26.046		0.93173			4
2025.07.23	00:41:26.374	0.93065	0.93179			6
2025.07.23	00:41:26.874	0.93069				2
2025.07.23	00:41:27.867		0.93171			4
2025.07.23	00:41:28.179	0.93071	0.93172			6
2025.07.23	00:41:28.481	0.93069	0.93171			6
2025.07.23	00:41:28.804	0.93071				2
2025.07.23	00:41:29.373		0.93172			4
2025.07.23	00:41:33.420		0.93169			4
2025.07.23	00:41:33.720	0.93067	0.93175			6
2025.07.23	00:41:34.045	0.93072				2
2025.07.23	00:41:34.659		0.93176			4
2025.07.23	00:41:35.506		0.93171			4
2025.07.23	00:41:35.819		0.93173			4
2025.07.23	00:41:36.505		0.93171			4
2025.07.23	00:41:37.375		0.93178			4
2025.07.23	00:41:38.492		0.93180			4
2025.07.23	00:41:38.800	0.93073	0.93173			6
2025.07.23	00:41:39.748	0.93071	0.93181			6
2025.07.23	00:41:40.056	0.93074	0.93182			6
2025.07.23	00:41:41.367	0.93079	0.93179			6
2025.07.23	00:41:41.731		0.93184			4
2025.07.23	00:41:42.038	0.93085				2
2025.07.23	00:41:42.348	0.93087				2
2025.07.23	00:41:43.508	0.93090				2
2025.07.23	00:41:44.008	0.93077				2
2025.07.23	00:41:44.403		0.93183			4
2025.07.23	00:41:46.307		0.93184			4
2025.07.23	00:41:47.217	0.93080	0.93183			6
2025.07.23	00:41:47.532		0.93184			4
2025.07.23	00:41:48.835	0.93082				2
2025.07.23	00:41:51.527	0.93084				2
2025.07.23	00:41:53.481	0.93075	0.93177			6
2025.07.23	00:41:53.791	0.93073	0.93176			6
2025.07.23	00:41:54.207		0.93177			4
2025.07.23	00:41:56.217		0.93176			4
2025.07.23	00:41:56.524		0.93177			4
2025.07.23	00:41:56.896		0.93179			4
2025.07.23	00:41:57.252		0.93178			4
2025.07.23	00:41:57.574		0.93180			4
2025.07.23	00:41:58.106		0.93173			4
2025.07.23	00:41:58.424		0.93168			4
2025.07.23	00:41:59.523		0.93174			4
2025.07.23	00:42:00.071	0.93073				2
2025.07.23	00:42:01.394		0.93176			4
2025.07.23	00:42:01.830		0.93175			4
2025.07.23	00:42:02.143		0.93179			4
2025.07.23	00:42:03.491		0.93180			4
2025.07.23	00:42:04.104		0.93179			4
2025.07.23	00:42:04.759	0.93067				2
2025.07.23	00:42:05.564		0.93178			4
2025.07.23	00:42:12.363	0.93075	0.93175			6
2025.07.23	00:42:12.769	0.93082	0.93183			6
2025.07.23	00:42:13.079		0.93184			4
2025.07.23	00:42:14.179	0.93087				2
2025.07.23	00:42:14.482	0.93050	0.93173			6
2025.07.23	00:42:14.810		0.93177			4
2025.07.23	00:42:17.050		0.93173			4
2025.07.23	00:42:17.559		0.93170			4
2025.07.23	00:42:18.819	0.93055	0.93166			6
2025.07.23	00:42:19.280	0.93054	0.93167			6
2025.07.23	00:42:20.990		0.93166			4
2025.07.23	00:42:22.760	0.93057	0.93164			6
2025.07.23	00:42:23.421	0.93055	0.93162			6
2025.07.23	00:42:26.464	0.93056	0.93161			6
2025.07.23	00:42:27.664	0.93055	0.93162			6
2025.07.23	00:42:29.759	0.93056	0.93160			6
2025.07.23	00:42:31.050	0.93055	0.93165			6
2025.07.23	00:42:31.426	0.93060	0.93184			6
2025.07.23	00:42:33.560	0.93053	0.93162			6
2025.07.23	00:42:33.877	0.93052	0.93163			6
2025.07.23	00:42:35.542	0.93053	0.93162			6
2025.07.23	00:42:36.064	0.93051				2
2025.07.23	00:42:36.488		0.93163			4
2025.07.23	00:42:39.808	0.93052	0.93161			6
2025.07.23	00:42:40.538		0.93162			4
2025.07.23	00:42:42.237		0.93160			4
2025.07.23	00:42:44.753		0.93162			4
2025.07.23	00:42:54.062		0.93161			4
2025.07.23	00:42:57.662		0.93162			4
2025.07.23	00:43:00.368	0.93052	0.93161			6
2025.07.23	00:43:01.951		0.93162			4
2025.07.23	00:43:04.642		0.93165			4
2025.07.23	00:43:05.489		0.93166			4
2025.07.23	00:43:06.283		0.93167			4
2025.07.23	00:43:06.993		0.93166			4
2025.07.23	00:43:07.860		0.93162			4
2025.07.23	00:43:09.361		0.93161			4
2025.07.23	00:43:14.104		0.93162			4
2025.07.23	00:43:14.755		0.93161			4
2025.07.23	00:43:15.362		0.93160			4
2025.07.23	00:43:23.763		0.93161			4
2025.07.23	00:43:30.080	0.93051	0.93168			6
2025.07.23	00:43:30.412		0.93171			4
2025.07.23	00:43:31.955		0.93174			4
2025.07.23	00:43:32.482		0.93172			4
2025.07.23	00:43:35.175		0.93170			4
2025.07.23	00:43:37.712		0.93174			4
2025.07.23	00:43:38.019		0.93172			4
2025.07.23	00:43:40.663		0.93171			4
2025.07.23	00:43:42.063		0.93170			4
2025.07.23	00:43:45.661		0.93169			4
2025.07.23	00:43:46.323		0.93170			4
2025.07.23	00:43:50.829		0.93171			4
2025.07.23	00:43:51.325		0.93170			4
2025.07.23	00:43:58.348		0.93167			4
2025.07.23	00:43:58.695		0.93172			4
2025.07.23	00:44:00.357	0.93051	0.93173			6
2025.07.23	00:44:20.461		0.93172			4
2025.07.23	00:44:25.451		0.93171			4
2025.07.23	00:44:26.160	0.93052	0.93169			6
2025.07.23	00:44:26.480	0.93051	0.93171			6
2025.07.23	00:44:26.822		0.93173			4
2025.07.23	00:44:27.494		0.93172			4
2025.07.23	00:44:28.825		0.93170			4
2025.07.23	00:44:31.260		0.93171			4
2025.07.23	00:44:31.748		0.93167			4
2025.07.23	00:44:32.788		0.93165			4
2025.07.23	00:44:34.509	0.93052				2
2025.07.23	00:44:39.053	0.93051				2
2025.07.23	00:44:41.939	0.93052				2
2025.07.23	00:44:45.670	0.93053	0.93164			6
2025.07.23	00:44:47.966	0.93051	0.93168			6
2025.07.23	00:44:48.489		0.93169			4
2025.07.23	00:44:50.834		0.93170			4
2025.07.23	00:44:51.943		0.93169			4
2025.07.23	00:44:52.670		0.93170			4
2025.07.23	00:44:53.308		0.93169			4
2025.07.23	00:44:56.068		0.93166			4
2025.07.23	00:44:56.377		0.93165			4
2025.07.23	00:44:58.863	0.93052				2
2025.07.23	00:45:00.381	0.93052				2
2025.07.23	00:45:00.723	0.93051	0.93166			6
2025.07.23	00:45:03.170	0.93035	0.93181			6
2025.07.23	00:45:03.516	0.93032	0.93183			6
2025.07.23	00:45:04.122	0.93031	0.93184			6
2025.07.23	00:45:06.543	0.93051	0.93166			6
2025.07.23	00:45:11.209	0.93069	0.93149			6
2025.07.23	00:45:15.902		0.93147			4
2025.07.23	00:45:17.200		0.93149			4
2025.07.23	00:45:21.023		0.93151			4
2025.07.23	00:45:22.696		0.93153			4
2025.07.23	00:45:28.775		0.93149			4
2025.07.23	00:45:29.491		0.93148			4
2025.07.23	00:45:31.086		0.93152			4
2025.07.23	00:45:31.489		0.93153			4
2025.07.23	00:45:33.029		0.93149			4
2025.07.23	00:45:33.492		0.93148			4
2025.07.23	00:46:00.261	0.93069	0.93151			6
2025.07.23	00:46:01.877		0.93148			4
2025.07.23	00:46:03.090		0.93152			4
2025.07.23	00:46:04.809		0.93151			4
2025.07.23	00:46:05.284		0.93152			4
2025.07.23	00:46:10.428		0.93153			4
2025.07.23	00:46:22.265		0.93152			4
2025.07.23	00:46:22.578		0.93148			4
2025.07.23	00:46:25.963		0.93149			4
2025.07.23	00:46:31.465		0.93156			4
2025.07.23	00:46:36.266		0.93153			4
2025.07.23	00:46:46.423		0.93152			4
2025.07.23	00:46:47.677		0.93153			4
2025.07.23	00:46:48.360		0.93154			4
2025.07.23	00:46:51.555		0.93155			4
2025.07.23	00:46:55.019		0.93154			4
2025.07.23	00:46:55.395		0.93156			4
2025.07.23	00:46:58.072		0.93157			4
2025.07.23	00:47:01.465	0.93069				2
2025.07.23	00:47:01.943		0.93155			4
2025.07.23	00:47:03.147	0.93051	0.93172			6
2025.07.23	00:47:03.453	0.93044	0.93173			6
2025.07.23	00:47:04.362	0.93042	0.93175			6
2025.07.23	00:47:04.965	0.93036	0.93180			6
2025.07.23	00:47:06.480	0.93069	0.93153			6
2025.07.23	00:47:06.890	0.93057	0.93154			6
2025.07.23	00:47:07.652	0.93053	0.93158			6
2025.07.23	00:47:09.018	0.93054				2
2025.07.23	00:47:11.432	0.93060	0.93160			6
2025.07.23	00:47:11.753	0.93061	0.93159			6
2025.07.23	00:47:13.565		0.93158			4
2025.07.23	00:47:15.660		0.93159			4
2025.07.23	00:47:18.719		0.93155			4
2025.07.23	00:47:19.116	0.93058	0.93157			6
2025.07.23	00:47:19.481	0.93061	0.93154			6
2025.07.23	00:47:20.103	0.93063	0.93152			6
2025.07.23	00:47:20.880	0.93062	0.93153			6
2025.07.23	00:47:21.942	0.93063	0.93152			6
2025.07.23	00:47:22.721	0.93064				2
2025.07.23	00:47:26.420	0.93068				2
2025.07.23	00:47:26.757	0.93064				2
2025.07.23	00:47:31.462	0.93065				2
2025.07.23	00:47:40.029	0.93068				2
2025.07.23	00:47:41.376	0.93069	0.93151			6
2025.07.23	00:47:43.730	0.93064	0.93156			6
2025.07.23	00:47:44.034	0.93067	0.93153			6
2025.07.23	00:47:44.338	0.93063				2
2025.07.23	00:47:53.450		0.93154			4
2025.07.23	00:47:57.522	0.93057	0.93155			6
2025.07.23	00:47:59.245		0.93154			4
2025.07.23	00:48:00.878	0.93060	0.93155			6
2025.07.23	00:48:01.215	0.93063	0.93153			6
2025.07.23	00:48:06.867		0.93152			4
2025.07.23	00:48:11.061	0.93060	0.93157			6
2025.07.23	00:48:11.539	0.93063	0.93154			6
2025.07.23	00:48:13.378	0.93064	0.93152			6
2025.07.23	00:48:15.767	0.93060	0.93157			6
2025.07.23	00:48:16.489	0.93059	0.93158			6
2025.07.23	00:48:16.938	0.93063	0.93153			6
2025.07.23	00:48:17.290	0.93059	0.93158			6
2025.07.23	00:48:17.793	0.93063	0.93153			6
2025.07.23	00:48:18.173	0.93059	0.93158			6
2025.07.23	00:48:21.265	0.93064	0.93152			6
2025.07.23	00:48:21.833	0.93061	0.93156			6
2025.07.23	00:48:22.184		0.93155			4
2025.07.23	00:48:22.766	0.93062				2
2025.07.23	00:48:23.128	0.93064	0.93152			6
2025.07.23	00:48:26.751	0.93063	0.93154			6
2025.07.23	00:48:30.073	0.93072				2
2025.07.23	00:48:31.472		0.93155			4
2025.07.23	00:48:36.024		0.93159			4
2025.07.23	00:48:36.327		0.93154			4
2025.07.23	00:48:40.223		0.93152			4
2025.07.23	00:48:40.532		0.93154			4
2025.07.23	00:48:40.922		0.93153			4
2025.07.23	00:48:41.946		0.93157			4
2025.07.23	00:48:42.491		0.93154			4
2025.07.23	00:48:42.877		0.93159			4
2025.07.23	00:48:43.491		0.93161			4
2025.07.23	00:48:46.384		0.93156			4
2025.07.23	00:48:46.775		0.93155			4
2025.07.23	00:48:47.493		0.93152			4
2025.07.23	00:48:51.055		0.93154			4
2025.07.23	00:48:54.362		0.93155			4
2025.07.23	00:48:56.400		0.93162			4
2025.07.23	00:48:57.584		0.93157			4
2025.07.23	00:48:59.491		0.93155			4
2025.07.23	00:49:00.079	0.93072				2
2025.07.23	00:49:01.778		0.93159			4
2025.07.23	00:49:02.166		0.93154			4
2025.07.23	00:49:08.984		0.93157			4
2025.07.23	00:49:11.037		0.93159			4
2025.07.23	00:49:11.498		0.93155			4
2025.07.23	00:49:11.949		0.93154			4
2025.07.23	00:49:12.305		0.93153			4
2025.07.23	00:49:13.234		0.93156			4
2025.07.23	00:49:21.313		0.93157			4
2025.07.23	00:49:25.397		0.93158			4
2025.07.23	00:49:26.807		0.93162			4
2025.07.23	00:49:27.489		0.93165			4
2025.07.23	00:49:28.565		0.93164			4
2025.07.23	00:49:30.960		0.93165			4
2025.07.23	00:49:32.761		0.93164			4
2025.07.23	00:49:35.759		0.93163			4
2025.07.23	00:49:36.319		0.93162			4
2025.07.23	00:49:41.039		0.93161			4
2025.07.23	00:49:41.433		0.93162			4
2025.07.23	00:49:46.567		0.93161			4
2025.07.23	00:49:50.997		0.93162			4
2025.07.23	00:49:51.316		0.93161			4
2025.07.23	00:49:57.061		0.93160			4
2025.07.23	00:50:01.758	0.93072				2
2025.07.23	00:50:03.499		0.93157			4
2025.07.23	00:50:04.051		0.93156			4
2025.07.23	00:50:04.490		0.93153			4
2025.07.23	00:50:06.599		0.93154			4
2025.07.23	00:50:10.890		0.93155			4
2025.07.23	00:50:11.592		0.93158			4
2025.07.23	00:50:11.941		0.93154			4
2025.07.23	00:50:13.307		0.93159			4
2025.07.23	00:50:13.782		0.93160			4
2025.07.23	00:50:14.989		0.93155			4
2025.07.23	00:50:18.355		0.93154			4
2025.07.23	00:50:18.683		0.93155			4
2025.07.23	00:50:19.392		0.93158			4
2025.07.23	00:50:25.907		0.93162			4
2025.07.23	00:50:26.289		0.93157			4
2025.07.23	00:50:27.593		0.93162			4
2025.07.23	00:50:30.796	0.93054				2
2025.07.23	00:50:35.882		0.93163			4
2025.07.23	00:50:38.973	0.93051	0.93166			6
2025.07.23	00:50:41.941	0.93056	0.93161			6
2025.07.23	00:50:42.287	0.93062	0.93153			6
2025.07.23	00:50:43.494	0.93064	0.93151			6
2025.07.23	00:50:44.344	0.93060				2
2025.07.23	00:50:44.844	0.93065	0.93152			6
2025.07.23	00:50:46.428	0.93064				2
2025.07.23	00:50:47.784	0.93069	0.93148			6
2025.07.23	00:50:50.761	0.93068				2
2025.07.23	00:50:51.431	0.93066	0.93154			6
2025.07.23	00:50:51.947	0.93067	0.93153			6
2025.07.23	00:50:52.622	0.93066	0.93154			6
2025.07.23	00:50:56.233	0.93062				2
2025.07.23	00:51:02.054	0.93062				2
2025.07.23	00:51:03.584		0.93155			4
2025.07.23	00:51:03.901	0.93056	0.93161			6
2025.07.23	00:51:11.944	0.93062	0.93155			6
2025.07.23	00:51:19.727	0.93066				2
2025.07.23	00:51:21.491	0.93065				2
2025.07.23	00:51:21.945		0.93156			4
2025.07.23	00:51:27.062	0.93060	0.93161			6
2025.07.23	00:51:27.639	0.93065	0.93155			6
2025.07.23	00:51:28.222	0.93061				2
2025.07.23	00:51:32.569	0.93060	0.93151			6
2025.07.23	00:51:33.070	0.93061	0.93150			6
2025.07.23	00:51:34.455	0.93066	0.93151			6
2025.07.23	00:51:39.715		0.93150			4
2025.07.23	00:51:41.045	0.93058	0.93158			6
2025.07.23	00:51:41.996	0.93062	0.93155			6
2025.07.23	00:51:43.121	0.93055	0.93161			6
2025.07.23	00:51:43.490	0.93057	0.93159			6
2025.07.23	00:51:45.489	0.93052	0.93164			6
2025.07.23	00:51:46.560	0.93053				2
2025.07.23	00:51:48.585	0.93052	0.93165			6
2025.07.23	00:51:49.490	0.93053	0.93164			6
2025.07.23	00:51:58.263	0.93055	0.93161			6
2025.07.23	00:52:00.960	0.93058	0.93159			6
2025.07.23	00:52:02.011	0.93064	0.93153			6
2025.07.23	00:52:03.584	0.93063				2
2025.07.23	00:52:05.034	0.93058	0.93159			6
2025.07.23	00:52:05.380	0.93060	0.93157			6
2025.07.23	00:52:13.493	0.93054	0.93165			6
2025.07.23	00:52:20.659	0.93055				2
2025.07.23	00:52:27.061	0.93056				2
2025.07.23	00:52:33.587		0.93164			4
2025.07.23	00:52:36.962		0.93165			4
2025.07.23	00:52:37.824	0.93061	0.93159			6
2025.07.23	00:52:38.192	0.93056	0.93165			6
2025.07.23	00:52:38.788	0.93062	0.93159			6
2025.07.23	00:52:41.151	0.93059				2
2025.07.23	00:52:41.842	0.93060	0.93160			6
2025.07.23	00:52:42.226	0.93057	0.93155			6
2025.07.23	00:52:43.489	0.93060	0.93152			6
2025.07.23	00:52:45.309	0.93063	0.93149			6
2025.07.23	00:52:46.357	0.93067				2
2025.07.23	00:52:51.073	0.93070	0.93150			6
2025.07.23	00:52:52.094	0.93063	0.93153			6
2025.07.23	00:52:52.488	0.93061	0.93155			6
2025.07.23	00:52:56.460	0.93062				2
2025.07.23	00:52:57.300		0.93154			4
2025.07.23	00:52:58.373	0.93066	0.93150			6
2025.07.23	00:53:00.314	0.93066				2
2025.07.23	00:53:03.537	0.93065	0.93151			6
2025.07.23	00:53:05.487	0.93060	0.93157			6
2025.07.23	00:53:08.795	0.93063	0.93154			6
2025.07.23	00:53:10.198	0.93067	0.93149			6
2025.07.23	00:53:10.506	0.93065	0.93152			6
2025.07.23	00:53:10.832	0.93061	0.93155			6
2025.07.23	00:53:12.445	0.93058	0.93158			6
2025.07.23	00:53:24.363	0.93059				2
2025.07.23	00:53:25.230	0.93061	0.93154			6
2025.07.23	00:53:30.008	0.93054	0.93155			6
2025.07.23	00:53:30.318	0.93052	0.93164			6
2025.07.23	00:53:30.863	0.93053	0.93166			6
2025.07.23	00:53:37.614		0.93164			4
2025.07.23	00:53:41.509	0.93054	0.93162			6
2025.07.23	00:53:41.912	0.93062	0.93156			6
2025.07.23	00:53:44.259	0.93061				2
2025.07.23	00:53:45.291	0.93060				2
2025.07.23	00:53:45.900		0.93162			4
2025.07.23	00:53:52.264	0.93065	0.93151			6
2025.07.23	00:53:54.081	0.93059	0.93157			6
2025.07.23	00:53:55.223	0.93058	0.93158			6
2025.07.23	00:53:55.527	0.93064	0.93152			6
2025.07.23	00:53:58.106	0.93058	0.93158			6
2025.07.23	00:54:00.184	0.93058				2
2025.07.23	00:54:01.227	0.93059	0.93163			6
2025.07.23	00:54:01.564	0.93060				2
2025.07.23	00:54:01.957	0.93061	0.93156			6
2025.07.23	00:54:09.757		0.93162			4
2025.07.23	00:54:10.371		0.93156			4
2025.07.23	00:54:15.902		0.93161			4
2025.07.23	00:54:16.712		0.93160			4
2025.07.23	00:54:17.031		0.93159			4
2025.07.23	00:54:17.386	0.93062	0.93158			6
2025.07.23	00:54:19.433		0.93161			4
2025.07.23	00:54:26.349	0.93064	0.93162			6
2025.07.23	00:54:31.010		0.93157			4
2025.07.23	00:54:32.033		0.93156			4
2025.07.23	00:54:34.362	0.93061	0.93157			6
2025.07.23	00:54:41.760		0.93156			4
2025.07.23	00:54:58.355	0.93060	0.93157			6
2025.07.23	00:55:00.660	0.93060	0.93156			6
2025.07.23	00:55:01.044	0.93061	0.93158			6
2025.07.23	00:55:01.952	0.93063	0.93159			6
2025.07.23	00:55:09.606		0.93160			4
2025.07.23	00:55:11.492		0.93158			4
2025.07.23	00:55:12.535		0.93161			4
2025.07.23	00:55:15.958		0.93163			4
2025.07.23	00:55:18.028	0.93061	0.93164			6
2025.07.23	00:55:18.452		0.93165			4
2025.07.23	00:55:25.936		0.93166			4
2025.07.23	00:55:30.070	0.93075				2
2025.07.23	00:55:31.378		0.93165			4
2025.07.23	00:55:41.683		0.93164			4
2025.07.23	00:55:41.998		0.93163			4
2025.07.23	00:55:42.299		0.93162			4
2025.07.23	00:55:45.414		0.93163			4
2025.07.23	00:55:46.213		0.93164			4
2025.07.23	00:55:51.044		0.93163			4
2025.07.23	00:56:02.266	0.93075				2
2025.07.23	00:56:05.679		0.93166			4
2025.07.23	00:56:05.992		0.93165			4
2025.07.23	00:56:07.389		0.93166			4
2025.07.23	00:56:08.151		0.93167			4
2025.07.23	00:56:08.460		0.93166			4
2025.07.23	00:56:08.954		0.93167			4
2025.07.23	00:56:18.054		0.93168			4
2025.07.23	00:56:20.994		0.93167			4
2025.07.23	00:56:32.059		0.93168			4
2025.07.23	00:56:39.244		0.93169			4
2025.07.23	00:56:40.357		0.93168			4
2025.07.23	00:56:41.046		0.93171			4
2025.07.23	00:56:45.662		0.93170			4
2025.07.23	00:56:49.861		0.93169			4
2025.07.23	00:56:54.489		0.93171			4
2025.07.23	00:56:56.147		0.93172			4
2025.07.23	00:56:56.491		0.93169			4
2025.07.23	00:57:00.952	0.93075				2
2025.07.23	00:57:05.993		0.93167			4
2025.07.23	00:57:06.353		0.93168			4
2025.07.23	00:57:12.494		0.93169			4
2025.07.23	00:57:15.524		0.93167			4
2025.07.23	00:57:20.376		0.93169			4
2025.07.23	00:57:20.994		0.93171			4
2025.07.23	00:57:21.457		0.93172			4
2025.07.23	00:57:21.761		0.93171			4
2025.07.23	00:57:28.843		0.93164			4
2025.07.23	00:57:29.958	0.93072	0.93165			6
2025.07.23	00:57:44.353		0.93166			4
2025.07.23	00:57:45.491		0.93165			4
2025.07.23	00:57:49.356		0.93163			4
2025.07.23	00:57:51.046		0.93167			4
2025.07.23	00:57:57.381		0.93169			4
2025.07.23	00:57:59.189		0.93166			4
2025.07.23	00:58:00.361	0.93072				2
2025.07.23	00:58:02.761		0.93167			4
2025.07.23	00:58:03.762	0.93091	0.93166			6
2025.07.23	00:58:04.234		0.93165			4
2025.07.23	00:58:04.946	0.93072				2
2025.07.23	00:58:07.178		0.93169			4
2025.07.23	00:58:09.243		0.93168			4
2025.07.23	00:58:18.905	0.93063	0.93166			6
2025.07.23	00:58:29.332		0.93170			4
2025.07.23	00:58:30.364		0.93169			4
2025.07.23	00:58:34.267		0.93166			4
2025.07.23	00:58:37.448		0.93163			4
2025.07.23	00:58:37.768		0.93164			4
2025.07.23	00:58:38.357		0.93163			4
2025.07.23	00:58:40.673	0.93070	0.93158			6
2025.07.23	00:58:41.439		0.93159			4
2025.07.23	00:58:43.475	0.93068	0.93154			6
2025.07.23	00:58:43.885		0.93157			4
2025.07.23	00:58:46.707		0.93156			4
2025.07.23	00:58:47.493		0.93158			4
2025.07.23	00:58:49.711		0.93157			4
2025.07.23	00:58:51.491		0.93159			4
2025.07.23	00:58:54.665		0.93158			4
2025.07.23	00:59:00.584	0.93068	0.93157			6
2025.07.23	00:59:01.075	0.93065	0.93159			6
2025.07.23	00:59:02.352		0.93158			4
2025.07.23	00:59:04.716	0.93054	0.93153			6
2025.07.23	00:59:05.107		0.93155			4
2025.07.23	00:59:05.678		0.93152			4
2025.07.23	00:59:06.491		0.93150			4
2025.07.23	00:59:10.298		0.93151			4
2025.07.23	00:59:11.358		0.93149			4
2025.07.23	00:59:14.278		0.93148			4
2025.07.23	00:59:14.789		0.93149			4
2025.07.23	00:59:15.235		0.93150			4
2025.07.23	00:59:21.761		0.93149			4
2025.07.23	00:59:23.366		0.93147			4
2025.07.23	00:59:26.159		0.93144			4
2025.07.23	00:59:26.886	0.93048				2
2025.07.23	00:59:29.006		0.93146			4
2025.07.23	00:59:30.403		0.93145			4
2025.07.23	00:59:36.991		0.93146			4
2025.07.23	00:59:37.328		0.93145			4
2025.07.23	00:59:46.432		0.93144			4
2025.07.23	00:59:53.517		0.93143			4
2025.07.23	00:59:57.419	0.93065	0.93146			6
2025.07.23	00:59:59.460		0.93147			4
2025.07.23	01:00:00.303	0.93055	0.93129			6
2025.07.23	01:00:00.671		0.93130			4
2025.07.23	01:00:01.006		0.93123			4
2025.07.23	01:00:01.313		0.93126			4
2025.07.23	01:00:01.627		0.93135			4
2025.07.23	01:00:01.957		0.93134			4
2025.07.23	01:00:02.307	0.93041	0.93142			6
2025.07.23	01:00:03.243	0.93042				2
2025.07.23	01:00:03.630	0.93089	0.93111			6
2025.07.23	01:00:04.185	0.93091	0.93110			6
2025.07.23	01:00:04.583	0.93087	0.93111			6
2025.07.23	01:00:04.900	0.93110	0.93114			6
2025.07.23	01:00:05.252	0.93107	0.93113			6
2025.07.23	01:00:05.557	0.93089				2
2025.07.23	01:00:05.883	0.93092	0.93114			6
2025.07.23	01:00:06.197	0.93089	0.93111			6
2025.07.23	01:00:06.825	0.93095	0.93115			6
2025.07.23	01:00:07.126	0.93065	0.93144			6
2025.07.23	01:00:07.431	0.93066	0.93145			6
2025.07.23	01:00:07.747		0.93146			4
2025.07.23	01:00:08.105	0.93078	0.93138			6
2025.07.23	01:00:08.423	0.93077	0.93137			6
2025.07.23	01:00:08.732	0.93078				2
2025.07.23	01:00:09.963	0.93077				2
2025.07.23	01:00:11.229	0.93078	0.93138			6
2025.07.23	01:00:11.536	0.93077	0.93137			6
2025.07.23	01:00:12.359	0.93085	0.93130			6
2025.07.23	01:00:13.749	0.93076	0.93116			6
2025.07.23	01:00:14.148	0.93080	0.93122			6
2025.07.23	01:00:14.460		0.93121			4
2025.07.23	01:00:14.947	0.93088	0.93138			6
2025.07.23	01:00:15.256	0.93089				2
2025.07.23	01:00:15.637	0.93088				2
2025.07.23	01:00:15.940	0.93086	0.93136			6
2025.07.23	01:00:16.356	0.93082	0.93138			6
2025.07.23	01:00:16.998	0.93077	0.93129			6
2025.07.23	01:00:17.328	0.93076				2
2025.07.23	01:00:17.641	0.93073				2
2025.07.23	01:00:18.420	0.93079	0.93132			6
2025.07.23	01:00:18.739	0.93081	0.93130			6
2025.07.23	01:00:19.044	0.93082	0.93129			6
2025.07.23	01:00:20.040	0.93081	0.93126			6
2025.07.23	01:00:20.362	0.93080				2
2025.07.23	01:00:21.690	0.93077	0.93122			6
2025.07.23	01:00:22.003	0.93076				2
2025.07.23	01:00:29.487		0.93126			4
2025.07.23	01:00:30.001	0.93078	0.93127			6
2025.07.23	01:00:30.357		0.93124			4
2025.07.23	01:00:31.504		0.93126			4
2025.07.23	01:00:32.352		0.93127			4
2025.07.23	01:00:33.662	0.93076				2
2025.07.23	01:00:34.373		0.93125			4
2025.07.23	01:00:35.455	0.93078				2
2025.07.23	01:00:37.075	0.93079				2
2025.07.23	01:00:37.567	0.93089	0.93140			6
2025.07.23	01:00:39.298	0.93080	0.93128			6
2025.07.23	01:00:41.162	0.93081				2
2025.07.23	01:00:42.849	0.93083				2
2025.07.23	01:00:43.209	0.93084	0.93132			6
2025.07.23	01:00:43.948	0.93087	0.93135			6
2025.07.23	01:00:44.351	0.93089	0.93136			6
2025.07.23	01:00:44.846	0.93087	0.93135			6
2025.07.23	01:00:45.661	0.93085				2
2025.07.23	01:00:50.362		0.93133			4
2025.07.23	01:00:50.760		0.93132			4
2025.07.23	01:00:51.064		0.93131			4
2025.07.23	01:00:52.715	0.93083				2
2025.07.23	01:00:53.877	0.93084				2
2025.07.23	01:00:56.072	0.93081	0.93122			6
2025.07.23	01:00:56.491	0.93078	0.93121			6
2025.07.23	01:00:56.809	0.93076				2
2025.07.23	01:00:58.184		0.93119			4
2025.07.23	01:00:58.900	0.93078				2
2025.07.23	01:01:00.061	0.93076	0.93121			6
2025.07.23	01:01:00.384	0.93074	0.93120			6
2025.07.23	01:01:01.150	0.93077	0.93123			6
2025.07.23	01:01:01.459	0.93076				2
2025.07.23	01:01:02.754	0.93074	0.93119			6
2025.07.23	01:01:03.078	0.93075	0.93121			6
2025.07.23	01:01:03.393	0.93076	0.93122			6
2025.07.23	01:01:04.163	0.93074	0.93120			6
2025.07.23	01:01:04.474	0.93075	0.93121			6
2025.07.23	01:01:04.880	0.93074	0.93120			6
2025.07.23	01:01:10.354		0.93121			4
2025.07.23	01:01:10.723	0.93076				2
2025.07.23	01:01:11.028		0.93122			4
2025.07.23	01:01:12.661	0.93078	0.93124			6
2025.07.23	01:01:12.967	0.93079				2
2025.07.23	01:01:16.331		0.93128			4
2025.07.23	01:01:18.289	0.93077				2
2025.07.23	01:01:19.070	0.93086	0.93130			6
2025.07.23	01:01:20.473	0.93078	0.93125			6
2025.07.23	01:01:20.922	0.93079	0.93126			6
2025.07.23	01:01:24.796	0.93073	0.93120			6
2025.07.23	01:01:25.260		0.93119			4
2025.07.23	01:01:27.877		0.93118			4
2025.07.23	01:01:28.641	0.93076	0.93123			6
2025.07.23	01:01:29.161		0.93122			4
2025.07.23	01:01:30.963	0.93075				2
2025.07.23	01:01:38.461	0.93076				2
2025.07.23	01:01:38.831	0.93075				2
2025.07.23	01:01:40.361	0.93076	0.93121			6
2025.07.23	01:01:43.443	0.93075				2
2025.07.23	01:01:43.877	0.93076				2
2025.07.23	01:01:45.369	0.93075				2
2025.07.23	01:01:48.361	0.93074	0.93119			6
2025.07.23	01:01:48.765	0.93075				2
2025.07.23	01:01:50.362	0.93077				2
2025.07.23	01:01:52.010	0.93078				2
2025.07.23	01:01:52.350	0.93079				2
2025.07.23	01:02:00.402	0.93079				2
2025.07.23	01:02:02.351	0.93080				2
2025.07.23	01:02:04.110	0.93079				2
2025.07.23	01:02:06.361		0.93118			4
2025.07.23	01:02:08.460	0.93077	0.93117			6
2025.07.23	01:02:09.221	0.93081	0.93118			6
2025.07.23	01:02:10.561	0.93080	0.93107			6
2025.07.23	01:02:10.875	0.93081				2
2025.07.23	01:02:11.760		0.93108			4
2025.07.23	01:02:12.086	0.93083				2
2025.07.23	01:02:14.102	0.93079	0.93104			6
2025.07.23	01:02:14.447	0.93076				2
2025.07.23	01:02:15.375	0.93077				2
2025.07.23	01:02:17.864	0.93076				2
2025.07.23	01:02:18.259	0.93080				2
2025.07.23	01:02:19.110	0.93077				2
2025.07.23	01:02:21.052	0.93076				2
2025.07.23	01:02:24.109	0.93080				2
2025.07.23	01:02:26.640		0.93106			4
2025.07.23	01:02:29.267	0.93079				2
2025.07.23	01:02:31.560	0.93081	0.93109			6
2025.07.23	01:02:34.248	0.93083				2
2025.07.23	01:02:34.976	0.93078	0.93106			6
2025.07.23	01:02:35.952	0.93079				2
2025.07.23	01:02:36.410	0.93080				2
2025.07.23	01:02:39.361	0.93079				2
2025.07.23	01:02:40.715		0.93109			4
2025.07.23	01:02:44.764	0.93078				2
2025.07.23	01:02:45.962		0.93108			4
2025.07.23	01:02:48.900		0.93107			4
2025.07.23	01:02:51.732	0.93080	0.93110			6
2025.07.23	01:02:54.976	0.93078	0.93109			6
2025.07.23	01:02:59.192		0.93108			4
2025.07.23	01:03:00.651	0.93079				2
2025.07.23	01:03:02.714	0.93078				2
2025.07.23	01:03:03.495	0.93080				2
2025.07.23	01:03:04.437	0.93079	0.93106			6
2025.07.23	01:03:06.008		0.93104			4
2025.07.23	01:03:09.828		0.93107			4
2025.07.23	01:03:10.971	0.93081				2
2025.07.23	01:03:15.404	0.93087	0.93115			6
2025.07.23	01:03:18.061	0.93084	0.93112			6
2025.07.23	01:03:18.380		0.93114			4
2025.07.23	01:03:21.759		0.93113			4
2025.07.23	01:03:23.497	0.93083	0.93112			6
2025.07.23	01:03:23.798	0.93082				2
2025.07.23	01:03:26.779		0.93111			4
2025.07.23	01:03:29.193	0.93080	0.93108			6
2025.07.23	01:03:30.706	0.93086	0.93117			6
2025.07.23	01:03:31.760		0.93116			4
2025.07.23	01:03:32.974	0.93085				2
2025.07.23	01:03:37.363		0.93115			4
2025.07.23	01:03:40.858	0.93084				2
2025.07.23	01:03:41.460		0.93114			4
2025.07.23	01:03:42.335	0.93083	0.93113			6
2025.07.23	01:03:43.560		0.93114			4
2025.07.23	01:03:52.980	0.93084				2
2025.07.23	01:04:00.064	0.93084				2
2025.07.23	01:04:00.391	0.93085				2
2025.07.23	01:04:00.704	0.93084	0.93112			6
2025.07.23	01:04:10.264		0.93111			4
2025.07.23	01:04:10.883	0.93088	0.93114			6
2025.07.23	01:04:21.092	0.93089	0.93116			6
2025.07.23	01:04:23.498	0.93090				2
2025.07.23	01:04:29.175	0.93091	0.93117			6
2025.07.23	01:04:40.715	0.93090	0.93116			6
2025.07.23	01:04:45.700	0.93092				2
2025.07.23	01:04:46.187	0.93094	0.93119			6
2025.07.23	01:05:01.261	0.93094				2
2025.07.23	01:05:12.003	0.93102	0.93125			6
2025.07.23	01:05:12.320	0.93095	0.93119			6
2025.07.23	01:05:16.461	0.93090	0.93114			6
2025.07.23	01:05:24.807	0.93091	0.93116			6
2025.07.23	01:05:26.762		0.93115			4
2025.07.23	01:05:27.230	0.93092	0.93116			6
2025.07.23	01:05:28.733		0.93115			4
2025.07.23	01:05:29.501	0.93091				2
2025.07.23	01:05:35.706	0.93092	0.93116			6
2025.07.23	01:05:53.719	0.93099	0.93122			6
2025.07.23	01:05:56.532		0.93123			4
2025.07.23	01:06:00.358	0.93098	0.93121			6
2025.07.23	01:06:04.358	0.93096	0.93120			6
2025.07.23	01:06:05.489		0.93119			4
2025.07.23	01:06:10.375		0.93120			4
2025.07.23	01:06:27.264		0.93121			4
2025.07.23	01:06:29.292		0.93119			4
2025.07.23	01:06:42.182	0.93095				2
2025.07.23	01:06:59.955	0.93093	0.93116			6
2025.07.23	01:07:00.614	0.93093	0.93117			6
2025.07.23	01:07:08.935	0.93095	0.93118			6
2025.07.23	01:07:23.280	0.93098	0.93121			6
2025.07.23	01:07:24.513	0.93097				2
2025.07.23	01:07:26.724		0.93120			4
2025.07.23	01:07:30.062		0.93119			4
2025.07.23	01:07:42.567		0.93120			4
2025.07.23	01:07:43.560		0.93119			4
2025.07.23	01:07:45.185	0.93096				2
2025.07.23	01:08:00.362	0.93096				2
2025.07.23	01:08:02.694	0.93094	0.93118			6
2025.07.23	01:08:04.287	0.93095				2
2025.07.23	01:08:05.487		0.93117			4
2025.07.23	01:08:05.856	0.93093	0.93115			6
2025.07.23	01:08:20.160	0.93094				2
2025.07.23	01:08:38.764	0.93095	0.93117			6
2025.07.23	01:08:42.827	0.93097	0.93119			6
2025.07.23	01:09:02.234	0.93097				2
2025.07.23	01:09:43.882	0.93096	0.93119			6
2025.07.23	01:09:48.697	0.93098				2
2025.07.23	01:10:00.358	0.93099	0.93121			6
2025.07.23	01:10:06.879	0.93098				2
2025.07.23	01:10:18.057	0.93096	0.93119			6
2025.07.23	01:10:18.387	0.93097				2
2025.07.23	01:10:22.925	0.93098	0.93120			6
2025.07.23	01:10:31.150	0.93099	0.93123			6
2025.07.23	01:10:32.459		0.93122			4
2025.07.23	01:10:38.760		0.93123			4
2025.07.23	01:10:40.862	0.93100	0.93122			6
2025.07.23	01:10:41.760		0.93123			4
2025.07.23	01:10:42.363		0.93122			4
2025.07.23	01:10:46.185		0.93121			4
2025.07.23	01:11:00.413	0.93100				2
2025.07.23	01:11:10.370	0.93101	0.93118			6
2025.07.23	01:11:11.491	0.93103	0.93116			6
2025.07.23	01:11:16.672	0.93104				2
2025.07.23	01:11:18.118	0.93103				2
2025.07.23	01:11:21.255		0.93115			4
2025.07.23	01:11:21.665		0.93116			4
2025.07.23	01:11:33.600	0.93102	0.93115			6
2025.07.23	01:11:51.060		0.93116			4
2025.07.23	01:11:57.842		0.93114			4
2025.07.23	01:11:59.162	0.93101	0.93115			6
2025.07.23	01:12:00.511	0.93101	0.93114			6
2025.07.23	01:12:02.760	0.93102				2
2025.07.23	01:12:03.960	0.93101				2
2025.07.23	01:12:19.565	0.93102				2
2025.07.23	01:12:20.761	0.93101				2
2025.07.23	01:12:23.338		0.93115			4
2025.07.23	01:12:42.688	0.93102				2
2025.07.23	01:12:44.460	0.93101				2
2025.07.23	01:12:45.364	0.93100				2
2025.07.23	01:12:49.559	0.93099				2
2025.07.23	01:12:50.839	0.93100				2
2025.07.23	01:12:53.760	0.93099				2
2025.07.23	01:12:59.056	0.93101				2
2025.07.23	01:13:02.707	0.93097	0.93111			6
2025.07.23	01:13:03.359	0.93098	0.93110			6
2025.07.23	01:13:08.188	0.93097	0.93113			6
2025.07.23	01:13:08.684	0.93099				2
2025.07.23	01:13:11.161	0.93098				2
2025.07.23	01:13:18.660	0.93099				2
2025.07.23	01:13:19.660	0.93098	0.93112			6
2025.07.23	01:13:21.510	0.93099	0.93111			6
2025.07.23	01:13:21.946	0.93098	0.93110			6
2025.07.23	01:13:23.161	0.93100	0.93113			6
2025.07.23	01:13:24.961		0.93112			4
2025.07.23	01:13:34.982		0.93114			4
2025.07.23	01:13:37.264	0.93101	0.93113			6
2025.07.23	01:13:45.061	0.93100	0.93114			6
2025.07.23	01:13:46.011	0.93099	0.93112			6
2025.07.23	01:13:48.362	0.93100				2
2025.07.23	01:13:49.289	0.93099				2
2025.07.23	01:13:53.326	0.93100				2
2025.07.23	01:14:01.831	0.93099	0.93111			6
2025.07.23	01:14:02.762		0.93112			4
2025.07.23	01:14:16.304	0.93098				2
2025.07.23	01:14:18.662	0.93099				2
2025.07.23	01:14:18.978	0.93096				2
2025.07.23	01:14:19.300	0.93097				2
2025.07.23	01:14:21.060	0.93098	0.93113			6
2025.07.23	01:14:25.762	0.93096	0.93112			6
2025.07.23	01:14:26.805	0.93097				2
2025.07.23	01:14:27.962	0.93096				2
2025.07.23	01:14:31.263	0.93097				2
2025.07.23	01:15:00.380	0.93100	0.93113			6
2025.07.23	01:15:01.412	0.93101	0.93112			6
2025.07.23	01:15:02.714	0.93100				2
2025.07.23	01:15:03.659		0.93113			4
2025.07.23	01:15:07.891		0.93112			4
2025.07.23	01:15:08.205	0.93099	0.93113			6
2025.07.23	01:15:08.930	0.93100	0.93112			6
2025.07.23	01:15:09.360		0.93113			4
2025.07.23	01:15:11.001		0.93112			4
2025.07.23	01:15:11.459		0.93113			4
2025.07.23	01:15:14.819	0.93101				2
2025.07.23	01:15:16.540	0.93100	0.93114			6
2025.07.23	01:15:16.844	0.93101	0.93113			6
2025.07.23	01:15:17.574	0.93100	0.93114			6
2025.07.23	01:15:17.877	0.93101	0.93113			6
2025.07.23	01:15:18.602	0.93100	0.93114			6
2025.07.23	01:15:19.261	0.93101	0.93113			6
2025.07.23	01:15:19.617	0.93100	0.93112			6
2025.07.23	01:15:20.682		0.93113			4
2025.07.23	01:15:20.984		0.93112			4
2025.07.23	01:15:21.718		0.93113			4
2025.07.23	01:15:23.793		0.93112			4
2025.07.23	01:15:24.098		0.93113			4
2025.07.23	01:15:24.826	0.93101	0.93112			6
2025.07.23	01:15:25.865	0.93100				2
2025.07.23	01:15:26.900		0.93113			4
2025.07.23	01:15:27.938		0.93112			4
2025.07.23	01:15:34.192	0.93101	0.93113			6
2025.07.23	01:15:35.191	0.93100				2
2025.07.23	01:15:38.303	0.93101	0.93112			6
2025.07.23	01:15:44.037	0.93100				2
2025.07.23	01:15:44.371		0.93113			4
2025.07.23	01:15:44.676	0.93101	0.93112			6
2025.07.23	01:15:45.412	0.93100	0.93113			6
2025.07.23	01:15:45.716	0.93101	0.93112			6
2025.07.23	01:15:46.621	0.93100	0.93113			6
2025.07.23	01:15:47.658	0.93101				2
2025.07.23	01:15:48.692		0.93112			4
2025.07.23	01:15:50.766		0.93113			4
2025.07.23	01:15:51.578	0.93100				2
2025.07.23	01:15:51.904	0.93101	0.93112			6
2025.07.23	01:15:52.621	0.93100	0.93113			6
2025.07.23	01:15:52.938	0.93101	0.93112			6
2025.07.23	01:15:54.064	0.93098	0.93113			6
2025.07.23	01:15:54.383	0.93102	0.93116			6
2025.07.23	01:15:54.832		0.93117			4
2025.07.23	01:15:55.367	0.93103				2
2025.07.23	01:15:55.883	0.93102	0.93118			6
2025.07.23	01:15:56.270	0.93103	0.93117			6
2025.07.23	01:15:57.464		0.93116			4
2025.07.23	01:15:58.176	0.93104				2
2025.07.23	01:15:58.865	0.93103				2
2025.07.23	01:15:59.446	0.93104				2
2025.07.23	01:15:59.761	0.93103				2
2025.07.23	01:16:00.446	0.93104	0.93115			6
2025.07.23	01:16:00.747	0.93103	0.93116			6
2025.07.23	01:16:01.377	0.93104	0.93115			6
2025.07.23	01:16:01.780	0.93103	0.93116			6
2025.07.23	01:16:02.414	0.93104				2
2025.07.23	01:16:02.807	0.93103				2
2025.07.23	01:16:04.616	0.93104	0.93115			6
2025.07.23	01:16:04.922		0.93116			4
2025.07.23	01:16:07.077		0.93115			4
2025.07.23	01:16:07.391		0.93116			4
2025.07.23	01:16:10.201	0.93107	0.93120			6
2025.07.23	01:16:14.328	0.93108	0.93119			6
2025.07.23	01:16:14.640	0.93106	0.93121			6
2025.07.23	01:16:15.049	0.93107				2
2025.07.23	01:16:17.711	0.93106				2
2025.07.23	01:16:18.101	0.93107				2
2025.07.23	01:16:19.193		0.93120			4
2025.07.23	01:16:19.798		0.93121			4
2025.07.23	01:16:20.125		0.93119			4
2025.07.23	01:16:23.216	0.93106	0.93120			6
2025.07.23	01:16:23.526		0.93119			4
2025.07.23	01:16:24.060	0.93108	0.93118			6
2025.07.23	01:16:24.387	0.93107	0.93119			6
2025.07.23	01:16:26.121	0.93108	0.93121			6
2025.07.23	01:16:28.176		0.93120			4
2025.07.23	01:16:29.210	0.93109	0.93119			6
2025.07.23	01:16:29.562	0.93108	0.93120			6
2025.07.23	01:16:30.188	0.93107				2
2025.07.23	01:16:33.153	0.93108	0.93119			6
2025.07.23	01:16:34.260	0.93107	0.93120			6
2025.07.23	01:16:35.429	0.93108				2
2025.07.23	01:16:36.462	0.93107				2
2025.07.23	01:16:38.979	0.93108				2
2025.07.23	01:16:40.606	0.93109				2
2025.07.23	01:16:40.908	0.93108				2
2025.07.23	01:16:43.650		0.93121			4
2025.07.23	01:16:45.721		0.93120			4
2025.07.23	01:16:48.830	0.93107				2
2025.07.23	01:16:49.870	0.93108				2
2025.07.23	01:16:51.935	0.93107				2
2025.07.23	01:16:55.847		0.93121			4
2025.07.23	01:16:56.272	0.93108				2
2025.07.23	01:16:57.177		0.93120			4
2025.07.23	01:16:57.960	0.93105	0.93117			6
2025.07.23	01:17:00.156	0.93105				2
2025.07.23	01:17:01.207	0.93104	0.93118			6
2025.07.23	01:17:01.596	0.93105	0.93117			6
2025.07.23	01:17:02.357	0.93106	0.93116			6
2025.07.23	01:17:02.728	0.93105	0.93117			6
2025.07.23	01:17:07.253	0.93104	0.93118			6
2025.07.23	01:17:07.582	0.93106	0.93116			6
2025.07.23	01:17:07.973	0.93105	0.93117			6
2025.07.23	01:17:22.978	0.93104				2
2025.07.23	01:17:23.332	0.93105	0.93116			6
2025.07.23	01:17:23.977		0.93117			4
2025.07.23	01:17:26.636	0.93106				2
2025.07.23	01:17:26.943	0.93104	0.93119			6
2025.07.23	01:17:27.273	0.93105	0.93117			6
2025.07.23	01:17:27.679	0.93106				2
2025.07.23	01:17:28.048	0.93105				2
2025.07.23	01:17:28.724	0.93106	0.93116			6
2025.07.23	01:17:29.027	0.93104	0.93118			6
2025.07.23	01:17:29.345	0.93105	0.93117			6
2025.07.23	01:17:30.004	0.93106				2
2025.07.23	01:17:30.960		0.93118			4
2025.07.23	01:17:32.313		0.93117			4
2025.07.23	01:17:33.947		0.93118			4
2025.07.23	01:17:34.271		0.93117			4
2025.07.23	01:17:35.190	0.93107	0.93118			6
2025.07.23	01:17:39.959	0.93108	0.93119			6
2025.07.23	01:17:40.279		0.93118			4
2025.07.23	01:17:40.757	0.93107				2
2025.07.23	01:17:41.396	0.93105				2
2025.07.23	01:17:41.748	0.93106				2
2025.07.23	01:17:42.113	0.93107				2
2025.07.23	01:17:42.560	0.93106				2
2025.07.23	01:17:45.988	0.93107				2
2025.07.23	01:17:46.633	0.93106				2
2025.07.23	01:17:47.939	0.93107				2
2025.07.23	01:17:51.900	0.93106				2
2025.07.23	01:17:52.204	0.93107				2
2025.07.23	01:18:00.255	0.93107				2
2025.07.23	01:18:09.361		0.93120			4
2025.07.23	01:18:09.677	0.93108				2
2025.07.23	01:18:10.151		0.93119			4
2025.07.23	01:18:10.525		0.93120			4
2025.07.23	01:18:11.558		0.93119			4
2025.07.23	01:18:12.354	0.93107	0.93121			6
2025.07.23	01:18:12.676	0.93108	0.93119			6
2025.07.23	01:18:13.400	0.93107	0.93121			6
2025.07.23	01:18:13.719	0.93108	0.93119			6
2025.07.23	01:18:14.513	0.93107	0.93121			6
2025.07.23	01:18:14.837	0.93108	0.93119			6
2025.07.23	01:18:17.742		0.93120			4
2025.07.23	01:18:23.848	0.93107	0.93121			6
2025.07.23	01:18:24.168	0.93108	0.93120			6
2025.07.23	01:18:30.195		0.93119			4
2025.07.23	01:18:30.519		0.93120			4
2025.07.23	01:18:31.094	0.93106	0.93121			6
2025.07.23	01:18:31.395	0.93108	0.93119			6
2025.07.23	01:18:33.060	0.93107	0.93120			6
2025.07.23	01:18:33.367	0.93108	0.93119			6
2025.07.23	01:18:35.160	0.93107	0.93120			6
2025.07.23	01:18:35.497	0.93108	0.93119			6
2025.07.23	01:18:37.212	0.93107	0.93120			6
2025.07.23	01:18:37.575		0.93119			4
2025.07.23	01:18:39.473	0.93108				2
2025.07.23	01:18:39.776	0.93107				2
2025.07.23	01:18:42.613	0.93108				2
2025.07.23	01:18:42.947	0.93107				2
2025.07.23	01:18:44.498		0.93120			4
2025.07.23	01:18:44.823	0.93108	0.93119			6
2025.07.23	01:18:45.129	0.93107	0.93118			6
2025.07.23	01:19:00.277	0.93107				2
2025.07.23	01:19:01.713	0.93096	0.93111			6
2025.07.23	01:19:03.155		0.93110			4
2025.07.23	01:19:03.729		0.93111			4
2025.07.23	01:19:07.156		0.93110			4
2025.07.23	01:19:14.017		0.93111			4
2025.07.23	01:19:14.353		0.93110			4
2025.07.23	01:19:16.089		0.93111			4
2025.07.23	01:19:16.479		0.93109			4
2025.07.23	01:19:16.864		0.93110			4
2025.07.23	01:19:17.386		0.93111			4
2025.07.23	01:19:17.774		0.93110			4
2025.07.23	01:19:21.914		0.93109			4
2025.07.23	01:19:22.220		0.93111			4
2025.07.23	01:19:22.956		0.93110			4
2025.07.23	01:19:25.021		0.93109			4
2025.07.23	01:19:25.375		0.93110			4
2025.07.23	01:19:26.057		0.93109			4
2025.07.23	01:19:26.399		0.93110			4
2025.07.23	01:19:28.013		0.93109			4
2025.07.23	01:19:28.518		0.93110			4
2025.07.23	01:19:30.199		0.93109			4
2025.07.23	01:19:30.589		0.93110			4
2025.07.23	01:19:31.236		0.93109			4
2025.07.23	01:19:31.626		0.93110			4
2025.07.23	01:19:33.502		0.93111			4
2025.07.23	01:19:33.827		0.93110			4
2025.07.23	01:19:34.346		0.93109			4
2025.07.23	01:19:34.736		0.93110			4
2025.07.23	01:19:35.379		0.93109			4
2025.07.23	01:19:35.770		0.93110			4
2025.07.23	01:19:37.564		0.93111			4
2025.07.23	01:19:37.983		0.93110			4
2025.07.23	01:19:38.489		0.93109			4
2025.07.23	01:19:38.856		0.93110			4
2025.07.23	01:19:41.982		0.93111			4
2025.07.23	01:19:42.634		0.93110			4
2025.07.23	01:19:42.935		0.93111			4
2025.07.23	01:19:43.971		0.93110			4
2025.07.23	01:19:46.048		0.93111			4
2025.07.23	01:19:47.162		0.93110			4
2025.07.23	01:19:47.809	0.93095				2
2025.07.23	01:19:48.847		0.93111			4
2025.07.23	01:19:55.883		0.93110			4
2025.07.23	01:19:56.221		0.93111			4
2025.07.23	01:19:56.970	0.93096	0.93110			6
2025.07.23	01:19:57.279		0.93111			4
2025.07.23	01:20:00.236	0.93096				2
2025.07.23	01:20:00.568	0.93098	0.93112			6
2025.07.23	01:20:05.415	0.93107	0.93118			6
2025.07.23	01:20:05.720		0.93119			4
2025.07.23	01:20:06.356		0.93118			4
2025.07.23	01:20:06.677	0.93106	0.93119			6
2025.07.23	01:20:07.261	0.93107				2
2025.07.23	01:20:07.617	0.93106				2
2025.07.23	01:20:08.461	0.93107	0.93118			6
2025.07.23	01:20:08.783	0.93106	0.93119			6
2025.07.23	01:20:09.591	0.93107	0.93118			6
2025.07.23	01:20:10.725		0.93119			4
2025.07.23	01:20:11.460	0.93106	0.93118			6
2025.07.23	01:20:11.891		0.93119			4
2025.07.23	01:20:12.795	0.93107	0.93118			6
2025.07.23	01:20:13.962	0.93106	0.93119			6
2025.07.23	01:20:14.866	0.93107	0.93118			6
2025.07.23	01:20:15.754		0.93119			4
2025.07.23	01:20:16.941		0.93118			4
2025.07.23	01:20:18.105	0.93106	0.93119			6
2025.07.23	01:20:20.160	0.93107	0.93118			6
2025.07.23	01:20:27.381	0.93106	0.93119			6
2025.07.23	01:20:28.924	0.93107				2
2025.07.23	01:20:29.321	0.93106				2
2025.07.23	01:20:29.967	0.93107	0.93118			6
2025.07.23	01:20:30.538	0.93106	0.93119			6
2025.07.23	01:20:31.011	0.93107	0.93118			6
2025.07.23	01:20:31.572	0.93106	0.93119			6
2025.07.23	01:20:32.056	0.93107	0.93118			6
2025.07.23	01:20:32.605		0.93119			4
2025.07.23	01:20:34.979		0.93118			4
2025.07.23	01:20:36.749		0.93119			4
2025.07.23	01:20:37.276	0.93106				2
2025.07.23	01:20:37.582		0.93120			4
2025.07.23	01:20:39.597		0.93119			4
2025.07.23	01:20:39.992		0.93120			4
2025.07.23	01:20:40.638		0.93119			4
2025.07.23	01:20:41.029		0.93120			4
2025.07.23	01:20:41.669		0.93119			4
2025.07.23	01:20:42.054		0.93120			4
2025.07.23	01:20:42.456		0.93119			4
2025.07.23	01:20:43.094		0.93120			4
2025.07.23	01:20:43.741		0.93119			4
2025.07.23	01:20:44.130		0.93120			4
2025.07.23	01:20:45.643		0.93119			4
2025.07.23	01:20:45.992		0.93120			4
2025.07.23	01:20:48.741		0.93119			4
2025.07.23	01:20:50.136		0.93120			4
2025.07.23	01:20:50.868		0.93119			4
2025.07.23	01:20:51.175		0.93120			4
2025.07.23	01:20:51.786		0.93119			4
2025.07.23	01:20:52.210		0.93120			4
2025.07.23	01:20:56.171		0.93119			4
2025.07.23	01:20:56.563		0.93120			4
2025.07.23	01:20:57.110		0.93119			4
2025.07.23	01:20:57.596		0.93120			4
2025.07.23	01:20:58.246		0.93119			4
2025.07.23	01:20:58.635		0.93120			4
2025.07.23	01:20:59.279		0.93119			4
2025.07.23	01:20:59.759		0.93120			4
2025.07.23	01:21:00.144	0.93106	0.93119			6
2025.07.23	01:21:01.512	0.93105				2
2025.07.23	01:21:02.463	0.93106				2
2025.07.23	01:21:02.775	0.93105	0.93120			6
2025.07.23	01:21:03.452	0.93106	0.93119			6
2025.07.23	01:21:03.815	0.93105	0.93120			6
2025.07.23	01:21:04.485	0.93106	0.93119			6
2025.07.23	01:21:04.860	0.93105	0.93120			6
2025.07.23	01:21:05.494	0.93106	0.93119			6
2025.07.23	01:21:05.883	0.93105	0.93120			6
2025.07.23	01:21:06.531	0.93106	0.93119			6
2025.07.23	01:21:06.861	0.93105	0.93120			6
2025.07.23	01:21:07.564		0.93119			4
2025.07.23	01:21:07.949		0.93120			4
2025.07.23	01:21:08.601		0.93119			4
2025.07.23	01:21:08.986		0.93120			4
2025.07.23	01:21:11.504	0.93106	0.93119			6
2025.07.23	01:21:11.904	0.93105				2
2025.07.23	01:21:14.591	0.93106				2
2025.07.23	01:21:15.203	0.93105	0.93120			6
2025.07.23	01:21:15.676	0.93106	0.93119			6
2025.07.23	01:21:16.237	0.93105	0.93120			6
2025.07.23	01:21:16.884	0.93106	0.93119			6
2025.07.23	01:21:17.272	0.93105	0.93120			6
2025.07.23	01:21:17.925	0.93106	0.93119			6
2025.07.23	01:21:18.308	0.93105	0.93120			6
2025.07.23	01:21:18.959	0.93106	0.93119			6
2025.07.23	01:21:19.345	0.93105	0.93120			6
2025.07.23	01:21:19.837	0.93106	0.93119			6
2025.07.23	01:21:20.378	0.93105	0.93120			6
2025.07.23	01:21:21.032		0.93119			4
2025.07.23	01:21:23.958	0.93106				2
2025.07.23	01:21:24.339	0.93105				2
2025.07.23	01:21:24.996	0.93106				2
2025.07.23	01:21:25.315	0.93105				2
2025.07.23	01:21:26.046	0.93106				2
2025.07.23	01:21:26.423	0.93105				2
2025.07.23	01:21:27.093	0.93106				2
2025.07.23	01:21:27.447	0.93105				2
2025.07.23	01:21:28.133	0.93106				2
2025.07.23	01:21:28.485	0.93105				2
2025.07.23	01:21:29.176	0.93106	0.93118			6
2025.07.23	01:21:29.536	0.93105	0.93119			6
2025.07.23	01:21:32.309	0.93106	0.93118			6
2025.07.23	01:21:32.631	0.93105	0.93119			6
2025.07.23	01:21:33.352	0.93106	0.93118			6
2025.07.23	01:21:33.670	0.93105	0.93119			6
2025.07.23	01:21:34.399	0.93106	0.93118			6
2025.07.23	01:21:34.704	0.93105	0.93119			6
2025.07.23	01:21:45.673	0.93106				2
2025.07.23	01:21:46.106	0.93105				2
2025.07.23	01:22:00.451	0.93105				2
2025.07.23	01:22:09.156	0.93104				2
2025.07.23	01:22:11.297		0.93120			4
2025.07.23	01:22:12.340	0.93105	0.93119			6
2025.07.23	01:22:12.669		0.93120			4
2025.07.23	01:22:40.390		0.93119			4
2025.07.23	01:22:40.739		0.93120			4
2025.07.23	01:22:44.476		0.93119			4
2025.07.23	01:22:44.797		0.93120			4
2025.07.23	01:22:45.509		0.93119			4
2025.07.23	01:22:45.828		0.93120			4
2025.07.23	01:22:46.545		0.93119			4
2025.07.23	01:22:46.934		0.93120			4
2025.07.23	01:22:47.927		0.93119			4
2025.07.23	01:22:52.047	0.93106				2
2025.07.23	01:22:52.859	0.93105				2
2025.07.23	01:22:55.151	0.93106				2
2025.07.23	01:22:56.162	0.93105				2
2025.07.23	01:22:59.295	0.93106				2
2025.07.23	01:23:00.412	0.93105				2
2025.07.23	01:23:01.368	0.93106				2
2025.07.23	01:23:02.504	0.93105				2
2025.07.23	01:23:03.447	0.93106				2
2025.07.23	01:23:04.589	0.93105				2
2025.07.23	01:23:05.516	0.93106				2
2025.07.23	01:23:07.242	0.93107				2
2025.07.23	01:23:08.759	0.93108				2
2025.07.23	01:23:10.182	0.93107				2
2025.07.23	01:23:11.731	0.93108	0.93118			6
2025.07.23	01:23:12.939	0.93107	0.93119			6
2025.07.23	01:23:13.249		0.93120			4
2025.07.23	01:23:18.611	0.93106	0.93118			6
2025.07.23	01:23:19.732	0.93105	0.93119			6
2025.07.23	01:23:20.980	0.93106	0.93118			6
2025.07.23	01:23:21.306	0.93105				2
2025.07.23	01:23:21.709	0.93106				2
2025.07.23	01:23:24.662	0.93105				2
2025.07.23	01:23:25.887	0.93106				2
2025.07.23	01:23:26.935	0.93105				2
2025.07.23	01:23:27.830	0.93106				2
2025.07.23	01:23:29.761	0.93105				2
2025.07.23	01:23:36.156	0.93104	0.93117			6
2025.07.23	01:23:37.746	0.93099	0.93113			6
2025.07.23	01:23:38.062	0.93100				2
2025.07.23	01:23:42.959		0.93114			4
2025.07.23	01:23:45.048		0.93113			4
2025.07.23	01:23:46.027		0.93114			4
2025.07.23	01:23:47.137		0.93113			4
2025.07.23	01:23:47.810		0.93114			4
2025.07.23	01:23:48.227		0.93113			4
2025.07.23	01:23:48.910		0.93114			4
2025.07.23	01:23:49.221		0.93113			4
2025.07.23	01:23:49.912		0.93114			4
2025.07.23	01:23:51.113		0.93113			4
2025.07.23	01:23:51.988		0.93114			4
2025.07.23	01:23:53.151		0.93115			4
2025.07.23	01:23:54.061		0.93114			4
2025.07.23	01:23:55.489	0.93099	0.93113			6
2025.07.23	01:23:56.510		0.93114			4
2025.07.23	01:23:56.846	0.93103	0.93117			6
2025.07.23	01:23:57.176		0.93118			4
2025.07.23	01:23:57.939		0.93117			4
2025.07.23	01:24:00.025	0.93103				2
2025.07.23	01:24:01.071		0.93118			4
2025.07.23	01:24:01.475		0.93117			4
2025.07.23	01:24:05.247		0.93118			4
2025.07.23	01:24:06.137		0.93117			4
2025.07.23	01:24:06.527		0.93118			4
2025.07.23	01:24:07.177		0.93117			4
2025.07.23	01:24:07.562		0.93118			4
2025.07.23	01:24:08.232		0.93117			4
2025.07.23	01:24:09.421		0.93118			4
2025.07.23	01:24:10.283		0.93117			4
2025.07.23	01:24:10.669		0.93118			4
2025.07.23	01:24:11.319		0.93117			4
2025.07.23	01:24:11.705	0.93102	0.93118			6
2025.07.23	01:24:12.352		0.93117			4
2025.07.23	01:24:13.258		0.93116			4
2025.07.23	01:24:13.598		0.93117			4
2025.07.23	01:24:18.923	0.93101	0.93118			6
2025.07.23	01:24:19.608		0.93117			4
2025.07.23	01:24:20.127		0.93118			4
2025.07.23	01:24:20.644		0.93117			4
2025.07.23	01:24:23.835	0.93102	0.93116			6
2025.07.23	01:24:24.352		0.93118			4
2025.07.23	01:24:24.788		0.93117			4
2025.07.23	01:24:47.320		0.93116			4
2025.07.23	01:24:47.843		0.93117			4
2025.07.23	01:24:48.364		0.93116			4
2025.07.23	01:24:48.821		0.93117			4
2025.07.23	01:24:49.410		0.93116			4
2025.07.23	01:24:49.931		0.93117			4
2025.07.23	01:24:52.771		0.93116			4
2025.07.23	01:24:53.289	0.93103	0.93117			6
2025.07.23	01:25:01.638	0.93103				2
2025.07.23	01:25:24.924	0.93106	0.93120			6
2025.07.23	01:25:25.938		0.93121			4
2025.07.23	01:25:27.102		0.93120			4
2025.07.23	01:25:47.698		0.93121			4
2025.07.23	01:25:48.705		0.93120			4
2025.07.23	01:25:49.771		0.93121			4
2025.07.23	01:25:52.266	0.93105	0.93120			6
2025.07.23	01:25:54.334		0.93119			4
2025.07.23	01:25:55.600		0.93120			4
2025.07.23	01:25:57.448		0.93119			4
2025.07.23	01:25:58.710		0.93120			4
2025.07.23	01:26:00.457	0.93105	0.93119			6
2025.07.23	01:26:16.809	0.93104	0.93117			6
2025.07.23	01:26:18.660	0.93103				2
2025.07.23	01:26:38.868	0.93104	0.93116			6
2025.07.23	01:26:40.860	0.93103	0.93117			6
2025.07.23	01:27:00.060	0.93103				2
2025.07.23	01:27:23.456	0.93104	0.93116			6
2025.07.23	01:27:24.178	0.93103	0.93114			6
2025.07.23	01:27:25.028	0.93101				2
2025.07.23	01:27:26.229		0.93115			4
2025.07.23	01:27:47.520	0.93102	0.93117			6
2025.07.23	01:27:51.274		0.93116			4
2025.07.23	01:27:52.801		0.93117			4
2025.07.23	01:27:53.316		0.93116			4
2025.07.23	01:27:54.758		0.93117			4
2025.07.23	01:27:55.681		0.93116			4
2025.07.23	01:27:56.847		0.93117			4
2025.07.23	01:27:58.560		0.93116			4
2025.07.23	01:27:59.493		0.93117			4
2025.07.23	01:28:00.607	0.93102				2
2025.07.23	01:28:05.512		0.93118			4
2025.07.23	01:28:05.918		0.93117			4
2025.07.23	01:28:06.827		0.93116			4
2025.07.23	01:28:37.223	0.93105	0.93118			6
2025.07.23	01:28:48.602	0.93104	0.93117			6
2025.07.23	01:29:00.067	0.93104				2
2025.07.23	01:29:00.385	0.93103				2
2025.07.23	01:29:04.212	0.93109	0.93120			6
2025.07.23	01:29:05.348	0.93108	0.93121			6
2025.07.23	01:29:06.061	0.93109	0.93120			6
2025.07.23	01:29:07.413		0.93121			4
2025.07.23	01:29:08.661		0.93120			4
2025.07.23	01:29:10.523		0.93121			4
2025.07.23	01:29:14.460	0.93108				2
2025.07.23	01:29:14.877	0.93109				2
2025.07.23	01:29:18.732	0.93108				2
2025.07.23	01:29:19.105	0.93109				2
2025.07.23	01:29:20.767	0.93108				2
2025.07.23	01:29:21.178	0.93109				2
2025.07.23	01:29:21.840	0.93108				2
2025.07.23	01:29:22.215	0.93109				2
2025.07.23	01:29:24.948	0.93108				2
2025.07.23	01:29:25.322	0.93109				2
2025.07.23	01:29:27.021	0.93108				2
2025.07.23	01:29:27.396	0.93109				2
2025.07.23	01:29:31.138	0.93108				2
2025.07.23	01:29:31.542	0.93109				2
2025.07.23	01:29:36.423	0.93108				2
2025.07.23	01:29:36.723	0.93109				2
2025.07.23	01:29:38.462	0.93108				2
2025.07.23	01:29:38.801	0.93109				2
2025.07.23	01:29:52.264	0.93110	0.93124			6
2025.07.23	01:29:56.899		0.93123			4
2025.07.23	01:29:57.576		0.93124			4
2025.07.23	01:29:57.990		0.93123			4
2025.07.23	01:29:58.573		0.93124			4
2025.07.23	01:29:59.027		0.93123			4
2025.07.23	01:29:59.459		0.93125			4
2025.07.23	01:30:00.168	0.93111				2
2025.07.23	01:30:02.697		0.93123			4
2025.07.23	01:30:03.175		0.93119			4
2025.07.23	01:30:04.094	0.93112	0.93120			6
2025.07.23	01:30:04.399	0.93111	0.93119			6
2025.07.23	01:30:06.523	0.93110	0.93118			6
2025.07.23	01:30:06.827	0.93111	0.93125			6
2025.07.23	01:30:07.422		0.93126			4
2025.07.23	01:30:08.929	0.93113				2
2025.07.23	01:30:12.962	0.93110	0.93124			6
2025.07.23	01:30:22.023	0.93111				2
2025.07.23	01:30:26.988		0.93122			4
2025.07.23	01:30:27.318		0.93123			4
2025.07.23	01:30:30.360		0.93122			4
2025.07.23	01:30:34.568	0.93110				2
2025.07.23	01:30:35.612	0.93111	0.93123			6
2025.07.23	01:30:35.919	0.93112	0.93125			6
2025.07.23	01:30:40.256	0.93114				2
2025.07.23	01:30:55.727	0.93111	0.93124			6
2025.07.23	01:30:56.030	0.93112	0.93123			6
2025.07.23	01:30:56.341	0.93113				2
2025.07.23	01:30:57.740		0.93124			4
2025.07.23	01:30:59.618	0.93111	0.93119			6
2025.07.23	01:30:59.918	0.93110	0.93120			6
2025.07.23	01:31:00.253	0.93110				2
2025.07.23	01:31:01.409	0.93109				2
2025.07.23	01:31:02.503	0.93110				2
2025.07.23	01:31:12.377	0.93111	0.93123			6
2025.07.23	01:31:12.771		0.93122			4
2025.07.23	01:31:13.102		0.93123			4
2025.07.23	01:31:15.286		0.93122			4
2025.07.23	01:31:18.362		0.93120			4
2025.07.23	01:31:18.666		0.93121			4
2025.07.23	01:31:20.161		0.93122			4
2025.07.23	01:31:22.304		0.93123			4
2025.07.23	01:31:23.437		0.93124			4
2025.07.23	01:31:23.829		0.93123			4
2025.07.23	01:31:24.477		0.93124			4
2025.07.23	01:31:24.869		0.93123			4
2025.07.23	01:31:25.510		0.93124			4
2025.07.23	01:31:25.901		0.93123			4
2025.07.23	01:31:26.453	0.93110	0.93121			6
2025.07.23	01:31:32.302		0.93122			4
2025.07.23	01:31:36.448	0.93109	0.93120			6
2025.07.23	01:31:37.975	0.93110	0.93121			6
2025.07.23	01:31:38.299		0.93120			4
2025.07.23	01:31:41.499	0.93111	0.93121			6
2025.07.23	01:31:50.392	0.93113				2
2025.07.23	01:31:51.466	0.93112				2
2025.07.23	01:31:52.260		0.93120			4
2025.07.23	01:31:52.640		0.93121			4
2025.07.23	01:32:00.854	0.93112				2
2025.07.23	01:32:07.905	0.93111				2
2025.07.23	01:32:13.087		0.93124			4
2025.07.23	01:32:13.913	0.93112				2
2025.07.23	01:32:22.615		0.93125			4
2025.07.23	01:32:23.568	0.93111	0.93123			6
2025.07.23	01:32:23.876		0.93124			4
2025.07.23	01:32:24.213		0.93123			4
2025.07.23	01:32:25.721		0.93124			4
2025.07.23	01:32:26.087		0.93121			4
2025.07.23	01:32:26.400	0.93109	0.93122			6
2025.07.23	01:32:29.460	0.93110				2
2025.07.23	01:32:30.590	0.93113	0.93125			6
2025.07.23	01:32:32.834		0.93126			4
2025.07.23	01:32:34.810		0.93125			4
2025.07.23	01:32:35.644	0.93110	0.93122			6
2025.07.23	01:32:41.844	0.93111				2
2025.07.23	01:32:47.076	0.93113	0.93124			6
2025.07.23	01:32:47.900		0.93122			4
2025.07.23	01:32:48.260		0.93124			4
2025.07.23	01:32:48.937	0.93114	0.93123			6
2025.07.23	01:32:49.559		0.93124			4
2025.07.23	01:32:50.408		0.93122			4
2025.07.23	01:32:53.525	0.93115	0.93127			6
2025.07.23	01:32:54.679	0.93116	0.93121			6
2025.07.23	01:32:55.369	0.93114	0.93126			6
2025.07.23	01:32:56.983	0.93116				2
2025.07.23	01:32:57.320		0.93127			4
2025.07.23	01:32:59.519	0.93115				2
2025.07.23	01:33:00.533	0.93115				2
2025.07.23	01:33:00.962		0.93128			4
2025.07.23	01:33:01.513		0.93126			4
2025.07.23	01:33:02.621		0.93127			4
2025.07.23	01:33:03.582	0.93116	0.93128			6
2025.07.23	01:33:15.108		0.93127			4
2025.07.23	01:33:16.016		0.93128			4
2025.07.23	01:33:17.064	0.93119				2
2025.07.23	01:33:20.116		0.93130			4
2025.07.23	01:33:21.456		0.93131			4
2025.07.23	01:33:24.497	0.93121				2
2025.07.23	01:33:27.671	0.93120				2
2025.07.23	01:33:29.759	0.93119				2
2025.07.23	01:33:40.746		0.93128			4
2025.07.23	01:33:46.273		0.93129			4
2025.07.23	01:34:00.243	0.93119				2
2025.07.23	01:34:17.466	0.93117				2
2025.07.23	01:34:22.488	0.93115	0.93128			6
2025.07.23	01:34:23.648	0.93117	0.93129			6
2025.07.23	01:34:41.759		0.93130			4
2025.07.23	01:34:42.213		0.93129			4
2025.07.23	01:35:00.035	0.93117				2
2025.07.23	01:35:02.113		0.93131			4
2025.07.23	01:35:02.460		0.93130			4
2025.07.23	01:35:17.486	0.93119	0.93131			6
2025.07.23	01:35:18.121		0.93130			4
2025.07.23	01:35:18.470		0.93129			4
2025.07.23	01:35:18.791		0.93128			4
2025.07.23	01:35:19.581		0.93129			4
2025.07.23	01:35:26.743		0.93130			4
2025.07.23	01:35:28.151		0.93129			4
2025.07.23	01:35:28.833		0.93130			4
2025.07.23	01:35:29.194		0.93129			4
2025.07.23	01:35:29.876		0.93130			4
2025.07.23	01:35:30.239		0.93129			4
2025.07.23	01:35:30.919		0.93130			4
2025.07.23	01:35:31.285		0.93129			4
2025.07.23	01:35:32.070		0.93130			4
2025.07.23	01:35:32.405		0.93129			4
2025.07.23	01:35:32.737	0.93120				2
2025.07.23	01:35:35.185	0.93119	0.93130			6
2025.07.23	01:35:35.509	0.93120				2
2025.07.23	01:35:36.300		0.93129			4
2025.07.23	01:35:37.366		0.93130			4
2025.07.23	01:35:40.496	0.93121				2
2025.07.23	01:35:40.799	0.93120	0.93131			6
2025.07.23	01:35:47.594		0.93132			4
2025.07.23	01:35:47.937		0.93130			4
2025.07.23	01:35:51.435		0.93131			4
2025.07.23	01:35:51.760		0.93132			4
2025.07.23	01:35:52.082		0.93131			4
2025.07.23	01:35:55.612	0.93121	0.93130			6
2025.07.23	01:35:59.008	0.93120	0.93131			6
2025.07.23	01:35:59.331	0.93121	0.93130			6
2025.07.23	01:36:00.163	0.93121				2
2025.07.23	01:36:00.466	0.93119				2
2025.07.23	01:36:01.270		0.93131			4
2025.07.23	01:36:01.659	0.93120	0.93130			6
2025.07.23	01:36:02.439	0.93121				2
2025.07.23	01:36:03.363	0.93120	0.93131			6
2025.07.23	01:36:03.672		0.93130			4
2025.07.23	01:36:04.568		0.93131			4
2025.07.23	01:36:05.609		0.93130			4
2025.07.23	01:36:08.360	0.93119				2
2025.07.23	01:36:09.642		0.93131			4
2025.07.23	01:36:09.945		0.93130			4
2025.07.23	01:36:14.933		0.93131			4
2025.07.23	01:36:16.029		0.93130			4
2025.07.23	01:36:17.013		0.93131			4
2025.07.23	01:36:18.151		0.93130			4
2025.07.23	01:36:23.226		0.93131			4
2025.07.23	01:36:25.046		0.93130			4
2025.07.23	01:36:26.399	0.93121				2
2025.07.23	01:36:27.052		0.93131			4
2025.07.23	01:36:27.961	0.93120				2
2025.07.23	01:36:28.326	0.93121	0.93130			6
2025.07.23	01:36:28.897	0.93119	0.93129			6
2025.07.23	01:36:29.876	0.93120				2
2025.07.23	01:36:30.706	0.93119				2
2025.07.23	01:36:31.180	0.93120				2
2025.07.23	01:36:34.854	0.93121				2
2025.07.23	01:36:39.030	0.93119				2
2025.07.23	01:36:39.963	0.93120				2
2025.07.23	01:36:46.324	0.93118	0.93130			6
2025.07.23	01:36:57.841		0.93129			4
2025.07.23	01:37:00.014	0.93118				2
2025.07.23	01:37:02.085	0.93119				2
2025.07.23	01:37:08.193		0.93130			4
2025.07.23	01:37:22.097		0.93129			4
2025.07.23	01:37:24.752		0.93130			4
2025.07.23	01:37:25.707		0.93131			4
2025.07.23	01:37:26.052		0.93130			4
2025.07.23	01:38:00.697	0.93119				2
2025.07.23	01:38:03.491		0.93129			4
2025.07.23	01:38:05.382		0.93130			4
2025.07.23	01:38:05.695		0.93129			4
2025.07.23	01:38:08.387		0.93130			4
2025.07.23	01:38:11.651		0.93131			4
2025.07.23	01:38:12.686		0.93130			4
2025.07.23	01:38:13.857		0.93131			4
2025.07.23	01:38:17.386	0.93120	0.93130			6
2025.07.23	01:38:19.549		0.93131			4
2025.07.23	01:38:24.027	0.93122				2
2025.07.23	01:38:24.695		0.93130			4
2025.07.23	01:38:25.829		0.93131			4
2025.07.23	01:38:27.217		0.93130			4
2025.07.23	01:38:27.769		0.93132			4
2025.07.23	01:38:28.867	0.93123				2
2025.07.23	01:38:33.143		0.93133			4
2025.07.23	01:38:33.660		0.93132			4
2025.07.23	01:38:35.166		0.93133			4
2025.07.23	01:38:36.960		0.93132			4
2025.07.23	01:38:37.338	0.93121	0.93130			6
2025.07.23	01:38:37.862	0.93120				2
2025.07.23	01:38:52.652	0.93119				2
2025.07.23	01:38:52.961		0.93129			4
2025.07.23	01:38:57.747		0.93130			4
2025.07.23	01:38:59.033		0.93129			4
2025.07.23	01:39:00.072	0.93119				2
2025.07.23	01:39:01.012		0.93130			4
2025.07.23	01:39:03.179		0.93131			4
2025.07.23	01:39:04.251		0.93130			4
2025.07.23	01:39:04.582		0.93131			4
2025.07.23	01:39:05.382		0.93130			4
2025.07.23	01:39:07.321		0.93129			4
2025.07.23	01:39:29.204		0.93130			4
2025.07.23	01:39:30.321	0.93120				2
2025.07.23	01:39:31.433		0.93129			4
2025.07.23	01:39:39.756	0.93116	0.93127			6
2025.07.23	01:39:40.784		0.93126			4
2025.07.23	01:39:44.775		0.93127			4
2025.07.23	01:39:51.246		0.93126			4
2025.07.23	01:39:52.836		0.93127			4
2025.07.23	01:40:00.314	0.93116				2
2025.07.23	01:40:00.716		0.93128			4
2025.07.23	01:40:01.042		0.93127			4
2025.07.23	01:40:05.866		0.93128			4
2025.07.23	01:40:07.860		0.93127			4
2025.07.23	01:41:00.194	0.93116				2
2025.07.23	01:41:06.411	0.93117	0.93128			6
2025.07.23	01:41:09.682	0.93115	0.93127			6
2025.07.23	01:41:10.363		0.93125			4
2025.07.23	01:41:10.699		0.93126			4
2025.07.23	01:41:11.375		0.93125			4
2025.07.23	01:41:12.756		0.93126			4
2025.07.23	01:41:14.455		0.93125			4
2025.07.23	01:41:15.305	0.93116	0.93127			6
2025.07.23	01:41:25.324		0.93126			4
2025.07.23	01:41:26.535	0.93117	0.93127			6
2025.07.23	01:42:00.986	0.93117				2
2025.07.23	01:42:26.762		0.93127			4
2025.07.23	01:42:32.276		0.93128			4
2025.07.23	01:42:36.479		0.93127			4
2025.07.23	01:43:00.700	0.93117				2
2025.07.23	01:43:05.920	0.93116				2
2025.07.23	01:43:28.575	0.93117				2
2025.07.23	01:43:36.156		0.93128			4
2025.07.23	01:43:39.359		0.93127			4
2025.07.23	01:43:46.071		0.93128			4
2025.07.23	01:43:48.668		0.93127			4
2025.07.23	01:44:00.256	0.93117				2
2025.07.23	01:44:01.174	0.93116				2
2025.07.23	01:44:18.984	0.93117				2
2025.07.23	01:44:48.749		0.93127			4
2025.07.23	01:44:53.860	0.93116				2
2025.07.23	01:45:00.235	0.93116				2
2025.07.23	01:45:02.917	0.93120	0.93128			6
2025.07.23	01:45:05.367		0.93129			4
2025.07.23	01:45:18.609		0.93128			4
2025.07.23	01:45:21.610		0.93129			4
2025.07.23	01:45:28.422		0.93128			4
2025.07.23	01:45:31.964		0.93129			4
2025.07.23	01:45:34.270		0.93128			4
2025.07.23	01:45:37.144		0.93129			4
2025.07.23	01:45:39.474		0.93128			4
2025.07.23	01:45:42.974	0.93121	0.93127			6
2025.07.23	01:45:43.363		0.93129			4
2025.07.23	01:45:44.004		0.93130			4
2025.07.23	01:45:45.427		0.93129			4
2025.07.23	01:45:46.471		0.93130			4
2025.07.23	01:45:47.499		0.93129			4
2025.07.23	01:45:54.962	0.93120				2
2025.07.23	01:45:58.712		0.93128			4
2025.07.23	01:46:00.360	0.93120				2
2025.07.23	01:46:16.711	0.93118	0.93126			6
2025.07.23	01:46:33.237	0.93117				2
2025.07.23	01:47:00.390	0.93117				2
2025.07.23	01:47:14.615	0.93115	0.93124			6
2025.07.23	01:47:25.089	0.93116	0.93125			6
2025.07.23	01:47:25.393		0.93126			4
2025.07.23	01:47:28.446		0.93125			4
2025.07.23	01:47:31.260		0.93126			4
2025.07.23	01:47:33.626		0.93125			4
2025.07.23	01:47:47.212		0.93126			4
2025.07.23	01:47:48.587		0.93125			4
2025.07.23	01:47:50.313		0.93126			4
2025.07.23	01:47:52.562	0.93117	0.93125			6
2025.07.23	01:47:55.894		0.93126			4
2025.07.23	01:47:59.792		0.93125			4
2025.07.23	01:48:00.358	0.93117				2
2025.07.23	01:48:02.474		0.93126			4
2025.07.23	01:48:05.606		0.93125			4
2025.07.23	01:48:07.692		0.93126			4
2025.07.23	01:48:12.915		0.93125			4
2025.07.23	01:48:14.324	0.93116				2
2025.07.23	01:48:16.416		0.93126			4
2025.07.23	01:48:20.679		0.93125			4
2025.07.23	01:48:21.019		0.93126			4
2025.07.23	01:48:21.704		0.93125			4
2025.07.23	01:48:22.057	0.93115	0.93123			6
2025.07.23	01:48:32.264		0.93124			4
2025.07.23	01:48:36.961		0.93123			4
2025.07.23	01:48:41.760	0.93116	0.93124			6
2025.07.23	01:48:42.451		0.93125			4
2025.07.23	01:48:51.966	0.93114	0.93124			6
2025.07.23	01:48:54.047		0.93123			4
2025.07.23	01:48:57.164		0.93124			4
2025.07.23	01:49:00.234	0.93114	0.93123			6
2025.07.23	01:49:07.959		0.93124			4
2025.07.23	01:49:16.490		0.93123			4
2025.07.23	01:49:28.261		0.93124			4
2025.07.23	01:49:32.760		0.93123			4
2025.07.23	01:49:35.706	0.93113	0.93124			6
2025.07.23	01:49:38.884		0.93123			4
2025.07.23	01:50:00.555	0.93113				2
2025.07.23	01:50:01.025	0.93111	0.93121			6
2025.07.23	01:50:02.795	0.93112	0.93122			6
2025.07.23	01:50:04.856		0.93123			4
2025.07.23	01:50:10.001	0.93111				2
2025.07.23	01:50:27.870	0.93110	0.93120			6
2025.07.23	01:50:43.503		0.93121			4
2025.07.23	01:50:45.215		0.93120			4
2025.07.23	01:50:48.376		0.93121			4
2025.07.23	01:50:51.630		0.93120			4
2025.07.23	01:50:53.511	0.93113	0.93123			6
2025.07.23	01:50:54.926		0.93124			4
2025.07.23	01:51:00.795	0.93113				2
2025.07.23	01:51:02.883	0.93114	0.93125			6
2025.07.23	01:51:03.529	0.93113	0.93123			6
2025.07.23	01:51:10.300	0.93114				2
2025.07.23	01:51:18.781	0.93112				2
2025.07.23	01:51:19.837		0.93122			4
2025.07.23	01:51:27.466		0.93121			4
2025.07.23	01:51:32.077	0.93110	0.93120			6
2025.07.23	01:51:59.008		0.93121			4
2025.07.23	01:52:02.004	0.93110				2
2025.07.23	01:52:04.353	0.93109				2
2025.07.23	01:52:08.581	0.93111				2
2025.07.23	01:52:08.905		0.93122			4
2025.07.23	01:52:10.356	0.93113	0.93124			6
2025.07.23	01:52:15.962		0.93125			4
2025.07.23	01:52:23.051		0.93122			4
2025.07.23	01:52:23.401	0.93112				2
2025.07.23	01:52:24.716		0.93123			4
2025.07.23	01:52:25.091		0.93122			4
2025.07.23	01:52:34.126	0.93111				2
2025.07.23	01:52:39.373	0.93112				2
2025.07.23	01:52:44.094		0.93121			4
2025.07.23	01:52:44.800		0.93122			4
2025.07.23	01:52:45.370	0.93114	0.93125			6
2025.07.23	01:52:46.663		0.93124			4
2025.07.23	01:52:52.259		0.93125			4
2025.07.23	01:52:55.867	0.93117	0.93129			6
2025.07.23	01:52:56.213		0.93128			4
2025.07.23	01:53:00.242	0.93117				2
2025.07.23	01:53:05.911	0.93118				2
2025.07.23	01:53:14.747	0.93119				2
2025.07.23	01:53:17.399		0.93129			4
2025.07.23	01:53:21.470	0.93118				2
2025.07.23	01:53:22.497		0.93128			4
2025.07.23	01:53:27.455		0.93129			4
2025.07.23	01:53:28.841	0.93115	0.93128			6
2025.07.23	01:53:30.787		0.93127			4
2025.07.23	01:53:31.140		0.93128			4
2025.07.23	01:53:31.824		0.93127			4
2025.07.23	01:53:32.183		0.93128			4
2025.07.23	01:53:32.859		0.93127			4
2025.07.23	01:53:33.227		0.93128			4
2025.07.23	01:53:33.894		0.93127			4
2025.07.23	01:53:34.270		0.93128			4
2025.07.23	01:53:34.726		0.93127			4
2025.07.23	01:53:35.106	0.93119	0.93130			6
2025.07.23	01:53:36.243		0.93129			4
2025.07.23	01:53:48.191	0.93117				2
2025.07.23	01:53:53.144	0.93118				2
2025.07.23	01:53:54.171	0.93120				2
2025.07.23	01:53:59.354		0.93130			4
2025.07.23	01:54:00.451	0.93120				2
2025.07.23	01:54:34.996	0.93118	0.93129			6
2025.07.23	01:54:41.638	0.93119	0.93131			6
2025.07.23	01:54:41.962		0.93130			4
2025.07.23	01:54:45.919	0.93120				2
2025.07.23	01:54:55.278		0.93131			4
2025.07.23	01:55:00.504	0.93120				2
2025.07.23	01:55:02.934		0.93129			4
2025.07.23	01:55:03.264		0.93130			4
2025.07.23	01:55:04.117		0.93131			4
2025.07.23	01:55:04.997		0.93130			4
2025.07.23	01:55:12.417		0.93131			4
2025.07.23	01:55:12.741		0.93130			4
2025.07.23	01:55:13.479		0.93128			4
2025.07.23	01:55:13.802		0.93130			4
2025.07.23	01:55:29.318		0.93129			4
2025.07.23	01:55:31.343	0.93119				2
2025.07.23	01:55:50.656	0.93118	0.93128			6
2025.07.23	01:55:59.602	0.93119	0.93130			6
2025.07.23	01:56:00.387	0.93119	0.93129			6
2025.07.23	01:56:03.649		0.93130			4
2025.07.23	01:56:54.677	0.93120				2
2025.07.23	01:57:00.986	0.93120				2
2025.07.23	01:57:05.423		0.93130			4
2025.07.23	01:57:52.669	0.93121				2
2025.07.23	01:58:00.380	0.93121				2
2025.07.23	01:58:04.314	0.93120				2
2025.07.23	01:58:05.716		0.93130			4
2025.07.23	01:58:08.128	0.93119	0.93129			6
2025.07.23	01:58:17.500		0.93130			4
2025.07.23	01:58:18.015	0.93121	0.93131			6
2025.07.23	01:58:46.262		0.93129			4
2025.07.23	01:59:00.010	0.93121				2
2025.07.23	01:59:04.083		0.93131			4
2025.07.23	01:59:12.081		0.93129			4
2025.07.23	01:59:18.879	0.93120				2
2025.07.23	01:59:23.457	0.93119	0.93128			6
2025.07.23	01:59:29.566	0.93118				2
2025.07.23	01:59:30.232		0.93129			4
2025.07.23	01:59:31.427		0.93128			4
2025.07.23	02:00:00.131	0.93117	0.93127			6
2025.07.23	02:00:00.439		0.93128			4
2025.07.23	02:00:01.116	0.93113	0.93124			6
2025.07.23	02:00:01.420	0.93114				2
2025.07.23	02:00:04.128	0.93117	0.93128			6
2025.07.23	02:00:06.235	0.93119				2
2025.07.23	02:00:09.079		0.93127			4
2025.07.23	02:00:10.170	0.93116	0.93126			6
2025.07.23	02:00:10.503		0.93125			4
2025.07.23	02:00:17.408	0.93114				2
2025.07.23	02:00:19.465	0.93117	0.93127			6
2025.07.23	02:00:21.387	0.93116	0.93125			6
2025.07.23	02:00:21.718	0.93117	0.93126			6
2025.07.23	02:00:24.855		0.93127			4
2025.07.23	02:00:26.707	0.93118				2
2025.07.23	02:00:31.843	0.93116	0.93124			6
2025.07.23	02:00:36.416	0.93115	0.93123			6
2025.07.23	02:00:40.225		0.93124			4
2025.07.23	02:00:41.434	0.93116				2
2025.07.23	02:00:48.277		0.93123			4
2025.07.23	02:00:48.582	0.93114				2
2025.07.23	02:00:55.251	0.93115				2
2025.07.23	02:01:00.143	0.93115				2
2025.07.23	02:01:17.461		0.93125			4
2025.07.23	02:01:20.969	0.93117	0.93126			6
2025.07.23	02:01:34.668	0.93115	0.93125			6
2025.07.23	02:01:34.969	0.93116				2
2025.07.23	02:01:35.568	0.93117				2
2025.07.23	02:02:00.517	0.93114	0.93124			6
2025.07.23	02:02:02.242		0.93123			4
2025.07.23	02:02:06.306		0.93124			4
2025.07.23	02:02:17.119		0.93123			4
2025.07.23	02:02:31.219	0.93110	0.93119			6
2025.07.23	02:02:31.522	0.93113	0.93122			6
2025.07.23	02:02:34.248	0.93114	0.93123			6
2025.07.23	02:02:35.171	0.93115				2
2025.07.23	02:03:00.700	0.93115	0.93124			6
2025.07.23	02:03:02.445	0.93114	0.93123			6
2025.07.23	02:03:08.486	0.93117	0.93127			6
2025.07.23	02:03:16.565	0.93123	0.93133			6
2025.07.23	02:03:17.992		0.93132			4
2025.07.23	02:03:19.031		0.93133			4
2025.07.23	02:03:21.960		0.93132			4
2025.07.23	02:03:24.280		0.93133			4
2025.07.23	02:03:28.676		0.93132			4
2025.07.23	02:03:32.297		0.93133			4
2025.07.23	02:03:33.268		0.93132			4
2025.07.23	02:03:40.261		0.93133			4
2025.07.23	02:03:55.643		0.93131			4
2025.07.23	02:03:56.175	0.93124				2
2025.07.23	02:04:00.229	0.93124				2
2025.07.23	02:04:01.424	0.93122	0.93132			6
2025.07.23	02:04:01.781		0.93131			4
2025.07.23	02:04:02.503	0.93123	0.93133			6
2025.07.23	02:04:03.418	0.93124				2
2025.07.23	02:04:09.886	0.93122	0.93132			6
2025.07.23	02:04:10.363	0.93121	0.93131			6
2025.07.23	02:04:12.388	0.93120				2
2025.07.23	02:04:13.342		0.93130			4
2025.07.23	02:04:17.680		0.93131			4
2025.07.23	02:04:27.817	0.93121	0.93130			6
2025.07.23	02:04:30.277	0.93122	0.93131			6
2025.07.23	02:04:31.490	0.93124	0.93132			6
2025.07.23	02:04:45.059	0.93123				2
2025.07.23	02:04:56.239	0.93122				2
2025.07.23	02:05:00.341	0.93123				2
2025.07.23	02:05:01.435	0.93122				2
2025.07.23	02:05:05.170	0.93123				2
2025.07.23	02:05:09.544	0.93122	0.93133			6
2025.07.23	02:05:14.258	0.93127	0.93135			6
2025.07.23	02:05:15.894	0.93126	0.93136			6
2025.07.23	02:05:20.671		0.93134			4
2025.07.23	02:05:28.260	0.93127				2
2025.07.23	02:05:29.463	0.93126				2
2025.07.23	02:05:31.861	0.93125				2
2025.07.23	02:05:33.461	0.93129	0.93138			6
2025.07.23	02:05:37.690	0.93130				2
2025.07.23	02:05:44.939	0.93129				2
2025.07.23	02:05:54.024	0.93130				2
2025.07.23	02:05:54.391	0.93129				2
2025.07.23	02:05:59.440		0.93137			4
2025.07.23	02:06:00.590	0.93129				2
2025.07.23	02:06:06.854	0.93130	0.93138			6
2025.07.23	02:06:07.776	0.93129				2
2025.07.23	02:06:11.459	0.93130				2
2025.07.23	02:06:16.067	0.93129				2
2025.07.23	02:06:20.339	0.93130				2
2025.07.23	02:06:24.356	0.93129				2
2025.07.23	02:06:25.645		0.93137			4
2025.07.23	02:06:35.713	0.93128				2
2025.07.23	02:06:48.713	0.93129				2
2025.07.23	02:06:51.400	0.93126	0.93135			6
2025.07.23	02:07:00.316	0.93126				2
2025.07.23	02:07:01.471	0.93125				2
2025.07.23	02:07:02.716	0.93126				2
2025.07.23	02:07:03.646	0.93125	0.93136			6
2025.07.23	02:07:05.300	0.93126				2
2025.07.23	02:07:05.835	0.93125				2
2025.07.23	02:07:11.167		0.93135			4
2025.07.23	02:07:19.583		0.93136			4
2025.07.23	02:07:49.515	0.93126				2
2025.07.23	02:08:05.544	0.93126				2
2025.07.23	02:08:08.166	0.93125	0.93135			6
2025.07.23	02:08:26.460		0.93136			4
2025.07.23	02:08:30.256	0.93126	0.93135			6
2025.07.23	02:08:32.288	0.93127				2
2025.07.23	02:08:33.376	0.93128	0.93136			6
2025.07.23	02:08:34.266	0.93126				2
2025.07.23	02:08:41.806	0.93127				2
2025.07.23	02:08:42.636	0.93126	0.93135			6
2025.07.23	02:08:45.303	0.93128	0.93136			6
2025.07.23	02:08:45.844	0.93125	0.93135			6
2025.07.23	02:08:50.966	0.93127				2
2025.07.23	02:08:51.759	0.93125				2
2025.07.23	02:08:53.160	0.93127	0.93136			6
2025.07.23	02:08:54.853	0.93128				2
2025.07.23	02:08:58.277	0.93127				2
2025.07.23	02:08:59.803	0.93128	0.93137			6
2025.07.23	02:09:00.432	0.93128				2
2025.07.23	02:09:05.375	0.93125	0.93136			6
2025.07.23	02:09:07.238	0.93126				2
2025.07.23	02:09:10.381	0.93127	0.93135			6
2025.07.23	02:09:21.759		0.93136			4
2025.07.23	02:09:25.734		0.93135			4
2025.07.23	02:09:39.212		0.93136			4
2025.07.23	02:09:54.580		0.93135			4
2025.07.23	02:10:00.157	0.93127				2
2025.07.23	02:10:00.724	0.93126				2
2025.07.23	02:10:13.031	0.93125				2
2025.07.23	02:10:13.753	0.93126	0.93134			6
2025.07.23	02:10:18.093	0.93125	0.93133			6
2025.07.23	02:10:19.192	0.93124				2
2025.07.23	02:10:21.351	0.93127	0.93137			6
2025.07.23	02:10:21.660	0.93128				2
2025.07.23	02:10:23.188	0.93127				2
2025.07.23	02:10:23.512		0.93136			4
2025.07.23	02:10:29.899	0.93128				2
2025.07.23	02:10:33.060	0.93127	0.93135			6
2025.07.23	02:10:34.089		0.93136			4
2025.07.23	02:10:35.476		0.93135			4
2025.07.23	02:10:37.220		0.93136			4
2025.07.23	02:10:38.263		0.93135			4
2025.07.23	02:10:45.568		0.93136			4
2025.07.23	02:10:46.597	0.93125	0.93133			6
2025.07.23	02:10:47.601		0.93134			4
2025.07.23	02:10:48.434	0.93124	0.93135			6
2025.07.23	02:10:59.553	0.93125	0.93134			6
2025.07.23	02:11:00.125	0.93124				2
