<DATE>	<TIME>	<BID>	<ASK>	<LAST>	<VOLUME>	<FLAGS>
2025.11.03	00:03:30.590	0.92699	0.92908			6
2025.11.03	00:04:02.847	0.92699				2
2025.11.03	00:04:31.408		0.92908			4
2025.11.03	00:04:57.847	0.92700				2
2025.11.03	00:05:05.896	0.92700				2
2025.11.03	00:05:50.932		0.92908			4
2025.11.03	00:06:12.282	0.92700				2
2025.11.03	00:06:47.849	0.92704				2
2025.11.03	00:06:58.348		0.92908			4
2025.11.03	00:07:01.409	0.92704				2
2025.11.03	00:07:22.286		0.92896			4
2025.11.03	00:07:30.740		0.92917			4
2025.11.03	00:07:57.410		0.92896			4
2025.11.03	00:08:01.050	0.92704	0.92917			6
2025.11.03	00:08:32.289		0.92896			4
2025.11.03	00:08:35.244	0.92741	0.92934			6
2025.11.03	00:08:36.232	0.92704	0.92931			6
2025.11.03	00:08:43.359		0.92917			4
2025.11.03	00:09:22.281	0.92704				2
2025.11.03	00:09:49.622	0.92708	0.92900			6
2025.11.03	00:10:00.351	0.92708	0.92875			6
2025.11.03	00:10:03.117		0.92876			4
2025.11.03	00:10:05.677		0.92875			4
2025.11.03	00:10:09.879		0.92874			4
2025.11.03	00:10:14.378		0.92873			4
2025.11.03	00:10:16.476		0.92872			4
2025.11.03	00:10:17.828		0.92874			4
2025.11.03	00:10:19.779		0.92873			4
2025.11.03	00:10:23.977		0.92872			4
2025.11.03	00:10:26.869	0.92665				2
2025.11.03	00:10:29.377		0.92871			4
2025.11.03	00:10:35.378		0.92870			4
2025.11.03	00:10:41.078		0.92869			4
2025.11.03	00:10:45.578		0.92868			4
2025.11.03	00:10:48.985	0.92737	0.92901			6
2025.11.03	00:10:49.975	0.92665	0.92868			6
2025.11.03	00:10:50.976		0.92867			4
2025.11.03	00:10:55.477		0.92866			4
2025.11.03	00:11:00.277	0.92665				2
2025.11.03	00:11:02.377		0.92865			4
2025.11.03	00:11:03.002		0.92866			4
2025.11.03	00:11:08.076		0.92865			4
2025.11.03	00:11:14.977		0.92864			4
2025.11.03	00:11:21.277		0.92863			4
2025.11.03	00:11:29.590	0.92666	0.92862			6
2025.11.03	00:11:32.677		0.92861			4
2025.11.03	00:11:46.178		0.92860			4
2025.11.03	00:11:52.478		0.92859			4
2025.11.03	00:12:00.278	0.92666	0.92858			6
2025.11.03	00:12:10.348		0.92857			4
2025.11.03	00:12:20.977		0.92856			4
2025.11.03	00:12:31.777	0.92667	0.92854			6
2025.11.03	00:12:33.578		0.92853			4
2025.11.03	00:12:37.777		0.92852			4
2025.11.03	00:12:38.443		0.92841			4
2025.11.03	00:12:42.880		0.92840			4
2025.11.03	00:12:47.157		0.92839			4
2025.11.03	00:12:52.477		0.92838			4
2025.11.03	00:12:56.677		0.92837			4
2025.11.03	00:13:00.277	0.92667	0.92836			6
2025.11.03	00:13:05.378		0.92835			4
2025.11.03	00:13:10.777		0.92834			4
2025.11.03	00:13:15.878		0.92833			4
2025.11.03	00:13:20.677		0.92832			4
2025.11.03	00:13:26.176	0.92707				2
2025.11.03	00:13:26.677		0.92831			4
2025.11.03	00:13:31.477		0.92830			4
2025.11.03	00:13:37.478		0.92829			4
2025.11.03	00:13:42.278		0.92828			4
2025.11.03	00:13:47.977		0.92827			4
2025.11.03	00:13:55.252		0.92826			4
2025.11.03	00:14:00.278	0.92707				2
2025.11.03	00:14:02.678		0.92825			4
2025.11.03	00:14:09.578		0.92824			4
2025.11.03	00:14:16.178		0.92823			4
2025.11.03	00:14:22.477		0.92822			4
2025.11.03	00:14:29.377		0.92821			4
2025.11.03	00:14:36.878		0.92820			4
2025.11.03	00:14:44.377		0.92819			4
2025.11.03	00:14:48.577		0.92814			4
2025.11.03	00:14:56.077		0.92813			4
2025.11.03	00:15:00.577	0.92707				2
2025.11.03	00:15:03.578		0.92812			4
2025.11.03	00:15:10.177		0.92811			4
2025.11.03	00:15:19.178		0.92810			4
2025.11.03	00:15:28.777		0.92809			4
2025.11.03	00:15:37.177		0.92808			4
2025.11.03	00:16:01.478	0.92707				2
2025.11.03	00:16:02.678		0.92807			4
2025.11.03	00:16:04.178		0.92808			4
2025.11.03	00:16:05.378		0.92807			4
2025.11.03	00:16:06.878		0.92808			4
2025.11.03	00:16:09.577		0.92807			4
2025.11.03	00:16:14.095		0.92849			4
2025.11.03	00:16:15.577		0.92848			4
2025.11.03	00:16:19.780		0.92900			4
2025.11.03	00:16:27.526		0.92865			4
2025.11.03	00:16:32.077		0.92863			4
2025.11.03	00:16:38.084		0.92862			4
2025.11.03	00:16:38.418		0.92863			4
2025.11.03	00:16:39.580		0.92864			4
2025.11.03	00:16:41.977		0.92863			4
2025.11.03	00:16:43.165		0.92866			4
2025.11.03	00:16:43.487		0.92867			4
2025.11.03	00:16:50.078		0.92866			4
2025.11.03	00:16:55.477		0.92865			4
2025.11.03	00:16:56.978		0.92866			4
2025.11.03	00:16:58.478		0.92865			4
2025.11.03	00:17:01.178	0.92707				2
2025.11.03	00:17:03.877		0.92864			4
2025.11.03	00:17:10.478		0.92863			4
2025.11.03	00:17:14.977		0.92862			4
2025.11.03	00:17:23.377		0.92861			4
2025.11.03	00:17:28.177		0.92860			4
2025.11.03	00:17:33.577		0.92859			4
2025.11.03	00:17:38.678		0.92858			4
2025.11.03	00:17:44.378		0.92857			4
2025.11.03	00:17:50.678		0.92856			4
2025.11.03	00:17:57.336		0.92853			4
2025.11.03	00:18:00.577	0.92707				2
2025.11.03	00:18:02.527		0.92854			4
2025.11.03	00:18:08.377		0.92853			4
2025.11.03	00:18:15.877		0.92852			4
2025.11.03	00:18:24.277		0.92851			4
2025.11.03	00:18:32.978		0.92850			4
2025.11.03	00:18:40.778		0.92849			4
2025.11.03	00:18:48.577		0.92848			4
2025.11.03	00:18:56.077		0.92847			4
2025.11.03	00:19:01.408	0.92707				2
2025.11.03	00:19:05.078		0.92846			4
2025.11.03	00:19:12.277		0.92845			4
2025.11.03	00:19:22.777		0.92844			4
2025.11.03	00:19:37.478		0.92843			4
2025.11.03	00:19:48.577		0.92842			4
2025.11.03	00:20:01.178	0.92707				2
2025.11.03	00:20:03.487		0.92841			4
2025.11.03	00:20:19.477		0.92840			4
2025.11.03	00:20:35.978		0.92839			4
2025.11.03	00:20:56.677		0.92838			4
2025.11.03	00:21:00.882	0.92707				2
2025.11.03	00:21:18.277		0.92837			4
2025.11.03	00:21:18.627		0.92838			4
2025.11.03	00:21:38.982		0.92837			4
2025.11.03	00:21:42.325		0.92838			4
2025.11.03	00:21:43.411		0.92837			4
2025.11.03	00:21:45.959		0.92856			4
2025.11.03	00:21:47.077		0.92857			4
2025.11.03	00:21:47.391		0.92856			4
2025.11.03	00:21:52.282		0.92848			4
2025.11.03	00:21:53.251		0.92851			4
2025.11.03	00:21:53.558		0.92848			4
2025.11.03	00:21:54.765		0.92876			4
2025.11.03	00:21:55.177		0.92877			4
2025.11.03	00:22:00.877	0.92707				2
2025.11.03	00:22:07.138		0.92870			4
2025.11.03	00:22:08.363		0.92869			4
2025.11.03	00:22:33.578		0.92868			4
2025.11.03	00:22:37.672		0.92857			4
2025.11.03	00:22:40.956		0.92861			4
2025.11.03	00:22:45.091		0.92859			4
2025.11.03	00:22:47.321		0.92861			4
2025.11.03	00:22:55.213		0.92849			4
2025.11.03	00:23:00.488	0.92707				2
2025.11.03	00:23:31.188	0.92708				2
2025.11.03	00:23:47.378		0.92850			4
2025.11.03	00:24:01.177	0.92708				2
2025.11.03	00:24:50.677		0.92850			4
2025.11.03	00:25:00.373	0.92708				2
2025.11.03	00:25:03.868		0.92851			4
2025.11.03	00:26:01.478	0.92708				2
2025.11.03	00:26:05.677		0.92851			4
2025.11.03	00:26:34.698		0.92852			4
2025.11.03	00:26:35.078		0.92853			4
2025.11.03	00:26:41.486	0.92721	0.92830			6
2025.11.03	00:26:44.907	0.92708	0.92853			6
2025.11.03	00:26:47.329		0.92854			4
2025.11.03	00:27:00.297	0.92708				2
2025.11.03	00:27:48.085		0.92854			4
2025.11.03	00:28:00.278	0.92708				2
2025.11.03	00:28:21.432		0.92852			4
2025.11.03	00:28:47.677		0.92851			4
2025.11.03	00:29:01.197	0.92708				2
2025.11.03	00:29:21.578		0.92850			4
2025.11.03	00:29:49.063	0.92681				2
2025.11.03	00:29:56.866	0.92665	0.92845			6
2025.11.03	00:30:00.303	0.92665	0.92848			6
2025.11.03	00:30:00.878		0.92847			4
2025.11.03	00:30:01.692	0.92674				2
2025.11.03	00:30:02.789	0.92676				2
2025.11.03	00:30:03.226	0.92675	0.92846			6
2025.11.03	00:30:03.594	0.92679	0.92847			6
2025.11.03	00:30:04.175	0.92665	0.92848			6
2025.11.03	00:30:04.605	0.92669	0.92847			6
2025.11.03	00:30:05.009	0.92674				2
2025.11.03	00:30:05.626	0.92665				2
2025.11.03	00:30:06.013	0.92685	0.92846			6
2025.11.03	00:30:06.578		0.92847			4
2025.11.03	00:30:07.074	0.92684				2
2025.11.03	00:30:07.777	0.92699				2
2025.11.03	00:30:08.080	0.92665	0.92846			6
2025.11.03	00:30:08.703		0.92849			4
2025.11.03	00:30:09.278		0.92848			4
2025.11.03	00:30:10.634	0.92677				2
2025.11.03	00:30:11.078	0.92689				2
2025.11.03	00:30:11.652	0.92665				2
2025.11.03	00:30:12.003	0.92675				2
2025.11.03	00:30:12.344	0.92681	0.92847			6
2025.11.03	00:30:12.651	0.92678				2
2025.11.03	00:30:13.151	0.92677	0.92848			6
2025.11.03	00:30:13.531	0.92665				2
2025.11.03	00:30:14.077	0.92668	0.92847			6
2025.11.03	00:30:14.632	0.92667				2
2025.11.03	00:30:15.126	0.92676				2
2025.11.03	00:30:15.576	0.92671	0.92849			6
2025.11.03	00:30:15.972	0.92672	0.92848			6
2025.11.03	00:30:16.347	0.92688				2
2025.11.03	00:30:16.676	0.92681				2
2025.11.03	00:30:17.079	0.92674				2
2025.11.03	00:30:17.579	0.92672	0.92847			6
2025.11.03	00:30:18.280	0.92665				2
2025.11.03	00:30:18.582	0.92671				2
2025.11.03	00:30:19.077		0.92848			4
2025.11.03	00:30:19.829		0.92847			4
2025.11.03	00:30:21.277	0.92665				2
2025.11.03	00:30:21.582	0.92671	0.92846			6
2025.11.03	00:30:23.578	0.92665	0.92847			6
2025.11.03	00:30:24.077	0.92672	0.92846			6
2025.11.03	00:30:24.576	0.92665	0.92847			6
2025.11.03	00:30:25.077	0.92671	0.92846			6
2025.11.03	00:30:25.477	0.92665				2
2025.11.03	00:30:26.076	0.92671				2
2025.11.03	00:30:26.561	0.92665	0.92847			6
2025.11.03	00:30:26.957	0.92677	0.92846			6
2025.11.03	00:30:27.577		0.92847			4
2025.11.03	00:30:27.956	0.92672				2
2025.11.03	00:30:28.789	0.92684	0.92843			6
2025.11.03	00:30:29.185	0.92669	0.92846			6
2025.11.03	00:30:29.789	0.92670				2
2025.11.03	00:30:30.991	0.92665	0.92845			6
2025.11.03	00:30:31.307	0.92685				2
2025.11.03	00:30:31.819	0.92669				2
2025.11.03	00:30:32.123	0.92677				2
2025.11.03	00:30:32.527	0.92669	0.92842			6
2025.11.03	00:30:32.834	0.92685	0.92843			6
2025.11.03	00:30:33.534		0.92842			4
2025.11.03	00:30:34.946	0.92699	0.92843			6
2025.11.03	00:30:36.277		0.92842			4
2025.11.03	00:30:36.952		0.92843			4
2025.11.03	00:30:37.477		0.92841			4
2025.11.03	00:30:37.825		0.92842			4
2025.11.03	00:30:39.236		0.92841			4
2025.11.03	00:30:39.576		0.92842			4
2025.11.03	00:30:40.570		0.92841			4
2025.11.03	00:30:41.523		0.92842			4
2025.11.03	00:30:43.790		0.92840			4
2025.11.03	00:30:44.098		0.92842			4
2025.11.03	00:30:44.521		0.92840			4
2025.11.03	00:30:45.014		0.92842			4
2025.11.03	00:30:45.516		0.92841			4
2025.11.03	00:30:46.279		0.92840			4
2025.11.03	00:30:46.585		0.92842			4
2025.11.03	00:30:47.015		0.92840			4
2025.11.03	00:30:47.322		0.92841			4
2025.11.03	00:30:49.022		0.92840			4
2025.11.03	00:30:50.077		0.92841			4
2025.11.03	00:30:54.418		0.92840			4
2025.11.03	00:30:54.739		0.92841			4
2025.11.03	00:30:57.729		0.92839			4
2025.11.03	00:30:58.177		0.92840			4
2025.11.03	00:30:58.712		0.92839			4
2025.11.03	00:30:59.078		0.92840			4
2025.11.03	00:30:59.697		0.92839			4
2025.11.03	00:31:00.196	0.92699	0.92840			6
2025.11.03	00:31:01.696		0.92839			4
2025.11.03	00:31:02.196		0.92840			4
2025.11.03	00:31:06.072		0.92839			4
2025.11.03	00:31:06.600		0.92840			4
2025.11.03	00:31:07.282		0.92838			4
2025.11.03	00:31:07.872		0.92841			4
2025.11.03	00:31:21.577		0.92846			4
2025.11.03	00:31:21.888		0.92851			4
2025.11.03	00:31:22.196		0.92850			4
2025.11.03	00:31:22.540		0.92853			4
2025.11.03	00:31:22.874		0.92856			4
2025.11.03	00:31:29.946	0.92691				2
2025.11.03	00:32:01.408	0.92691				2
2025.11.03	00:32:20.303		0.92852			4
2025.11.03	00:32:20.797		0.92851			4
2025.11.03	00:32:24.800	0.92695	0.92852			6
2025.11.03	00:32:25.810		0.92851			4
2025.11.03	00:32:26.804		0.92852			4
2025.11.03	00:32:27.804		0.92851			4
2025.11.03	00:32:29.965		0.92849			4
2025.11.03	00:32:40.061		0.92850			4
2025.11.03	00:32:44.077		0.92851			4
2025.11.03	00:32:50.977		0.92850			4
2025.11.03	00:33:01.178	0.92695				2
2025.11.03	00:33:19.949	0.92694				2
2025.11.03	00:33:22.340		0.92849			4
2025.11.03	00:33:24.277		0.92850			4
2025.11.03	00:33:55.479		0.92859			4
2025.11.03	00:34:00.936	0.92694				2
2025.11.03	00:34:55.979		0.92859			4
2025.11.03	00:35:00.277	0.92694				2
2025.11.03	00:35:35.977		0.92856			4
2025.11.03	00:35:36.341		0.92855			4
2025.11.03	00:35:36.910		0.92856			4
2025.11.03	00:35:38.105		0.92855			4
2025.11.03	00:35:40.165		0.92856			4
2025.11.03	00:35:41.577		0.92847			4
2025.11.03	00:35:44.111	0.92680				2
2025.11.03	00:35:46.777		0.92849			4
2025.11.03	00:35:47.234		0.92847			4
2025.11.03	00:35:49.929		0.92848			4
2025.11.03	00:35:51.619		0.92847			4
2025.11.03	00:35:51.932		0.92846			4
2025.11.03	00:35:55.305	0.92665				2
2025.11.03	00:35:55.624	0.92678				2
2025.11.03	00:36:00.452	0.92678				2
2025.11.03	00:36:01.696		0.92845			4
2025.11.03	00:36:03.427		0.92846			4
2025.11.03	00:36:36.208		0.92845			4
2025.11.03	00:36:41.582		0.92844			4
2025.11.03	00:37:01.456	0.92678				2
2025.11.03	00:37:22.777		0.92843			4
2025.11.03	00:37:43.178		0.92842			4
2025.11.03	00:38:01.407	0.92678				2
2025.11.03	00:38:34.059		0.92841			4
2025.11.03	00:39:00.410	0.92678	0.92840			6
2025.11.03	00:39:02.378		0.92841			4
2025.11.03	00:39:04.777		0.92840			4
2025.11.03	00:39:52.310		0.92839			4
2025.11.03	00:39:55.178		0.92840			4
2025.11.03	00:39:56.978		0.92839			4
2025.11.03	00:40:00.931	0.92678				2
2025.11.03	00:40:32.626		0.92840			4
2025.11.03	00:40:34.348		0.92839			4
2025.11.03	00:40:34.837		0.92840			4
2025.11.03	00:40:36.344		0.92838			4
2025.11.03	00:40:54.855		0.92840			4
2025.11.03	00:40:55.307		0.92838			4
2025.11.03	00:40:55.988	0.92676	0.92836			6
2025.11.03	00:40:57.877		0.92837			4
2025.11.03	00:41:00.330	0.92676				2
2025.11.03	00:41:08.718		0.92836			4
2025.11.03	00:41:09.025		0.92837			4
2025.11.03	00:41:15.316	0.92691				2
2025.11.03	00:41:21.288		0.92835			4
2025.11.03	00:41:28.104		0.92834			4
2025.11.03	00:41:28.408		0.92833			4
2025.11.03	00:41:28.731		0.92834			4
2025.11.03	00:41:29.105		0.92833			4
2025.11.03	00:41:30.320		0.92834			4
2025.11.03	00:41:32.077		0.92833			4
2025.11.03	00:41:37.099		0.92834			4
2025.11.03	00:41:37.608		0.92832			4
2025.11.03	00:41:40.102		0.92833			4
2025.11.03	00:41:41.099		0.92831			4
2025.11.03	00:41:45.987		0.92832			4
2025.11.03	00:41:52.777		0.92833			4
2025.11.03	00:41:54.099		0.92834			4
2025.11.03	00:41:54.577		0.92833			4
2025.11.03	00:41:59.230		0.92832			4
2025.11.03	00:42:00.577	0.92691				2
2025.11.03	00:42:05.989		0.92831			4
2025.11.03	00:42:10.178	0.92690				2
2025.11.03	00:42:12.011		0.92832			4
2025.11.03	00:42:12.676		0.92831			4
2025.11.03	00:42:14.977		0.92832			4
2025.11.03	00:42:19.346		0.92831			4
2025.11.03	00:42:19.777		0.92830			4
2025.11.03	00:42:27.104		0.92831			4
2025.11.03	00:42:28.103		0.92830			4
2025.11.03	00:42:42.907		0.92831			4
2025.11.03	00:42:43.606		0.92832			4
2025.11.03	00:42:44.039		0.92830			4
2025.11.03	00:42:57.194		0.92831			4
2025.11.03	00:42:58.636		0.92832			4
2025.11.03	00:43:00.877	0.92690				2
2025.11.03	00:43:05.317	0.92692				2
2025.11.03	00:43:10.617		0.92833			4
2025.11.03	00:43:10.917		0.92832			4
2025.11.03	00:43:12.202		0.92833			4
2025.11.03	00:43:14.833		0.92832			4
2025.11.03	00:43:18.336		0.92833			4
2025.11.03	00:43:19.053		0.92832			4
2025.11.03	00:43:25.178		0.92833			4
2025.11.03	00:43:28.976		0.92832			4
2025.11.03	00:43:33.603		0.92831			4
2025.11.03	00:43:34.537	0.92677	0.92867			6
2025.11.03	00:43:34.838		0.92874			4
2025.11.03	00:43:36.341		0.92873			4
2025.11.03	00:43:37.274		0.92872			4
2025.11.03	00:43:38.677		0.92871			4
2025.11.03	00:43:40.318		0.92870			4
2025.11.03	00:43:41.473		0.92869			4
2025.11.03	00:43:42.877		0.92868			4
2025.11.03	00:43:43.611	0.92694	0.92851			6
2025.11.03	00:43:45.877		0.92850			4
2025.11.03	00:43:48.277		0.92849			4
2025.11.03	00:43:49.324	0.92696	0.92832			6
2025.11.03	00:43:51.138		0.92833			4
2025.11.03	00:43:51.826		0.92832			4
2025.11.03	00:43:52.323		0.92833			4
2025.11.03	00:43:52.777		0.92832			4
2025.11.03	00:43:53.323		0.92833			4
2025.11.03	00:43:53.678		0.92832			4
2025.11.03	00:43:55.823		0.92831			4
2025.11.03	00:43:56.328		0.92833			4
2025.11.03	00:43:56.823		0.92832			4
2025.11.03	00:43:57.326		0.92833			4
2025.11.03	00:43:57.773		0.92832			4
2025.11.03	00:43:58.823		0.92831			4
2025.11.03	00:44:00.323	0.92696	0.92832			6
2025.11.03	00:44:00.823		0.92831			4
2025.11.03	00:44:01.227		0.92832			4
2025.11.03	00:44:02.234	0.92685	0.92838			6
2025.11.03	00:44:02.705		0.92839			4
2025.11.03	00:44:03.183		0.92838			4
2025.11.03	00:44:05.456		0.92839			4
2025.11.03	00:44:06.911		0.92834			4
2025.11.03	00:44:07.249		0.92833			4
2025.11.03	00:44:07.600		0.92834			4
2025.11.03	00:44:10.141	0.92696	0.92833			6
2025.11.03	00:44:11.136		0.92832			4
2025.11.03	00:44:11.556		0.92829			4
2025.11.03	00:44:12.577		0.92830			4
2025.11.03	00:44:13.900		0.92831			4
2025.11.03	00:44:14.238		0.92832			4
2025.11.03	00:44:14.966		0.92833			4
2025.11.03	00:44:17.330		0.92831			4
2025.11.03	00:44:17.834		0.92829			4
2025.11.03	00:44:19.408		0.92830			4
2025.11.03	00:44:30.372		0.92829			4
2025.11.03	00:44:30.874		0.92830			4
2025.11.03	00:44:31.373		0.92829			4
2025.11.03	00:44:32.978		0.92830			4
2025.11.03	00:44:34.491		0.92831			4
2025.11.03	00:44:36.577		0.92830			4
2025.11.03	00:44:48.580		0.92831			4
2025.11.03	00:44:57.336		0.92832			4
2025.11.03	00:45:00.863	0.92696	0.92829			6
2025.11.03	00:45:01.214		0.92827			4
2025.11.03	00:45:01.852		0.92828			4
2025.11.03	00:45:02.369		0.92827			4
2025.11.03	00:45:02.817		0.92828			4
2025.11.03	00:45:03.119	0.92723	0.92827			6
2025.11.03	00:45:06.528	0.92692	0.92823			6
2025.11.03	00:45:07.070		0.92824			4
2025.11.03	00:45:08.067		0.92826			4
2025.11.03	00:45:08.408		0.92823			4
2025.11.03	00:45:08.746		0.92825			4
2025.11.03	00:45:10.977	0.92710	0.92807			6
2025.11.03	00:45:13.681	0.92719	0.92806			6
2025.11.03	00:45:14.237	0.92710	0.92804			6
2025.11.03	00:45:14.638		0.92806			4
2025.11.03	00:45:14.947		0.92805			4
2025.11.03	00:45:16.477		0.92804			4
2025.11.03	00:45:17.838		0.92803			4
2025.11.03	00:45:24.110	0.92711	0.92805			6
2025.11.03	00:45:24.485		0.92806			4
2025.11.03	00:45:30.813	0.92710	0.92808			6
2025.11.03	00:45:31.126		0.92807			4
2025.11.03	00:45:31.529	0.92711				2
2025.11.03	00:45:32.103		0.92806			4
2025.11.03	00:45:33.392	0.92710				2
2025.11.03	00:45:35.029		0.92805			4
2025.11.03	00:46:00.394	0.92710				2
2025.11.03	00:46:06.854		0.92807			4
2025.11.03	00:46:19.299		0.92808			4
2025.11.03	00:46:20.039		0.92809			4
2025.11.03	00:46:26.323		0.92815			4
2025.11.03	00:46:27.578		0.92809			4
2025.11.03	00:46:28.326		0.92815			4
2025.11.03	00:46:29.973		0.92814			4
2025.11.03	00:46:31.816		0.92813			4
2025.11.03	00:46:32.197		0.92808			4
2025.11.03	00:46:32.694		0.92814			4
2025.11.03	00:46:33.199		0.92813			4
2025.11.03	00:46:33.577		0.92814			4
2025.11.03	00:46:34.115	0.92720	0.92821			6
2025.11.03	00:46:34.419	0.92719	0.92823			6
2025.11.03	00:46:34.753	0.92716	0.92826			6
2025.11.03	00:46:35.271	0.92717	0.92825			6
2025.11.03	00:46:35.770	0.92718	0.92824			6
2025.11.03	00:46:36.270	0.92719				2
2025.11.03	00:46:36.719	0.92717	0.92826			6
2025.11.03	00:46:37.404	0.92713	0.92823			6
2025.11.03	00:46:40.037	0.92714	0.92822			6
2025.11.03	00:46:41.823	0.92713	0.92823			6
2025.11.03	00:46:43.320	0.92714	0.92822			6
2025.11.03	00:46:44.323	0.92713	0.92823			6
2025.11.03	00:46:44.820	0.92714				2
2025.11.03	00:46:45.322		0.92822			4
2025.11.03	00:46:45.818	0.92717	0.92823			6
2025.11.03	00:46:46.132	0.92719	0.92822			6
2025.11.03	00:46:46.567	0.92718				2
2025.11.03	00:46:47.818	0.92719				2
2025.11.03	00:46:48.277	0.92718				2
2025.11.03	00:46:48.627	0.92719	0.92821			6
2025.11.03	00:46:49.318		0.92822			4
2025.11.03	00:46:50.324	0.92718				2
2025.11.03	00:46:50.819	0.92719	0.92821			6
2025.11.03	00:46:52.318	0.92718	0.92822			6
2025.11.03	00:46:56.076		0.92823			4
2025.11.03	00:47:03.153	0.92680	0.92861			6
2025.11.03	00:47:05.664	0.92678	0.92860			6
2025.11.03	00:47:06.315	0.92717	0.92823			6
2025.11.03	00:47:11.067		0.92824			4
2025.11.03	00:47:15.878	0.92716				2
2025.11.03	00:47:17.698	0.92717				2
2025.11.03	00:47:18.276		0.92823			4
2025.11.03	00:47:20.321	0.92718				2
2025.11.03	00:47:20.922	0.92717				2
2025.11.03	00:47:26.131		0.92824			4
2025.11.03	00:47:29.190	0.92720	0.92820			6
2025.11.03	00:47:32.139	0.92718	0.92822			6
2025.11.03	00:47:34.607	0.92717	0.92823			6
2025.11.03	00:47:35.840	0.92716	0.92824			6
2025.11.03	00:47:36.173	0.92717	0.92823			6
2025.11.03	00:47:40.035	0.92715	0.92825			6
2025.11.03	00:47:40.415	0.92714	0.92826			6
2025.11.03	00:47:41.108	0.92715	0.92825			6
2025.11.03	00:47:41.606	0.92714	0.92826			6
2025.11.03	00:47:42.577	0.92716	0.92824			6
2025.11.03	00:47:43.106	0.92715	0.92825			6
2025.11.03	00:47:43.606	0.92716	0.92824			6
2025.11.03	00:47:43.945	0.92715	0.92825			6
2025.11.03	00:47:45.609	0.92717	0.92823			6
2025.11.03	00:47:46.108	0.92714	0.92826			6
2025.11.03	00:47:46.792	0.92715	0.92825			6
2025.11.03	00:47:51.729	0.92714	0.92826			6
2025.11.03	00:47:53.800	0.92708	0.92832			6
2025.11.03	00:47:54.304	0.92707	0.92833			6
2025.11.03	00:47:54.785	0.92706	0.92834			6
2025.11.03	00:47:56.717	0.92707	0.92833			6
2025.11.03	00:47:57.218	0.92706	0.92834			6
2025.11.03	00:47:58.218	0.92705				2
2025.11.03	00:48:00.131	0.92705	0.92835			6
2025.11.03	00:48:01.042	0.92704				2
2025.11.03	00:48:01.410	0.92705				2
2025.11.03	00:48:02.454	0.92706	0.92834			6
2025.11.03	00:48:03.455	0.92707	0.92833			6
2025.11.03	00:48:04.777	0.92708	0.92832			6
2025.11.03	00:48:05.093	0.92707				2
2025.11.03	00:48:05.399		0.92833			4
2025.11.03	00:48:06.453	0.92708	0.92832			6
2025.11.03	00:48:06.811	0.92707	0.92833			6
2025.11.03	00:48:08.453	0.92708	0.92832			6
2025.11.03	00:48:08.767	0.92709	0.92831			6
2025.11.03	00:48:09.954	0.92708	0.92832			6
2025.11.03	00:48:10.856	0.92709	0.92831			6
2025.11.03	00:48:11.453	0.92708	0.92832			6
2025.11.03	00:48:13.454	0.92709	0.92831			6
2025.11.03	00:48:13.790	0.92710	0.92830			6
2025.11.03	00:48:15.454	0.92711	0.92829			6
2025.11.03	00:48:15.954	0.92709	0.92831			6
2025.11.03	00:48:16.456	0.92710	0.92830			6
2025.11.03	00:48:16.807	0.92708	0.92832			6
2025.11.03	00:48:20.453	0.92710	0.92830			6
2025.11.03	00:48:20.952	0.92709	0.92831			6
2025.11.03	00:48:21.937	0.92708	0.92832			6
2025.11.03	00:48:22.455	0.92709	0.92831			6
2025.11.03	00:48:22.953	0.92708	0.92832			6
2025.11.03	00:48:26.454		0.92831			4
2025.11.03	00:48:26.954		0.92832			4
2025.11.03	00:48:27.454		0.92831			4
2025.11.03	00:48:28.352	0.92710	0.92830			6
2025.11.03	00:48:29.123	0.92709	0.92831			6
2025.11.03	00:48:30.955	0.92708	0.92832			6
2025.11.03	00:48:33.454		0.92831			4
2025.11.03	00:48:33.953		0.92832			4
2025.11.03	00:48:34.454		0.92831			4
2025.11.03	00:48:34.954		0.92832			4
2025.11.03	00:48:35.818	0.92709	0.92831			6
2025.11.03	00:48:37.453	0.92710	0.92830			6
2025.11.03	00:48:37.765	0.92709	0.92831			6
2025.11.03	00:48:38.953	0.92708	0.92832			6
2025.11.03	00:48:39.452	0.92709	0.92831			6
2025.11.03	00:48:40.756	0.92708				2
2025.11.03	00:48:41.553	0.92709				2
2025.11.03	00:48:42.454	0.92710	0.92830			6
2025.11.03	00:48:43.253	0.92709	0.92831			6
2025.11.03	00:48:46.265	0.92711	0.92829			6
2025.11.03	00:48:46.592	0.92710	0.92830			6
2025.11.03	00:48:48.253	0.92711	0.92829			6
2025.11.03	00:48:48.753	0.92709	0.92831			6
2025.11.03	00:48:49.057	0.92708	0.92832			6
2025.11.03	00:48:49.452	0.92710	0.92830			6
2025.11.03	00:48:50.954	0.92709	0.92831			6
2025.11.03	00:48:51.954	0.92708	0.92832			6
2025.11.03	00:48:52.953	0.92710	0.92830			6
2025.11.03	00:48:53.324	0.92709	0.92831			6
2025.11.03	00:48:54.764	0.92708	0.92832			6
2025.11.03	00:48:56.758	0.92707	0.92833			6
2025.11.03	00:48:57.454	0.92708	0.92832			6
2025.11.03	00:48:57.807	0.92709	0.92831			6
2025.11.03	00:48:58.178	0.92708	0.92832			6
2025.11.03	00:48:58.559	0.92709	0.92831			6
2025.11.03	00:48:59.397	0.92708				2
2025.11.03	00:48:59.954		0.92832			4
2025.11.03	00:49:00.425	0.92708				2
2025.11.03	00:49:01.453	0.92709	0.92831			6
2025.11.03	00:49:04.453	0.92711	0.92829			6
2025.11.03	00:49:04.793	0.92710	0.92830			6
2025.11.03	00:49:05.954	0.92709	0.92831			6
2025.11.03	00:49:07.821	0.92708	0.92832			6
2025.11.03	00:49:08.856	0.92709	0.92831			6
2025.11.03	00:49:11.786	0.92708				2
2025.11.03	00:49:12.454	0.92709				2
2025.11.03	00:49:14.396	0.92713	0.92827			6
2025.11.03	00:49:14.752	0.92709	0.92831			6
2025.11.03	00:49:15.387	0.92712	0.92828			6
2025.11.03	00:49:15.816	0.92710	0.92830			6
2025.11.03	00:49:16.390	0.92713	0.92827			6
2025.11.03	00:49:16.692	0.92711	0.92829			6
2025.11.03	00:49:17.028	0.92709	0.92831			6
2025.11.03	00:49:17.398	0.92711	0.92829			6
2025.11.03	00:49:17.900	0.92710	0.92830			6
2025.11.03	00:49:18.397	0.92712	0.92828			6
2025.11.03	00:49:18.754	0.92710	0.92830			6
2025.11.03	00:49:19.271	0.92711	0.92829			6
2025.11.03	00:49:19.899	0.92709	0.92831			6
2025.11.03	00:49:20.399	0.92713	0.92827			6
2025.11.03	00:49:20.899	0.92709	0.92831			6
2025.11.03	00:49:21.400	0.92713	0.92827			6
2025.11.03	00:49:21.772	0.92709	0.92831			6
2025.11.03	00:49:22.399	0.92712	0.92828			6
2025.11.03	00:49:22.707	0.92709	0.92831			6
2025.11.03	00:49:23.400	0.92712	0.92828			6
2025.11.03	00:49:23.900	0.92707	0.92833			6
2025.11.03	00:49:24.399	0.92712	0.92828			6
2025.11.03	00:49:24.876	0.92708	0.92832			6
2025.11.03	00:49:25.211	0.92712	0.92828			6
2025.11.03	00:49:25.900	0.92709	0.92831			6
2025.11.03	00:49:26.310	0.92711	0.92829			6
2025.11.03	00:49:26.707	0.92710	0.92830			6
2025.11.03	00:49:27.030	0.92708	0.92832			6
2025.11.03	00:49:27.399	0.92711	0.92829			6
2025.11.03	00:49:27.705	0.92708	0.92832			6
2025.11.03	00:49:28.397	0.92711	0.92829			6
2025.11.03	00:49:28.811	0.92709	0.92831			6
2025.11.03	00:49:29.207	0.92713	0.92827			6
2025.11.03	00:49:29.901	0.92707	0.92833			6
2025.11.03	00:49:30.400	0.92711	0.92829			6
2025.11.03	00:49:30.900	0.92708	0.92832			6
2025.11.03	00:49:31.399	0.92711	0.92829			6
2025.11.03	00:49:31.705	0.92708	0.92832			6
2025.11.03	00:49:32.400	0.92713	0.92827			6
2025.11.03	00:49:32.900	0.92709	0.92831			6
2025.11.03	00:49:33.277	0.92711	0.92829			6
2025.11.03	00:49:33.900	0.92708	0.92832			6
2025.11.03	00:49:34.313	0.92712	0.92828			6
2025.11.03	00:49:34.692	0.92709	0.92831			6
2025.11.03	00:49:35.022	0.92708	0.92832			6
2025.11.03	00:49:35.397	0.92711	0.92829			6
2025.11.03	00:49:35.754	0.92709	0.92831			6
2025.11.03	00:49:36.398	0.92712	0.92828			6
2025.11.03	00:49:36.899	0.92707	0.92833			6
2025.11.03	00:49:37.399	0.92711	0.92829			6
2025.11.03	00:49:37.753	0.92708	0.92832			6
2025.11.03	00:49:38.400	0.92711	0.92829			6
2025.11.03	00:49:38.756	0.92709	0.92831			6
2025.11.03	00:49:39.133	0.92711	0.92829			6
2025.11.03	00:49:39.454	0.92712	0.92828			6
2025.11.03	00:49:39.825	0.92709	0.92831			6
2025.11.03	00:49:40.953	0.92708	0.92832			6
2025.11.03	00:49:41.453	0.92707	0.92833			6
2025.11.03	00:49:43.456		0.92832			4
2025.11.03	00:49:43.956		0.92833			4
2025.11.03	00:49:45.278	0.92706	0.92834			6
2025.11.03	00:49:45.594	0.92708	0.92832			6
2025.11.03	00:49:45.958	0.92707	0.92833			6
2025.11.03	00:49:46.454	0.92708	0.92832			6
2025.11.03	00:49:46.954	0.92707	0.92833			6
2025.11.03	00:49:48.453	0.92706	0.92834			6
2025.11.03	00:49:50.454	0.92707	0.92833			6
2025.11.03	00:49:52.454	0.92708	0.92832			6
2025.11.03	00:49:53.254	0.92706	0.92834			6
2025.11.03	00:49:54.454	0.92707	0.92833			6
2025.11.03	00:49:55.806	0.92706				2
2025.11.03	00:49:56.953		0.92834			4
2025.11.03	00:49:57.452	0.92707	0.92833			6
2025.11.03	00:49:59.953	0.92706				2
2025.11.03	00:50:00.453	0.92706				2
2025.11.03	00:50:00.953		0.92834			4
2025.11.03	00:50:01.454	0.92707	0.92833			6
2025.11.03	00:50:02.805	0.92706	0.92834			6
2025.11.03	00:50:04.456	0.92707	0.92833			6
2025.11.03	00:50:04.955	0.92706	0.92834			6
2025.11.03	00:50:05.454	0.92707	0.92833			6
2025.11.03	00:50:06.454	0.92703				2
2025.11.03	00:50:07.954	0.92702	0.92834			6
2025.11.03	00:50:09.454	0.92703	0.92833			6
2025.11.03	00:50:09.756	0.92702	0.92834			6
2025.11.03	00:50:11.454	0.92703	0.92833			6
2025.11.03	00:50:11.805	0.92702	0.92834			6
2025.11.03	00:50:12.374	0.92703	0.92833			6
2025.11.03	00:50:12.955	0.92702	0.92834			6
2025.11.03	00:50:13.456	0.92703	0.92833			6
2025.11.03	00:50:14.755		0.92834			4
2025.11.03	00:50:15.954		0.92833			4
2025.11.03	00:50:16.954	0.92702	0.92834			6
2025.11.03	00:50:17.455	0.92703	0.92833			6
2025.11.03	00:50:17.806	0.92706				2
2025.11.03	00:50:18.455	0.92707				2
2025.11.03	00:50:18.954	0.92706	0.92834			6
2025.11.03	00:50:20.455	0.92707	0.92833			6
2025.11.03	00:50:20.955	0.92706	0.92834			6
2025.11.03	00:50:22.281	0.92707	0.92833			6
2025.11.03	00:50:25.955	0.92706	0.92834			6
2025.11.03	00:50:27.455	0.92707	0.92833			6
2025.11.03	00:50:27.954	0.92706	0.92834			6
2025.11.03	00:50:29.455	0.92707	0.92833			6
2025.11.03	00:50:29.955	0.92706	0.92834			6
2025.11.03	00:50:30.954	0.92707	0.92833			6
2025.11.03	00:50:31.954	0.92706	0.92834			6
2025.11.03	00:50:33.455	0.92707	0.92833			6
2025.11.03	00:50:34.953	0.92706	0.92834			6
2025.11.03	00:50:36.277	0.92707	0.92833			6
2025.11.03	00:50:36.955	0.92706	0.92834			6
2025.11.03	00:50:37.454		0.92833			4
2025.11.03	00:50:37.955	0.92707				2
2025.11.03	00:50:38.955	0.92706	0.92834			6
2025.11.03	00:50:39.905	0.92705	0.92835			6
2025.11.03	00:50:40.455	0.92706	0.92834			6
2025.11.03	00:50:42.454	0.92707	0.92833			6
2025.11.03	00:50:42.954	0.92706	0.92834			6
2025.11.03	00:50:43.453	0.92712	0.92831			6
2025.11.03	00:50:43.759	0.92710	0.92832			6
2025.11.03	00:50:44.936	0.92708	0.92834			6
2025.11.03	00:50:45.245	0.92711	0.92831			6
2025.11.03	00:50:45.935	0.92709	0.92832			6
2025.11.03	00:50:46.437	0.92711	0.92831			6
2025.11.03	00:50:46.936	0.92709	0.92832			6
2025.11.03	00:50:47.404		0.92831			4
2025.11.03	00:50:47.938	0.92708	0.92832			6
2025.11.03	00:50:48.438	0.92709	0.92831			6
2025.11.03	00:50:49.939		0.92832			4
2025.11.03	00:50:50.937	0.92715	0.92834			6
2025.11.03	00:50:51.256	0.92717	0.92835			6
2025.11.03	00:50:53.023	0.92716	0.92836			6
2025.11.03	00:50:53.565	0.92717	0.92835			6
2025.11.03	00:50:54.062	0.92715	0.92836			6
2025.11.03	00:50:54.563	0.92716	0.92835			6
2025.11.03	00:50:55.063	0.92715	0.92837			6
2025.11.03	00:50:55.562	0.92717	0.92835			6
2025.11.03	00:50:56.066	0.92715	0.92837			6
2025.11.03	00:50:56.376	0.92716	0.92836			6
2025.11.03	00:50:57.562	0.92717	0.92834			6
2025.11.03	00:50:57.879	0.92715	0.92836			6
2025.11.03	00:50:58.180	0.92717	0.92835			6
2025.11.03	00:50:59.062	0.92715	0.92837			6
2025.11.03	00:50:59.563	0.92717	0.92835			6
2025.11.03	00:50:59.897		0.92836			4
2025.11.03	00:51:00.313	0.92718	0.92835			6
2025.11.03	00:51:01.062	0.92717	0.92836			6
2025.11.03	00:51:01.678	0.92718	0.92835			6
2025.11.03	00:51:02.064	0.92717	0.92837			6
2025.11.03	00:51:02.566		0.92836			4
2025.11.03	00:51:03.566	0.92718				2
2025.11.03	00:51:04.064	0.92717				2
2025.11.03	00:51:04.373	0.92721				2
2025.11.03	00:51:05.566	0.92722	0.92835			6
2025.11.03	00:51:06.061	0.92721	0.92836			6
2025.11.03	00:51:06.566	0.92722				2
2025.11.03	00:51:08.977	0.92721				2
2025.11.03	00:51:10.005	0.92720				2
2025.11.03	00:51:11.061	0.92721	0.92835			6
2025.11.03	00:51:12.066	0.92719	0.92837			6
2025.11.03	00:51:12.563	0.92721	0.92835			6
2025.11.03	00:51:13.065	0.92720	0.92836			6
2025.11.03	00:51:13.565	0.92721	0.92835			6
2025.11.03	00:51:14.061	0.92720	0.92836			6
2025.11.03	00:51:15.563	0.92721	0.92835			6
2025.11.03	00:51:16.566	0.92719	0.92837			6
2025.11.03	00:51:16.877	0.92729	0.92839			6
2025.11.03	00:51:18.063	0.92727	0.92840			6
2025.11.03	00:51:18.376	0.92728				2
2025.11.03	00:51:19.063		0.92839			4
2025.11.03	00:51:20.046	0.92729	0.92838			6
2025.11.03	00:51:20.566		0.92840			4
2025.11.03	00:51:20.905	0.92728				2
2025.11.03	00:51:21.561	0.92729				2
2025.11.03	00:51:22.066	0.92728				2
2025.11.03	00:51:23.377	0.92729				2
2025.11.03	00:51:24.063	0.92728				2
2025.11.03	00:51:24.566	0.92729				2
2025.11.03	00:51:25.064	0.92728				2
2025.11.03	00:51:26.378	0.92729	0.92839			6
2025.11.03	00:51:26.932	0.92728	0.92840			6
2025.11.03	00:51:28.578	0.92759				2
2025.11.03	00:51:28.932	0.92740				2
2025.11.03	00:51:29.437	0.92739	0.92841			6
2025.11.03	00:51:30.418	0.92737	0.92842			6
2025.11.03	00:51:30.786	0.92738				2
2025.11.03	00:51:32.907	0.92739	0.92841			6
2025.11.03	00:51:34.563	0.92738	0.92842			6
2025.11.03	00:51:38.133	0.92737				2
2025.11.03	00:51:38.437	0.92698	0.92844			6
2025.11.03	00:51:38.742		0.92842			4
2025.11.03	00:51:39.373		0.92843			4
2025.11.03	00:51:41.677	0.92699	0.92842			6
2025.11.03	00:51:43.039	0.92698				2
2025.11.03	00:51:47.052		0.92841			4
2025.11.03	00:51:48.697	0.92768	0.92843			6
2025.11.03	00:51:50.686	0.92769	0.92842			6
2025.11.03	00:51:51.117	0.92768	0.92843			6
2025.11.03	00:51:52.687		0.92842			4
2025.11.03	00:51:53.137		0.92843			4
2025.11.03	00:51:57.646		0.92842			4
2025.11.03	00:51:58.177		0.92843			4
2025.11.03	00:51:59.628	0.92769	0.92842			6
2025.11.03	00:52:00.712	0.92767				2
2025.11.03	00:52:02.378	0.92775	0.92843			6
2025.11.03	00:52:03.567		0.92842			4
2025.11.03	00:52:07.478	0.92776	0.92841			6
2025.11.03	00:52:07.926	0.92775	0.92842			6
2025.11.03	00:52:09.716	0.92776				2
2025.11.03	00:52:12.278	0.92775				2
2025.11.03	00:52:13.634	0.92776	0.92841			6
2025.11.03	00:52:14.136		0.92842			4
2025.11.03	00:52:17.677		0.92841			4
2025.11.03	00:52:18.636	0.92777	0.92840			6
2025.11.03	00:52:19.488	0.92776	0.92841			6
2025.11.03	00:52:24.566	0.92775	0.92842			6
2025.11.03	00:52:25.890	0.92776	0.92841			6
2025.11.03	00:52:27.877		0.92842			4
2025.11.03	00:52:30.065		0.92841			4
2025.11.03	00:52:35.377		0.92842			4
2025.11.03	00:52:36.066		0.92841			4
2025.11.03	00:52:57.565	0.92777	0.92840			6
2025.11.03	00:52:58.568	0.92776	0.92841			6
2025.11.03	00:53:00.064	0.92776				2
2025.11.03	00:53:02.430	0.92780				2
2025.11.03	00:53:14.978	0.92779				2
2025.11.03	00:53:15.878	0.92780				2
2025.11.03	00:53:18.065		0.92840			4
2025.11.03	00:53:19.477	0.92779	0.92841			6
2025.11.03	00:53:20.566	0.92780				2
2025.11.03	00:53:21.063	0.92779				2
2025.11.03	00:53:22.478	0.92780				2
2025.11.03	00:53:24.064	0.92779				2
2025.11.03	00:53:27.562	0.92780				2
2025.11.03	00:53:32.567		0.92840			4
2025.11.03	00:53:34.045		0.92841			4
2025.11.03	00:53:34.567		0.92840			4
2025.11.03	00:53:36.568	0.92781				2
2025.11.03	00:53:40.478	0.92780				2
2025.11.03	00:53:44.940	0.92782	0.92839			6
2025.11.03	00:53:45.404	0.92780	0.92837			6
2025.11.03	00:53:46.394	0.92782	0.92835			6
2025.11.03	00:53:46.886	0.92783	0.92834			6
2025.11.03	00:53:47.377		0.92833			4
2025.11.03	00:53:47.716	0.92785				2
2025.11.03	00:53:48.065	0.92784				2
2025.11.03	00:53:50.562	0.92785				2
2025.11.03	00:53:51.395	0.92779	0.92838			6
2025.11.03	00:53:52.565	0.92780				2
2025.11.03	00:53:54.007	0.92783	0.92839			6
2025.11.03	00:53:54.565	0.92784				2
2025.11.03	00:53:55.065	0.92782				2
2025.11.03	00:53:55.566	0.92783				2
2025.11.03	00:53:56.064	0.92781	0.92840			6
2025.11.03	00:54:00.065	0.92782	0.92839			6
2025.11.03	00:54:05.050	0.92781				2
2025.11.03	00:54:07.565	0.92782				2
2025.11.03	00:54:09.066	0.92783	0.92838			6
2025.11.03	00:54:09.487	0.92784	0.92837			6
2025.11.03	00:54:11.064	0.92785				2
2025.11.03	00:54:14.564		0.92836			4
2025.11.03	00:54:15.066		0.92837			4
2025.11.03	00:54:21.564	0.92766				2
2025.11.03	00:54:22.565	0.92765				2
2025.11.03	00:54:25.565	0.92766				2
2025.11.03	00:54:26.064		0.92836			4
2025.11.03	00:54:26.567	0.92765	0.92837			6
2025.11.03	00:54:27.877	0.92766				2
2025.11.03	00:54:29.064		0.92836			4
2025.11.03	00:54:30.565		0.92837			4
2025.11.03	00:54:31.565	0.92767	0.92836			6
2025.11.03	00:54:32.047	0.92766				2
2025.11.03	00:54:35.377		0.92837			4
2025.11.03	00:54:36.877	0.92765				2
2025.11.03	00:54:38.565	0.92766	0.92836			6
2025.11.03	00:54:38.984	0.92765	0.92837			6
2025.11.03	00:54:39.565	0.92766				2
2025.11.03	00:54:40.064		0.92836			4
2025.11.03	00:54:40.567		0.92837			4
2025.11.03	00:54:41.046		0.92836			4
2025.11.03	00:54:41.407	0.92767				2
2025.11.03	00:54:42.065	0.92766				2
2025.11.03	00:54:42.566	0.92767				2
2025.11.03	00:54:42.905	0.92768				2
2025.11.03	00:54:44.941	0.92767				2
2025.11.03	00:54:45.566	0.92768				2
2025.11.03	00:54:46.065	0.92767				2
2025.11.03	00:54:46.565	0.92766				2
2025.11.03	00:54:48.066	0.92765				2
2025.11.03	00:54:48.568	0.92766				2
2025.11.03	00:54:49.278	0.92767	0.92835			6
2025.11.03	00:54:49.640		0.92836			4
2025.11.03	00:54:50.066	0.92766	0.92835			6
2025.11.03	00:54:50.565	0.92767	0.92836			6
2025.11.03	00:54:51.064	0.92766				2
2025.11.03	00:54:54.565		0.92837			4
2025.11.03	00:54:55.066		0.92836			4
2025.11.03	00:54:55.478	0.92767				2
2025.11.03	00:54:56.377		0.92835			4
2025.11.03	00:54:57.565	0.92766				2
2025.11.03	00:54:58.066	0.92765	0.92836			6
2025.11.03	00:54:58.567	0.92766				2
2025.11.03	00:54:59.547	0.92765	0.92837			6
2025.11.03	00:54:59.976	0.92766	0.92836			6
2025.11.03	00:55:00.564	0.92766				2
2025.11.03	00:55:03.567		0.92835			4
2025.11.03	00:55:04.066		0.92836			4
2025.11.03	00:55:05.973		0.92835			4
2025.11.03	00:55:06.569	0.92767				2
2025.11.03	00:55:08.565	0.92765	0.92836			6
2025.11.03	00:55:09.566	0.92766				2
2025.11.03	00:55:10.566	0.92767	0.92835			6
2025.11.03	00:55:11.065	0.92768				2
2025.11.03	00:55:12.066	0.92766	0.92836			6
2025.11.03	00:55:13.874		0.92835			4
2025.11.03	00:55:14.567	0.92767	0.92836			6
2025.11.03	00:55:16.065	0.92766				2
2025.11.03	00:55:16.565	0.92767	0.92835			6
2025.11.03	00:55:17.065	0.92766	0.92836			6
2025.11.03	00:55:17.565	0.92767	0.92835			6
2025.11.03	00:55:18.065	0.92766	0.92836			6
2025.11.03	00:55:19.068	0.92767				2
2025.11.03	00:55:20.377	0.92766				2
2025.11.03	00:55:20.933	0.92767	0.92835			6
2025.11.03	00:55:22.066		0.92836			4
2025.11.03	00:55:23.066		0.92835			4
2025.11.03	00:55:23.377	0.92766				2
2025.11.03	00:55:24.063		0.92836			4
2025.11.03	00:55:24.565	0.92767	0.92835			6
2025.11.03	00:55:24.876	0.92766	0.92836			6
2025.11.03	00:55:27.565		0.92835			4
2025.11.03	00:55:28.066		0.92836			4
2025.11.03	00:55:30.566		0.92835			4
2025.11.03	00:55:32.065		0.92836			4
2025.11.03	00:55:33.065		0.92835			4
2025.11.03	00:55:34.065		0.92836			4
2025.11.03	00:55:34.565		0.92835			4
2025.11.03	00:55:35.048		0.92836			4
2025.11.03	00:55:35.566	0.92767	0.92835			6
2025.11.03	00:55:36.064	0.92766				2
2025.11.03	00:55:37.065		0.92836			4
2025.11.03	00:55:38.565	0.92767	0.92835			6
2025.11.03	00:55:39.066	0.92766	0.92836			6
2025.11.03	00:55:41.066		0.92835			4
2025.11.03	00:55:42.567		0.92836			4
2025.11.03	00:55:43.566	0.92767	0.92835			6
2025.11.03	00:55:44.978	0.92766				2
2025.11.03	00:55:45.567	0.92768				2
2025.11.03	00:55:46.066	0.92766				2
2025.11.03	00:55:46.477	0.92767				2
2025.11.03	00:55:47.064	0.92766				2
2025.11.03	00:55:47.508		0.92836			4
2025.11.03	00:55:47.957	0.92767				2
2025.11.03	00:55:49.068	0.92766	0.92835			6
2025.11.03	00:55:49.564	0.92767	0.92836			6
2025.11.03	00:55:51.067	0.92766	0.92835			6
2025.11.03	00:55:51.566	0.92767				2
2025.11.03	00:55:52.066	0.92766				2
2025.11.03	00:55:52.565	0.92768				2
2025.11.03	00:55:53.066	0.92766				2
2025.11.03	00:55:54.566	0.92768				2
2025.11.03	00:55:55.066	0.92766	0.92836			6
2025.11.03	00:55:55.567	0.92768	0.92835			6
2025.11.03	00:55:56.065	0.92766				2
2025.11.03	00:55:56.567	0.92768				2
2025.11.03	00:55:57.067	0.92766				2
2025.11.03	00:55:57.567	0.92768				2
2025.11.03	00:55:58.066	0.92766				2
2025.11.03	00:55:58.566	0.92768				2
2025.11.03	00:55:59.065	0.92767	0.92836			6
2025.11.03	00:56:00.066	0.92767				2
2025.11.03	00:56:00.567	0.92765				2
2025.11.03	00:56:01.066	0.92767				2
2025.11.03	00:56:02.064		0.92835			4
2025.11.03	00:56:03.067		0.92836			4
2025.11.03	00:56:06.065	0.92768	0.92835			6
2025.11.03	00:56:09.012	0.92769	0.92834			6
2025.11.03	00:56:14.978	0.92768				2
2025.11.03	00:56:16.144	0.92769	0.92833			6
2025.11.03	00:56:18.278	0.92768	0.92834			6
2025.11.03	00:56:25.646	0.92767	0.92835			6
2025.11.03	00:56:28.138	0.92768	0.92834			6
2025.11.03	00:56:31.090	0.92766	0.92836			6
2025.11.03	00:56:31.467	0.92765				2
2025.11.03	00:56:32.645	0.92766				2
2025.11.03	00:56:42.015	0.92767	0.92835			6
2025.11.03	00:56:44.353	0.92766				2
2025.11.03	00:56:45.278		0.92836			4
2025.11.03	00:56:46.778		0.92835			4
2025.11.03	00:56:47.989	0.92767				2
2025.11.03	00:56:49.177	0.92768	0.92834			6
2025.11.03	00:56:57.303	0.92766	0.92836			6
2025.11.03	00:57:00.374	0.92766				2
2025.11.03	00:57:07.373	0.92768	0.92837			6
2025.11.03	00:57:07.755	0.92746	0.92836			6
2025.11.03	00:57:08.082	0.92759	0.92837			6
2025.11.03	00:57:08.398	0.92751				2
2025.11.03	00:57:08.700	0.92757	0.92838			6
2025.11.03	00:57:09.684	0.92763				2
2025.11.03	00:57:09.998	0.92751	0.92837			6
2025.11.03	00:57:10.299	0.92749	0.92838			6
2025.11.03	00:57:10.633	0.92748	0.92839			6
2025.11.03	00:57:11.007	0.92749	0.92837			6
2025.11.03	00:57:11.656	0.92750				2
2025.11.03	00:57:11.972		0.92838			4
2025.11.03	00:57:12.359	0.92748				2
2025.11.03	00:57:12.667	0.92747				2
2025.11.03	00:57:16.119	0.92707	0.92849			6
2025.11.03	00:57:16.466		0.92851			4
2025.11.03	00:57:17.268		0.92852			4
2025.11.03	00:57:18.877		0.92849			4
2025.11.03	00:57:19.819		0.92848			4
2025.11.03	00:57:20.938		0.92846			4
2025.11.03	00:57:22.098		0.92841			4
2025.11.03	00:57:23.600		0.92843			4
2025.11.03	00:57:26.076		0.92839			4
2025.11.03	00:57:26.677		0.92838			4
2025.11.03	00:57:28.762		0.92841			4
2025.11.03	00:57:32.118		0.92840			4
2025.11.03	00:57:34.177	0.92708				2
2025.11.03	00:57:38.078		0.92841			4
2025.11.03	00:57:49.895		0.92838			4
2025.11.03	00:57:51.516	0.92710	0.92837			6
2025.11.03	00:57:51.821	0.92731	0.92834			6
2025.11.03	00:57:52.141	0.92729	0.92835			6
2025.11.03	00:57:54.878	0.92730	0.92836			6
2025.11.03	00:57:56.485	0.92729				2
2025.11.03	00:58:00.375	0.92729				2
2025.11.03	00:58:01.477	0.92730				2
2025.11.03	00:58:03.197	0.92708	0.92839			6
2025.11.03	00:58:03.500		0.92837			4
2025.11.03	00:58:04.590		0.92836			4
2025.11.03	00:58:05.274		0.92837			4
2025.11.03	00:58:05.580		0.92841			4
2025.11.03	00:58:07.640	0.92716	0.92843			6
2025.11.03	00:58:08.092	0.92717	0.92842			6
2025.11.03	00:58:09.245	0.92708	0.92841			6
2025.11.03	00:58:09.795	0.92718				2
2025.11.03	00:58:10.336	0.92708	0.92844			6
2025.11.03	00:58:10.715		0.92846			4
2025.11.03	00:58:12.795	0.92719	0.92845			6
2025.11.03	00:58:14.830	0.92733	0.92840			6
2025.11.03	00:58:15.326	0.92753	0.92839			6
2025.11.03	00:58:17.908		0.92840			4
2025.11.03	00:58:18.217	0.92751				2
2025.11.03	00:58:22.479	0.92750	0.92841			6
2025.11.03	00:58:25.008	0.92751	0.92843			6
2025.11.03	00:58:25.806	0.92746				2
2025.11.03	00:58:26.118	0.92720	0.92846			6
2025.11.03	00:58:26.626	0.92708	0.92838			6
2025.11.03	00:58:28.150		0.92841			4
2025.11.03	00:58:29.285	0.92710				2
2025.11.03	00:58:43.777		0.92843			4
2025.11.03	00:59:00.832	0.92712				2
2025.11.03	00:59:01.374	0.92710	0.92848			6
2025.11.03	00:59:10.452		0.92847			4
2025.11.03	00:59:13.846		0.92848			4
2025.11.03	00:59:14.327		0.92849			4
2025.11.03	00:59:16.038		0.92850			4
2025.11.03	00:59:16.707		0.92851			4
2025.11.03	00:59:19.825		0.92852			4
2025.11.03	00:59:21.943		0.92853			4
2025.11.03	00:59:23.824		0.92851			4
2025.11.03	00:59:24.283	0.92720				2
2025.11.03	00:59:24.778	0.92732	0.92850			6
2025.11.03	00:59:26.330	0.92761	0.92852			6
2025.11.03	00:59:26.878	0.92757				2
2025.11.03	00:59:33.497	0.92758				2
2025.11.03	00:59:36.095	0.92741	0.92848			6
2025.11.03	00:59:37.915	0.92742	0.92847			6
2025.11.03	00:59:39.946	0.92766	0.92846			6
2025.11.03	00:59:40.374	0.92767	0.92845			6
2025.11.03	00:59:41.463	0.92764	0.92847			6
2025.11.03	00:59:44.977	0.92720	0.92871			6
2025.11.03	00:59:45.515		0.92882			4
2025.11.03	00:59:45.972		0.92895			4
2025.11.03	00:59:46.368		0.92906			4
2025.11.03	00:59:51.526	0.92726				2
2025.11.03	00:59:52.377	0.92786	0.92833			6
2025.11.03	00:59:52.799	0.92726	0.92906			6
2025.11.03	00:59:53.445	0.92787	0.92833			6
2025.11.03	00:59:55.096	0.92726	0.92906			6
2025.11.03	00:59:55.487	0.92777	0.92833			6
2025.11.03	00:59:57.178	0.92782				2
2025.11.03	00:59:57.675	0.92704	0.92906			6
2025.11.03	00:59:57.978	0.92735				2
2025.11.03	00:59:58.287	0.92726				2
2025.11.03	01:00:00.307	0.92726	0.92893			6
2025.11.03	01:00:00.623		0.92901			4
2025.11.03	01:00:00.949	0.92761				2
2025.11.03	01:00:01.260	0.92756	0.92897			6
2025.11.03	01:00:01.571	0.92772	0.92889			6
2025.11.03	01:00:02.206		0.92886			4
2025.11.03	01:00:02.526		0.92887			4
2025.11.03	01:00:03.052	0.92778	0.92890			6
2025.11.03	01:00:03.359	0.92780	0.92895			6
2025.11.03	01:00:03.677	0.92740	0.92896			6
2025.11.03	01:00:04.003	0.92718	0.92895			6
2025.11.03	01:00:04.321	0.92734				2
2025.11.03	01:00:04.623	0.92737	0.92893			6
2025.11.03	01:00:04.927	0.92738	0.92892			6
2025.11.03	01:00:05.255	0.92734	0.92894			6
2025.11.03	01:00:05.560	0.92719	0.92895			6
2025.11.03	01:00:05.876	0.92721				2
2025.11.03	01:00:06.178	0.92723	0.92891			6
2025.11.03	01:00:06.484	0.92721	0.92894			6
2025.11.03	01:00:06.811	0.92720				2
2025.11.03	01:00:07.114	0.92789	0.92842			6
2025.11.03	01:00:08.088	0.92790				2
2025.11.03	01:00:08.392	0.92788				2
2025.11.03	01:00:08.698	0.92803	0.92871			6
2025.11.03	01:00:09.704	0.92793				2
2025.11.03	01:00:10.930	0.92799				2
2025.11.03	01:00:11.239	0.92802				2
2025.11.03	01:00:11.928		0.92847			4
2025.11.03	01:00:13.193	0.92798				2
2025.11.03	01:00:13.573	0.92788				2
2025.11.03	01:00:13.906	0.92789				2
2025.11.03	01:00:14.260	0.92799	0.92860			6
2025.11.03	01:00:15.686	0.92796	0.92846			6
2025.11.03	01:00:15.988	0.92792				2
2025.11.03	01:00:16.386	0.92799				2
2025.11.03	01:00:17.332	0.92803	0.92848			6
2025.11.03	01:00:17.692	0.92793	0.92843			6
2025.11.03	01:00:18.120	0.92784	0.92847			6
2025.11.03	01:00:18.987		0.92844			4
2025.11.03	01:00:19.333	0.92785				2
2025.11.03	01:00:20.246	0.92798	0.92854			6
2025.11.03	01:00:21.509	0.92800	0.92846			6
2025.11.03	01:00:22.889	0.92804	0.92850			6
2025.11.03	01:00:24.938	0.92793				2
2025.11.03	01:00:25.900	0.92791				2
2025.11.03	01:00:27.080		0.92847			4
2025.11.03	01:00:27.386	0.92793	0.92845			6
2025.11.03	01:00:27.699	0.92795	0.92847			6
2025.11.03	01:00:28.415		0.92844			4
2025.11.03	01:00:28.737	0.92792				2
2025.11.03	01:00:29.164	0.92789				2
2025.11.03	01:00:29.861	0.92786	0.92846			6
2025.11.03	01:00:30.284	0.92795				2
2025.11.03	01:00:30.901		0.92845			4
2025.11.03	01:00:31.237	0.92803				2
2025.11.03	01:00:31.622	0.92799	0.92842			6
2025.11.03	01:00:32.652	0.92807	0.92845			6
2025.11.03	01:00:34.738	0.92808	0.92844			6
2025.11.03	01:00:38.634	0.92806				2
2025.11.03	01:00:40.368		0.92845			4
2025.11.03	01:00:42.539		0.92846			4
2025.11.03	01:00:42.915	0.92804				2
2025.11.03	01:00:44.357	0.92807	0.92847			6
2025.11.03	01:00:44.711	0.92805				2
2025.11.03	01:00:45.326	0.92804				2
2025.11.03	01:00:46.178	0.92805				2
2025.11.03	01:00:48.117	0.92807				2
2025.11.03	01:00:49.777	0.92818				2
2025.11.03	01:00:50.917	0.92822	0.92854			6
2025.11.03	01:00:51.277		0.92855			4
2025.11.03	01:00:52.305	0.92830	0.92861			6
2025.11.03	01:00:52.950	0.92818	0.92860			6
2025.11.03	01:00:53.932		0.92882			4
2025.11.03	01:00:54.283	0.92820				2
2025.11.03	01:00:55.386	0.92825				2
2025.11.03	01:00:55.778	0.92826				2
2025.11.03	01:00:56.472	0.92825				2
2025.11.03	01:00:57.878		0.92885			4
2025.11.03	01:00:58.229		0.92883			4
2025.11.03	01:00:59.382		0.92884			4
2025.11.03	01:00:59.711	0.92830	0.92887			6
2025.11.03	01:01:00.022	0.92830				2
2025.11.03	01:01:01.221	0.92826	0.92883			6
2025.11.03	01:01:02.461	0.92830	0.92885			6
2025.11.03	01:01:02.773		0.92886			4
2025.11.03	01:01:03.420	0.92823	0.92865			6
2025.11.03	01:01:03.740	0.92824	0.92862			6
2025.11.03	01:01:04.053	0.92826	0.92863			6
2025.11.03	01:01:04.679	0.92824	0.92879			6
2025.11.03	01:01:05.561	0.92820	0.92860			6
2025.11.03	01:01:05.878	0.92824				2
2025.11.03	01:01:06.181	0.92821				2
2025.11.03	01:01:06.578	0.92824				2
2025.11.03	01:01:06.881	0.92821				2
2025.11.03	01:01:07.987	0.92824				2
2025.11.03	01:01:08.915		0.92861			4
2025.11.03	01:01:09.341	0.92821				2
2025.11.03	01:01:10.872	0.92820				2
2025.11.03	01:01:11.647		0.92862			4
2025.11.03	01:01:11.986		0.92871			4
2025.11.03	01:01:12.298	0.92815	0.92863			6
2025.11.03	01:01:12.634	0.92816				2
2025.11.03	01:01:13.303		0.92874			4
2025.11.03	01:01:13.639	0.92819	0.92875			6
2025.11.03	01:01:14.376	0.92825	0.92878			6
2025.11.03	01:01:15.278	0.92827	0.92879			6
2025.11.03	01:01:16.412	0.92829				2
2025.11.03	01:01:17.233	0.92825	0.92876			6
2025.11.03	01:01:17.874	0.92828	0.92878			6
2025.11.03	01:01:18.227	0.92825	0.92877			6
2025.11.03	01:01:18.934		0.92878			4
2025.11.03	01:01:20.627	0.92828	0.92879			6
2025.11.03	01:01:21.655		0.92878			4
2025.11.03	01:01:23.379		0.92877			4
2025.11.03	01:01:23.916		0.92878			4
2025.11.03	01:01:25.647	0.92831				2
2025.11.03	01:01:25.959		0.92880			4
2025.11.03	01:01:30.721		0.92882			4
2025.11.03	01:01:35.369		0.92879			4
2025.11.03	01:01:36.380		0.92881			4
2025.11.03	01:01:37.098	0.92837	0.92877			6
2025.11.03	01:01:38.118	0.92835	0.92880			6
2025.11.03	01:01:38.799	0.92840	0.92873			6
2025.11.03	01:01:39.965	0.92835	0.92880			6
2025.11.03	01:01:40.764	0.92840	0.92874			6
2025.11.03	01:01:51.678	0.92829	0.92879			6
2025.11.03	01:01:52.055	0.92820				2
2025.11.03	01:01:52.380	0.92828	0.92876			6
2025.11.03	01:01:53.373	0.92826				2
2025.11.03	01:01:54.379	0.92827	0.92871			6
2025.11.03	01:01:54.720		0.92873			4
2025.11.03	01:01:55.572		0.92872			4
2025.11.03	01:01:57.806		0.92871			4
2025.11.03	01:01:58.166		0.92872			4
2025.11.03	01:01:59.341		0.92871			4
2025.11.03	01:02:00.394	0.92827				2
2025.11.03	01:02:00.735	0.92822				2
2025.11.03	01:02:05.220		0.92872			4
2025.11.03	01:02:09.573		0.92873			4
2025.11.03	01:02:11.965		0.92872			4
2025.11.03	01:02:14.640		0.92868			4
2025.11.03	01:02:15.373		0.92870			4
2025.11.03	01:02:16.195		0.92871			4
2025.11.03	01:02:16.920	0.92824	0.92877			6
2025.11.03	01:02:17.294	0.92822	0.92878			6
2025.11.03	01:02:18.006	0.92825				2
2025.11.03	01:02:18.717		0.92877			4
2025.11.03	01:02:20.391	0.92827				2
2025.11.03	01:02:21.547	0.92829				2
2025.11.03	01:02:22.177		0.92878			4
2025.11.03	01:02:24.623	0.92826				2
2025.11.03	01:02:26.267	0.92820				2
2025.11.03	01:02:29.987	0.92830	0.92876			6
2025.11.03	01:02:30.346		0.92870			4
2025.11.03	01:02:31.290		0.92869			4
2025.11.03	01:02:32.393		0.92868			4
2025.11.03	01:02:32.788		0.92869			4
2025.11.03	01:02:33.323		0.92868			4
2025.11.03	01:02:35.707		0.92876			4
2025.11.03	01:02:36.742	0.92824	0.92871			6
2025.11.03	01:02:37.378		0.92870			4
2025.11.03	01:02:39.788		0.92871			4
2025.11.03	01:02:41.214		0.92876			4
2025.11.03	01:02:41.636		0.92877			4
2025.11.03	01:02:41.995		0.92873			4
2025.11.03	01:02:42.323		0.92875			4
2025.11.03	01:02:43.777		0.92874			4
2025.11.03	01:02:45.734	0.92826				2
2025.11.03	01:02:47.077		0.92871			4
2025.11.03	01:02:47.478		0.92865			4
2025.11.03	01:02:48.803		0.92868			4
2025.11.03	01:02:49.133		0.92871			4
2025.11.03	01:02:49.474		0.92868			4
2025.11.03	01:02:51.906	0.92828	0.92876			6
2025.11.03	01:02:53.257		0.92877			4
2025.11.03	01:02:55.778		0.92876			4
2025.11.03	01:02:56.659	0.92832	0.92877			6
2025.11.03	01:02:59.044		0.92878			4
2025.11.03	01:02:59.353	0.92836				2
2025.11.03	01:03:00.259	0.92836	0.92877			6
2025.11.03	01:03:01.346		0.92875			4
2025.11.03	01:03:01.659	0.92834	0.92874			6
2025.11.03	01:03:01.966		0.92873			4
2025.11.03	01:03:02.523		0.92871			4
2025.11.03	01:03:02.923		0.92869			4
2025.11.03	01:03:03.352		0.92866			4
2025.11.03	01:03:04.178		0.92869			4
2025.11.03	01:03:05.353		0.92873			4
2025.11.03	01:03:07.555	0.92829	0.92868			6
2025.11.03	01:03:09.042		0.92869			4
2025.11.03	01:03:09.373		0.92870			4
2025.11.03	01:03:15.472		0.92871			4
2025.11.03	01:03:19.779	0.92832				2
2025.11.03	01:03:20.084	0.92826	0.92870			6
2025.11.03	01:03:21.878		0.92869			4
2025.11.03	01:03:30.180		0.92868			4
2025.11.03	01:03:30.589	0.92824				2
2025.11.03	01:03:35.527		0.92867			4
2025.11.03	01:03:40.177		0.92866			4
2025.11.03	01:03:41.353	0.92822	0.92865			6
2025.11.03	01:03:41.715		0.92864			4
2025.11.03	01:03:44.843	0.92820	0.92860			6
2025.11.03	01:03:45.244	0.92821	0.92857			6
2025.11.03	01:03:45.622	0.92816	0.92851			6
2025.11.03	01:03:46.750	0.92815				2
2025.11.03	01:03:47.654		0.92850			4
2025.11.03	01:03:48.300	0.92814				2
2025.11.03	01:03:54.598	0.92815				2
2025.11.03	01:03:55.264		0.92851			4
2025.11.03	01:03:55.566		0.92850			4
2025.11.03	01:03:56.253	0.92816	0.92852			6
2025.11.03	01:03:56.633		0.92853			4
2025.11.03	01:03:57.352	0.92815	0.92857			6
2025.11.03	01:03:59.696		0.92852			4
2025.11.03	01:04:00.009	0.92815	0.92851			6
2025.11.03	01:04:00.373	0.92812	0.92854			6
2025.11.03	01:04:01.778		0.92853			4
2025.11.03	01:04:02.089	0.92813	0.92845			6
2025.11.03	01:04:02.401	0.92802	0.92841			6
2025.11.03	01:04:02.713		0.92842			4
2025.11.03	01:04:03.376		0.92841			4
2025.11.03	01:04:04.293		0.92839			4
2025.11.03	01:04:04.600	0.92801	0.92842			6
2025.11.03	01:04:05.027	0.92793				2
2025.11.03	01:04:05.348		0.92839			4
2025.11.03	01:04:05.767		0.92842			4
2025.11.03	01:04:06.460	0.92787	0.92841			6
2025.11.03	01:04:06.762	0.92780	0.92839			6
2025.11.03	01:04:07.096	0.92786	0.92841			6
2025.11.03	01:04:07.400	0.92790	0.92842			6
2025.11.03	01:04:07.755		0.92841			4
2025.11.03	01:04:08.385	0.92789	0.92839			6
2025.11.03	01:04:09.036	0.92782				2
2025.11.03	01:04:09.365		0.92841			4
2025.11.03	01:04:10.078		0.92833			4
2025.11.03	01:04:10.385	0.92783				2
2025.11.03	01:04:11.101	0.92784	0.92832			6
2025.11.03	01:04:11.799	0.92785				2
2025.11.03	01:04:12.208	0.92786				2
2025.11.03	01:04:12.604	0.92787				2
2025.11.03	01:04:13.069	0.92782	0.92829			6
2025.11.03	01:04:13.769	0.92783				2
2025.11.03	01:04:14.837	0.92780	0.92828			6
2025.11.03	01:04:15.177	0.92783				2
2025.11.03	01:04:17.239	0.92786	0.92829			6
2025.11.03	01:04:17.582	0.92785				2
2025.11.03	01:04:18.005	0.92786				2
2025.11.03	01:04:18.318		0.92828			4
2025.11.03	01:04:19.271		0.92827			4
2025.11.03	01:04:19.586		0.92831			4
2025.11.03	01:04:20.808	0.92795	0.92837			6
2025.11.03	01:04:21.210	0.92804				2
2025.11.03	01:04:21.695	0.92806				2
2025.11.03	01:04:21.998	0.92810				2
2025.11.03	01:04:22.858	0.92804	0.92832			6
2025.11.03	01:04:28.107	0.92791				2
2025.11.03	01:04:29.787		0.92831			4
2025.11.03	01:04:30.659	0.92781	0.92818			6
2025.11.03	01:04:30.992	0.92777				2
2025.11.03	01:04:32.152		0.92817			4
2025.11.03	01:04:33.568	0.92778	0.92819			6
2025.11.03	01:04:34.118		0.92818			4
2025.11.03	01:04:34.932	0.92773	0.92817			6
2025.11.03	01:04:36.324		0.92816			4
2025.11.03	01:04:41.178	0.92775				2
2025.11.03	01:04:43.153	0.92777	0.92818			6
2025.11.03	01:04:43.510	0.92776	0.92819			6
2025.11.03	01:04:45.767		0.92818			4
2025.11.03	01:04:46.773		0.92819			4
2025.11.03	01:04:47.603		0.92818			4
2025.11.03	01:04:51.405	0.92779				2
2025.11.03	01:04:51.720	0.92781				2
2025.11.03	01:04:52.430	0.92780	0.92819			6
2025.11.03	01:04:52.827	0.92781				2
2025.11.03	01:04:53.335		0.92818			4
2025.11.03	01:04:53.702	0.92783				2
2025.11.03	01:04:54.315	0.92781				2
2025.11.03	01:04:54.914	0.92780	0.92819			6
2025.11.03	01:04:56.003	0.92782				2
2025.11.03	01:05:00.307	0.92783				2
2025.11.03	01:05:00.612	0.92782				2
2025.11.03	01:05:01.927	0.92783				2
2025.11.03	01:05:04.711		0.92817			4
2025.11.03	01:05:06.938	0.92785				2
2025.11.03	01:05:08.678	0.92784				2
2025.11.03	01:05:09.629	0.92800	0.92808			6
2025.11.03	01:05:13.071	0.92783	0.92815			6
2025.11.03	01:05:15.106		0.92816			4
2025.11.03	01:05:15.942	0.92778	0.92815			6
2025.11.03	01:05:17.284	0.92780	0.92813			6
2025.11.03	01:05:18.878	0.92779				2
2025.11.03	01:05:19.223	0.92780	0.92814			6
2025.11.03	01:05:19.979	0.92779	0.92813			6
2025.11.03	01:05:23.194	0.92772				2
2025.11.03	01:05:27.740		0.92812			4
2025.11.03	01:05:28.100		0.92811			4
2025.11.03	01:05:29.057	0.92776	0.92812			6
2025.11.03	01:05:32.468		0.92813			4
2025.11.03	01:05:33.758		0.92812			4
2025.11.03	01:05:34.147	0.92773	0.92814			6
2025.11.03	01:05:34.478	0.92775	0.92812			6
2025.11.03	01:05:34.900		0.92811			4
2025.11.03	01:05:35.601	0.92773	0.92812			6
2025.11.03	01:05:36.460	0.92775				2
2025.11.03	01:05:37.059	0.92773				2
2025.11.03	01:05:41.295	0.92774				2
2025.11.03	01:05:42.438	0.92775				2
2025.11.03	01:05:42.898	0.92773				2
2025.11.03	01:05:49.418		0.92811			4
2025.11.03	01:05:49.940	0.92771				2
2025.11.03	01:05:51.729	0.92774				2
2025.11.03	01:05:52.137	0.92777	0.92815			6
2025.11.03	01:05:52.439	0.92776				2
2025.11.03	01:05:53.706	0.92778	0.92814			6
2025.11.03	01:05:55.275	0.92777				2
2025.11.03	01:05:55.973	0.92776	0.92815			6
2025.11.03	01:05:57.278	0.92779	0.92814			6
2025.11.03	01:05:57.579		0.92813			4
2025.11.03	01:05:59.040	0.92778				2
2025.11.03	01:05:59.387		0.92814			4
2025.11.03	01:05:59.884	0.92777				2
2025.11.03	01:06:00.423	0.92776				2
2025.11.03	01:06:03.277	0.92777				2
2025.11.03	01:06:06.009	0.92776				2
2025.11.03	01:06:08.783	0.92780	0.92815			6
2025.11.03	01:06:09.709	0.92778	0.92813			6
2025.11.03	01:06:10.334	0.92779	0.92812			6
2025.11.03	01:06:10.640	0.92780	0.92813			6
2025.11.03	01:06:11.062	0.92777	0.92812			6
2025.11.03	01:06:14.677	0.92778				2
2025.11.03	01:06:15.939	0.92776	0.92814			6
2025.11.03	01:06:16.242		0.92813			4
2025.11.03	01:06:17.971		0.92814			4
2025.11.03	01:06:21.496		0.92815			4
2025.11.03	01:06:21.799		0.92814			4
2025.11.03	01:06:22.130		0.92815			4
2025.11.03	01:06:22.466		0.92816			4
2025.11.03	01:06:22.938	0.92779	0.92815			6
2025.11.03	01:06:23.244	0.92777				2
2025.11.03	01:06:24.334	0.92778				2
2025.11.03	01:06:26.378		0.92816			4
2025.11.03	01:06:27.119	0.92779				2
2025.11.03	01:06:27.852	0.92784	0.92820			6
2025.11.03	01:06:28.303	0.92785	0.92821			6
2025.11.03	01:06:29.964		0.92820			4
2025.11.03	01:06:32.357		0.92822			4
2025.11.03	01:06:34.777	0.92786				2
2025.11.03	01:06:35.105	0.92809	0.92846			6
2025.11.03	01:06:35.435		0.92851			4
2025.11.03	01:06:35.752		0.92838			4
2025.11.03	01:06:36.063	0.92808	0.92840			6
2025.11.03	01:06:36.681	0.92802	0.92828			6
2025.11.03	01:06:37.010		0.92825			4
2025.11.03	01:06:37.361	0.92801	0.92822			6
2025.11.03	01:06:37.836	0.92788				2
2025.11.03	01:06:39.953		0.92821			4
2025.11.03	01:06:40.346	0.92787				2
2025.11.03	01:06:41.437	0.92786				2
2025.11.03	01:06:42.587	0.92780	0.92813			6
2025.11.03	01:06:43.758		0.92814			4
2025.11.03	01:06:44.707	0.92782				2
2025.11.03	01:06:45.063	0.92780				2
2025.11.03	01:06:53.078		0.92813			4
2025.11.03	01:07:00.352	0.92780				2
2025.11.03	01:07:02.372	0.92775	0.92808			6
2025.11.03	01:07:05.378		0.92809			4
2025.11.03	01:07:05.699		0.92807			4
2025.11.03	01:07:06.830	0.92777	0.92809			6
2025.11.03	01:07:08.358	0.92780	0.92812			6
2025.11.03	01:07:08.667		0.92813			4
2025.11.03	01:07:09.886		0.92812			4
2025.11.03	01:07:10.824		0.92811			4
2025.11.03	01:07:17.143	0.92778				2
2025.11.03	01:07:20.053		0.92810			4
2025.11.03	01:07:51.380	0.92782				2
2025.11.03	01:07:52.256	0.92781	0.92809			6
2025.11.03	01:07:55.505		0.92808			4
2025.11.03	01:08:00.632	0.92781				2
2025.11.03	01:08:02.797	0.92783	0.92810			6
2025.11.03	01:08:09.838	0.92775	0.92808			6
2025.11.03	01:08:10.144		0.92803			4
2025.11.03	01:08:10.475	0.92767	0.92793			6
2025.11.03	01:08:10.778	0.92766	0.92779			6
2025.11.03	01:08:11.080	0.92760	0.92793			6
2025.11.03	01:08:11.422		0.92795			4
2025.11.03	01:08:12.108		0.92796			4
2025.11.03	01:08:12.419		0.92794			4
2025.11.03	01:08:13.217		0.92795			4
2025.11.03	01:08:13.519		0.92794			4
2025.11.03	01:08:14.368		0.92793			4
2025.11.03	01:08:15.203		0.92794			4
2025.11.03	01:08:16.100		0.92793			4
2025.11.03	01:08:16.758	0.92768	0.92796			6
2025.11.03	01:08:17.755	0.92770	0.92797			6
2025.11.03	01:08:18.756	0.92760	0.92792			6
2025.11.03	01:08:19.990		0.92791			4
2025.11.03	01:08:27.149		0.92792			4
2025.11.03	01:08:28.950		0.92793			4
2025.11.03	01:08:33.162		0.92794			4
2025.11.03	01:08:34.202		0.92795			4
2025.11.03	01:08:36.510		0.92796			4
2025.11.03	01:08:37.361		0.92795			4
2025.11.03	01:08:37.736	0.92773	0.92798			6
2025.11.03	01:08:38.038	0.92769				2
2025.11.03	01:08:38.733	0.92770				2
2025.11.03	01:08:39.034	0.92775				2
2025.11.03	01:08:39.615	0.92767	0.92794			6
2025.11.03	01:08:40.401	0.92764				2
2025.11.03	01:08:40.743		0.92793			4
2025.11.03	01:08:41.087	0.92762				2
2025.11.03	01:08:58.740	0.92760	0.92794			6
2025.11.03	01:09:00.371	0.92760				2
2025.11.03	01:09:00.857		0.92793			4
2025.11.03	01:09:07.757	0.92764	0.92795			6
2025.11.03	01:09:08.718	0.92760				2
2025.11.03	01:09:09.865	0.92764				2
2025.11.03	01:09:10.879	0.92762				2
2025.11.03	01:09:11.945	0.92764				2
2025.11.03	01:09:12.357	0.92778	0.92810			6
2025.11.03	01:09:13.123	0.92780				2
2025.11.03	01:09:13.460		0.92814			4
2025.11.03	01:09:13.881	0.92771	0.92800			6
2025.11.03	01:09:14.343		0.92799			4
2025.11.03	01:09:14.652		0.92800			4
2025.11.03	01:09:15.319		0.92799			4
2025.11.03	01:09:15.771	0.92770	0.92798			6
2025.11.03	01:09:16.838	0.92768	0.92797			6
2025.11.03	01:09:17.954	0.92767	0.92796			6
2025.11.03	01:09:30.012	0.92771				2
2025.11.03	01:09:30.345		0.92795			4
2025.11.03	01:09:35.684	0.92767				2
2025.11.03	01:09:36.855	0.92764	0.92793			6
2025.11.03	01:09:39.955	0.92763				2
2025.11.03	01:09:41.179	0.92760				2
2025.11.03	01:09:43.377	0.92766				2
2025.11.03	01:09:53.789	0.92761				2
2025.11.03	01:09:55.602	0.92758				2
2025.11.03	01:09:58.179		0.92792			4
2025.11.03	01:09:59.727	0.92767				2
2025.11.03	01:10:00.244	0.92761				2
2025.11.03	01:10:00.551	0.92763				2
2025.11.03	01:10:00.877	0.92764				2
2025.11.03	01:10:02.164	0.92763				2
2025.11.03	01:10:03.021	0.92766	0.92793			6
2025.11.03	01:10:03.339	0.92764				2
2025.11.03	01:10:04.052	0.92763				2
2025.11.03	01:10:10.498	0.92766	0.92794			6
2025.11.03	01:10:10.879	0.92763				2
2025.11.03	01:10:11.407	0.92764				2
2025.11.03	01:10:12.277		0.92793			4
2025.11.03	01:10:13.225	0.92766	0.92795			6
2025.11.03	01:10:20.392	0.92767				2
2025.11.03	01:10:23.118	0.92762	0.92792			6
2025.11.03	01:10:23.419		0.92791			4
2025.11.03	01:10:24.036	0.92759	0.92789			6
2025.11.03	01:10:24.342	0.92758				2
2025.11.03	01:10:25.322	0.92757	0.92790			6
2025.11.03	01:10:25.674	0.92758	0.92789			6
2025.11.03	01:10:28.434	0.92757	0.92787			6
2025.11.03	01:10:29.474		0.92788			4
2025.11.03	01:10:31.514	0.92763	0.92789			6
2025.11.03	01:10:31.828	0.92766				2
2025.11.03	01:10:32.757	0.92758	0.92786			6
2025.11.03	01:10:33.101	0.92757				2
2025.11.03	01:10:33.448		0.92785			4
2025.11.03	01:10:39.522	0.92760	0.92787			6
2025.11.03	01:10:41.379		0.92786			4
2025.11.03	01:10:41.954	0.92758				2
2025.11.03	01:10:42.362	0.92761	0.92787			6
2025.11.03	01:10:45.278	0.92762				2
2025.11.03	01:10:47.360	0.92760				2
2025.11.03	01:10:56.855		0.92788			4
2025.11.03	01:10:58.478	0.92762	0.92790			6
2025.11.03	01:11:00.182	0.92762				2
2025.11.03	01:11:00.579	0.92767	0.92789			6
2025.11.03	01:11:05.378	0.92766				2
2025.11.03	01:11:07.357	0.92771	0.92804			6
2025.11.03	01:11:07.667	0.92772	0.92802			6
2025.11.03	01:11:08.047		0.92804			4
2025.11.03	01:11:08.815	0.92773	0.92805			6
2025.11.03	01:11:09.387		0.92804			4
2025.11.03	01:11:11.378		0.92805			4
2025.11.03	01:11:12.343	0.92770	0.92800			6
2025.11.03	01:11:12.957	0.92771	0.92798			6
2025.11.03	01:11:13.902		0.92799			4
2025.11.03	01:11:14.961	0.92772	0.92798			6
2025.11.03	01:11:15.381		0.92797			4
2025.11.03	01:11:17.978		0.92796			4
2025.11.03	01:11:18.747	0.92770	0.92797			6
2025.11.03	01:11:19.756	0.92769	0.92798			6
2025.11.03	01:11:20.773		0.92797			4
2025.11.03	01:11:21.277	0.92770	0.92798			6
2025.11.03	01:11:22.496	0.92769				2
2025.11.03	01:11:23.820	0.92765				2
2025.11.03	01:11:24.486	0.92768	0.92793			6
2025.11.03	01:11:24.793	0.92769				2
2025.11.03	01:11:25.178		0.92792			4
2025.11.03	01:11:25.960	0.92770				2
2025.11.03	01:11:26.378	0.92769	0.92793			6
2025.11.03	01:11:27.031	0.92771				2
2025.11.03	01:11:28.057		0.92794			4
2025.11.03	01:11:28.368	0.92770				2
2025.11.03	01:11:29.477	0.92771				2
2025.11.03	01:11:30.174	0.92770	0.92795			6
2025.11.03	01:11:30.958	0.92773	0.92794			6
2025.11.03	01:11:32.378	0.92772				2
2025.11.03	01:11:34.584	0.92771	0.92795			6
2025.11.03	01:11:37.433	0.92772	0.92794			6
2025.11.03	01:11:39.279		0.92793			4
2025.11.03	01:11:39.971	0.92770				2
2025.11.03	01:11:41.636		0.92794			4
2025.11.03	01:11:42.156		0.92795			4
2025.11.03	01:11:44.678	0.92771				2
2025.11.03	01:11:46.178	0.92770				2
2025.11.03	01:11:51.237		0.92794			4
2025.11.03	01:11:52.959	0.92771				2
2025.11.03	01:11:54.280	0.92770				2
2025.11.03	01:11:56.346	0.92771				2
2025.11.03	01:11:56.953	0.92768				2
2025.11.03	01:11:57.457	0.92771				2
2025.11.03	01:11:59.962	0.92767				2
2025.11.03	01:12:00.307	0.92767				2
2025.11.03	01:12:01.778		0.92795			4
2025.11.03	01:12:02.304		0.92794			4
2025.11.03	01:12:02.960	0.92768	0.92795			6
2025.11.03	01:12:03.961	0.92769	0.92794			6
2025.11.03	01:12:05.683		0.92795			4
2025.11.03	01:12:19.479	0.92770	0.92794			6
2025.11.03	01:12:25.196	0.92771				2
2025.11.03	01:12:26.677	0.92772				2
2025.11.03	01:12:30.966	0.92773				2
2025.11.03	01:12:42.375	0.92769				2
2025.11.03	01:12:47.854		0.92793			4
2025.11.03	01:12:57.491	0.92762	0.92792			6
2025.11.03	01:13:00.779	0.92779	0.92795			6
2025.11.03	01:13:01.966	0.92780				2
2025.11.03	01:13:02.295	0.92762	0.92793			6
2025.11.03	01:13:03.965		0.92792			4
2025.11.03	01:13:12.778	0.92770				2
2025.11.03	01:13:18.398	0.92771				2
2025.11.03	01:13:18.701		0.92794			4
2025.11.03	01:13:19.020	0.92766				2
2025.11.03	01:13:19.967	0.92765	0.92795			6
2025.11.03	01:13:20.585	0.92771				2
2025.11.03	01:13:21.407	0.92772				2
2025.11.03	01:13:21.907	0.92764	0.92794			6
2025.11.03	01:13:24.615		0.92793			4
2025.11.03	01:13:25.779	0.92768	0.92792			6
2025.11.03	01:13:27.925	0.92767	0.92793			6
2025.11.03	01:13:31.807	0.92768	0.92790			6
2025.11.03	01:13:37.675	0.92779	0.92794			6
2025.11.03	01:13:38.345	0.92781	0.92795			6
2025.11.03	01:13:43.629		0.92800			4
2025.11.03	01:13:43.931		0.92796			4
2025.11.03	01:13:44.671	0.92779				2
2025.11.03	01:13:44.983	0.92782	0.92801			6
2025.11.03	01:13:45.650	0.92780	0.92799			6
2025.11.03	01:13:46.376	0.92781	0.92795			6
2025.11.03	01:13:46.772	0.92782	0.92801			6
2025.11.03	01:13:48.620	0.92783	0.92800			6
2025.11.03	01:13:49.750	0.92784	0.92801			6
2025.11.03	01:13:50.273		0.92802			4
2025.11.03	01:13:52.039		0.92801			4
2025.11.03	01:13:52.971		0.92802			4
2025.11.03	01:13:53.464	0.92786	0.92806			6
2025.11.03	01:13:53.879		0.92808			4
2025.11.03	01:13:54.457	0.92787				2
2025.11.03	01:13:55.061	0.92785	0.92803			6
2025.11.03	01:13:55.366		0.92798			4
2025.11.03	01:13:59.078	0.92784	0.92799			6
2025.11.03	01:14:00.271	0.92784				2
2025.11.03	01:14:00.642	0.92785	0.92801			6
2025.11.03	01:14:00.946	0.92784	0.92802			6
2025.11.03	01:14:01.346		0.92800			4
2025.11.03	01:14:02.281		0.92799			4
2025.11.03	01:14:03.778		0.92800			4
2025.11.03	01:14:05.396		0.92801			4
2025.11.03	01:14:05.740		0.92802			4
2025.11.03	01:14:06.597		0.92805			4
2025.11.03	01:14:08.857		0.92802			4
2025.11.03	01:14:10.348		0.92803			4
2025.11.03	01:14:14.698		0.92804			4
2025.11.03	01:14:15.259	0.92783				2
2025.11.03	01:14:17.078	0.92784				2
2025.11.03	01:14:21.578	0.92783				2
2025.11.03	01:14:22.330	0.92785	0.92803			6
2025.11.03	01:14:24.278	0.92784				2
2025.11.03	01:14:26.510	0.92785	0.92802			6
2025.11.03	01:14:28.189	0.92783	0.92799			6
2025.11.03	01:14:28.675		0.92797			4
2025.11.03	01:14:32.410	0.92782	0.92800			6
2025.11.03	01:14:32.726	0.92781				2
2025.11.03	01:14:33.200	0.92782				2
2025.11.03	01:14:33.506	0.92781	0.92801			6
2025.11.03	01:14:38.760		0.92805			4
2025.11.03	01:14:40.291	0.92784	0.92804			6
2025.11.03	01:14:43.477		0.92803			4
2025.11.03	01:14:45.406	0.92785	0.92799			6
2025.11.03	01:14:45.771		0.92801			4
2025.11.03	01:14:49.414	0.92784	0.92799			6
2025.11.03	01:14:49.719	0.92782	0.92797			6
2025.11.03	01:14:50.372	0.92783				2
2025.11.03	01:14:51.102	0.92784	0.92798			6
2025.11.03	01:14:52.776	0.92782				2
2025.11.03	01:14:54.168	0.92784	0.92797			6
2025.11.03	01:14:54.677		0.92799			4
2025.11.03	01:14:57.421		0.92805			4
2025.11.03	01:15:00.395	0.92784	0.92804			6
2025.11.03	01:15:01.985		0.92805			4
2025.11.03	01:15:02.557	0.92787	0.92802			6
2025.11.03	01:15:03.221	0.92788	0.92803			6
2025.11.03	01:15:04.171	0.92787				2
2025.11.03	01:15:04.482	0.92788	0.92802			6
2025.11.03	01:15:04.863	0.92787	0.92803			6
2025.11.03	01:15:05.538	0.92788				2
2025.11.03	01:15:05.864	0.92789				2
2025.11.03	01:15:06.198	0.92788				2
2025.11.03	01:15:06.568	0.92789	0.92802			6
2025.11.03	01:15:07.215	0.92788	0.92803			6
2025.11.03	01:15:07.603	0.92789	0.92802			6
2025.11.03	01:15:08.251	0.92788	0.92803			6
2025.11.03	01:15:08.914	0.92790				2
2025.11.03	01:15:09.222	0.92789	0.92804			6
2025.11.03	01:15:11.296	0.92790	0.92803			6
2025.11.03	01:15:12.237	0.92789				2
2025.11.03	01:15:12.541	0.92788	0.92805			6
2025.11.03	01:15:12.915	0.92789	0.92804			6
2025.11.03	01:15:13.363	0.92788	0.92805			6
2025.11.03	01:15:13.760		0.92803			4
2025.11.03	01:15:14.912	0.92786	0.92801			6
2025.11.03	01:15:15.903	0.92787	0.92800			6
2025.11.03	01:15:16.600		0.92802			4
2025.11.03	01:15:16.919		0.92801			4
2025.11.03	01:15:17.265	0.92785	0.92803			6
2025.11.03	01:15:17.583	0.92787	0.92800			6
2025.11.03	01:15:18.093	0.92788	0.92803			6
2025.11.03	01:15:18.519	0.92794	0.92807			6
2025.11.03	01:15:20.635		0.92808			4
2025.11.03	01:15:21.463	0.92793				2
2025.11.03	01:15:22.748	0.92792	0.92809			6
2025.11.03	01:15:23.878	0.92790	0.92807			6
2025.11.03	01:15:24.210	0.92789	0.92808			6
2025.11.03	01:15:24.532	0.92788	0.92802			6
2025.11.03	01:15:24.876	0.92789				2
2025.11.03	01:15:30.907	0.92790				2
2025.11.03	01:15:31.667	0.92787				2
2025.11.03	01:15:31.980	0.92788				2
2025.11.03	01:15:36.381	0.92787	0.92803			6
2025.11.03	01:15:36.848	0.92788	0.92802			6
2025.11.03	01:15:37.514	0.92787	0.92803			6
2025.11.03	01:15:38.157	0.92788	0.92802			6
2025.11.03	01:15:40.552	0.92787				2
2025.11.03	01:15:41.200	0.92789				2
2025.11.03	01:15:42.201	0.92790				2
2025.11.03	01:15:43.620	0.92789	0.92803			6
2025.11.03	01:15:43.936	0.92788	0.92802			6
2025.11.03	01:15:44.764	0.92786	0.92803			6
2025.11.03	01:15:45.794	0.92787	0.92802			6
2025.11.03	01:15:47.138	0.92788	0.92801			6
2025.11.03	01:15:47.865	0.92787	0.92802			6
2025.11.03	01:15:48.180	0.92789				2
2025.11.03	01:15:49.198		0.92801			4
2025.11.03	01:15:49.937	0.92788				2
2025.11.03	01:15:50.246		0.92802			4
2025.11.03	01:15:50.576		0.92801			4
2025.11.03	01:15:51.024	0.92787	0.92802			6
2025.11.03	01:15:51.331	0.92788	0.92801			6
2025.11.03	01:15:52.583		0.92800			4
2025.11.03	01:15:53.055	0.92787				2
2025.11.03	01:15:53.359	0.92788	0.92801			6
2025.11.03	01:15:54.468	0.92787	0.92802			6
2025.11.03	01:15:54.809	0.92788	0.92801			6
2025.11.03	01:15:55.197	0.92787	0.92800			6
2025.11.03	01:15:56.218	0.92788	0.92801			6
2025.11.03	01:15:57.655		0.92803			4
2025.11.03	01:15:58.011	0.92789				2
2025.11.03	01:15:58.387	0.92788	0.92801			6
2025.11.03	01:16:00.237	0.92788				2
2025.11.03	01:16:04.375		0.92802			4
2025.11.03	01:16:04.703		0.92801			4
2025.11.03	01:16:05.537	0.92787				2
2025.11.03	01:16:06.802	0.92788	0.92800			6
2025.11.03	01:16:07.543	0.92787	0.92801			6
2025.11.03	01:16:07.849	0.92788	0.92800			6
2025.11.03	01:16:09.377	0.92785	0.92801			6
2025.11.03	01:16:09.685	0.92788	0.92800			6
2025.11.03	01:16:10.470	0.92786				2
2025.11.03	01:16:10.776	0.92787				2
2025.11.03	01:16:11.084	0.92788	0.92802			6
2025.11.03	01:16:11.398		0.92801			4
2025.11.03	01:16:11.700	0.92787	0.92800			6
2025.11.03	01:16:12.024		0.92801			4
2025.11.03	01:16:12.337		0.92800			4
2025.11.03	01:16:13.059		0.92799			4
2025.11.03	01:16:13.773	0.92788	0.92800			6
2025.11.03	01:16:14.443	0.92787	0.92799			6
2025.11.03	01:16:14.746	0.92788	0.92801			6
2025.11.03	01:16:15.186	0.92787				2
2025.11.03	01:16:15.498		0.92800			4
2025.11.03	01:16:15.848	0.92789	0.92801			6
2025.11.03	01:16:16.497	0.92787	0.92800			6
2025.11.03	01:16:16.825		0.92799			4
2025.11.03	01:16:17.596	0.92784	0.92802			6
2025.11.03	01:16:17.898	0.92786				2
2025.11.03	01:16:18.246		0.92800			4
2025.11.03	01:16:18.566	0.92785	0.92801			6
2025.11.03	01:16:18.878	0.92786	0.92802			6
2025.11.03	01:16:19.931	0.92787	0.92800			6
2025.11.03	01:16:20.318	0.92786	0.92802			6
2025.11.03	01:16:21.015		0.92801			4
2025.11.03	01:16:21.355	0.92785				2
2025.11.03	01:16:21.962	0.92786	0.92800			6
2025.11.03	01:16:22.640	0.92785				2
2025.11.03	01:16:22.995	0.92786				2
2025.11.03	01:16:23.760	0.92785				2
2025.11.03	01:16:25.068	0.92787				2
2025.11.03	01:16:25.717	0.92786	0.92803			6
2025.11.03	01:16:26.018		0.92801			4
2025.11.03	01:16:26.691	0.92784	0.92803			6
2025.11.03	01:16:27.073	0.92786	0.92801			6
2025.11.03	01:16:28.983	0.92788	0.92800			6
2025.11.03	01:16:29.980	0.92787	0.92801			6
2025.11.03	01:16:30.978	0.92786	0.92802			6
2025.11.03	01:16:31.284	0.92787	0.92801			6
2025.11.03	01:16:32.320	0.92788	0.92800			6
2025.11.03	01:16:33.772	0.92786				2
2025.11.03	01:16:34.149	0.92787				2
2025.11.03	01:16:35.017	0.92786				2
2025.11.03	01:16:35.318	0.92787	0.92801			6
2025.11.03	01:16:36.230	0.92786				2
2025.11.03	01:16:36.543	0.92787	0.92800			6
2025.11.03	01:16:37.102	0.92786	0.92801			6
2025.11.03	01:16:37.439	0.92787	0.92800			6
2025.11.03	01:16:38.284	0.92786	0.92801			6
2025.11.03	01:16:39.523	0.92787	0.92800			6
2025.11.03	01:16:40.558	0.92786	0.92801			6
2025.11.03	01:16:40.960	0.92791	0.92808			6
2025.11.03	01:16:41.262	0.92792	0.92805			6
2025.11.03	01:16:41.576		0.92803			4
2025.11.03	01:16:41.933		0.92805			4
2025.11.03	01:16:42.244		0.92803			4
2025.11.03	01:16:42.931	0.92793	0.92804			6
2025.11.03	01:16:43.246	0.92791	0.92805			6
2025.11.03	01:16:43.653	0.92792				2
2025.11.03	01:16:44.038		0.92804			4
2025.11.03	01:16:45.045	0.92790	0.92805			6
2025.11.03	01:16:45.358	0.92792	0.92804			6
2025.11.03	01:16:45.725		0.92806			4
2025.11.03	01:16:46.031		0.92804			4
2025.11.03	01:16:46.348		0.92805			4
2025.11.03	01:16:46.763		0.92804			4
2025.11.03	01:16:47.152	0.92793	0.92806			6
2025.11.03	01:16:47.799	0.92795				2
2025.11.03	01:16:48.190	0.92794	0.92807			6
2025.11.03	01:16:48.519		0.92806			4
2025.11.03	01:16:48.966	0.92795	0.92807			6
2025.11.03	01:16:49.955	0.92793	0.92808			6
2025.11.03	01:16:50.263	0.92794	0.92807			6
2025.11.03	01:16:50.579	0.92795				2
2025.11.03	01:16:51.031	0.92792	0.92804			6
2025.11.03	01:16:51.340		0.92805			4
2025.11.03	01:16:52.014	0.92791	0.92806			6
2025.11.03	01:16:52.320		0.92805			4
2025.11.03	01:16:52.644	0.92792				2
2025.11.03	01:16:52.978	0.92788	0.92809			6
2025.11.03	01:16:53.301	0.92792	0.92804			6
2025.11.03	01:16:53.630		0.92805			4
2025.11.03	01:16:53.987	0.92791	0.92807			6
2025.11.03	01:16:54.300	0.92792	0.92805			6
2025.11.03	01:16:54.641	0.92791	0.92807			6
2025.11.03	01:16:54.974	0.92790				2
2025.11.03	01:16:55.306	0.92792	0.92805			6
2025.11.03	01:16:55.641	0.92803	0.92824			6
2025.11.03	01:16:55.959	0.92801				2
2025.11.03	01:16:56.335		0.92823			4
2025.11.03	01:16:57.134	0.92804	0.92824			6
2025.11.03	01:16:57.439	0.92800	0.92818			6
2025.11.03	01:16:57.776	0.92801				2
2025.11.03	01:16:58.189	0.92804	0.92817			6
2025.11.03	01:16:58.538	0.92802	0.92822			6
2025.11.03	01:16:58.916	0.92804	0.92819			6
2025.11.03	01:16:59.225	0.92802	0.92822			6
2025.11.03	01:16:59.849	0.92803				2
2025.11.03	01:17:00.159	0.92803	0.92820			6
2025.11.03	01:17:00.499		0.92821			4
2025.11.03	01:17:00.812	0.92802	0.92822			6
2025.11.03	01:17:01.149	0.92804	0.92820			6
2025.11.03	01:17:01.488	0.92800	0.92816			6
2025.11.03	01:17:01.800	0.92801				2
2025.11.03	01:17:02.315	0.92802				2
2025.11.03	01:17:02.666	0.92801	0.92818			6
2025.11.03	01:17:02.978	0.92800	0.92816			6
2025.11.03	01:17:03.302		0.92819			4
2025.11.03	01:17:03.731	0.92802	0.92817			6
2025.11.03	01:17:04.405	0.92801	0.92818			6
2025.11.03	01:17:04.768		0.92814			4
2025.11.03	01:17:05.072	0.92802	0.92816			6
2025.11.03	01:17:05.377	0.92801	0.92818			6
2025.11.03	01:17:05.756	0.92800	0.92817			6
2025.11.03	01:17:06.065	0.92802	0.92816			6
2025.11.03	01:17:06.431	0.92801	0.92817			6
2025.11.03	01:17:06.981	0.92800	0.92815			6
2025.11.03	01:17:07.360	0.92799				2
2025.11.03	01:17:08.124	0.92800				2
2025.11.03	01:17:08.427	0.92799	0.92814			6
2025.11.03	01:17:08.731	0.92798				2
2025.11.03	01:17:09.107	0.92800	0.92813			6
2025.11.03	01:17:09.413	0.92798	0.92815			6
2025.11.03	01:17:09.718		0.92814			4
2025.11.03	01:17:11.407	0.92799				2
2025.11.03	01:17:11.730	0.92798	0.92815			6
2025.11.03	01:17:12.349		0.92814			4
2025.11.03	01:17:13.505	0.92788	0.92809			6
2025.11.03	01:17:13.807	0.92796	0.92808			6
2025.11.03	01:17:14.229		0.92810			4
2025.11.03	01:17:14.534	0.92798	0.92809			6
2025.11.03	01:17:14.869	0.92797				2
2025.11.03	01:17:15.645	0.92796				2
2025.11.03	01:17:15.958	0.92788				2
2025.11.03	01:17:16.299	0.92794	0.92810			6
2025.11.03	01:17:16.682		0.92812			4
2025.11.03	01:17:17.007	0.92795	0.92811			6
2025.11.03	01:17:17.389	0.92794	0.92812			6
2025.11.03	01:17:18.935	0.92798	0.92809			6
2025.11.03	01:17:19.591		0.92810			4
2025.11.03	01:17:19.910		0.92809			4
2025.11.03	01:17:21.080		0.92812			4
2025.11.03	01:17:22.012	0.92799	0.92811			6
2025.11.03	01:17:22.317	0.92797	0.92812			6
2025.11.03	01:17:22.873	0.92799	0.92810			6
2025.11.03	01:17:23.179		0.92811			4
2025.11.03	01:17:23.500	0.92797	0.92812			6
2025.11.03	01:17:24.257	0.92799	0.92811			6
2025.11.03	01:17:24.560	0.92798	0.92812			6
2025.11.03	01:17:25.415	0.92790	0.92809			6
2025.11.03	01:17:26.169	0.92789	0.92811			6
2025.11.03	01:17:26.478	0.92791				2
2025.11.03	01:17:26.779	0.92792	0.92810			6
2025.11.03	01:17:27.304	0.92793	0.92809			6
2025.11.03	01:17:27.612	0.92797	0.92808			6
2025.11.03	01:17:28.371	0.92796	0.92810			6
2025.11.03	01:17:29.141	0.92797	0.92809			6
2025.11.03	01:17:29.456	0.92795	0.92811			6
2025.11.03	01:17:29.817	0.92794	0.92810			6
2025.11.03	01:17:30.349	0.92796	0.92808			6
2025.11.03	01:17:30.659		0.92809			4
2025.11.03	01:17:31.758	0.92797	0.92808			6
2025.11.03	01:17:32.695	0.92794				2
2025.11.03	01:17:33.776	0.92792	0.92809			6
2025.11.03	01:17:34.775	0.92796				2
2025.11.03	01:17:35.249	0.92795	0.92810			6
2025.11.03	01:17:35.558	0.92796	0.92808			6
2025.11.03	01:17:35.862	0.92797				2
2025.11.03	01:17:36.197	0.92795	0.92810			6
2025.11.03	01:17:36.582		0.92809			4
2025.11.03	01:17:36.898		0.92810			4
2025.11.03	01:17:37.683	0.92794	0.92812			6
2025.11.03	01:17:37.998	0.92797	0.92808			6
2025.11.03	01:17:38.788		0.92809			4
2025.11.03	01:17:39.100	0.92793	0.92808			6
2025.11.03	01:17:39.738	0.92791	0.92810			6
2025.11.03	01:17:40.046	0.92797	0.92809			6
2025.11.03	01:17:40.825	0.92795	0.92812			6
2025.11.03	01:17:41.129	0.92787	0.92807			6
2025.11.03	01:17:41.440	0.92786	0.92809			6
2025.11.03	01:17:41.749	0.92793				2
2025.11.03	01:17:42.060	0.92794	0.92808			6
2025.11.03	01:17:42.379	0.92795	0.92810			6
2025.11.03	01:17:42.690	0.92799				2
2025.11.03	01:17:43.000	0.92798	0.92811			6
2025.11.03	01:17:43.678	0.92795	0.92810			6
2025.11.03	01:17:44.332	0.92796				2
2025.11.03	01:17:44.640	0.92795				2
2025.11.03	01:17:45.296	0.92794	0.92811			6
2025.11.03	01:17:46.231	0.92793	0.92809			6
2025.11.03	01:17:46.568		0.92810			4
2025.11.03	01:17:47.104	0.92792	0.92809			6
2025.11.03	01:17:47.430	0.92791	0.92810			6
2025.11.03	01:17:47.948		0.92809			4
2025.11.03	01:17:49.178	0.92797	0.92808			6
2025.11.03	01:17:50.277	0.92795	0.92809			6
2025.11.03	01:17:50.581	0.92794	0.92810			6
2025.11.03	01:17:51.653		0.92809			4
2025.11.03	01:17:52.527	0.92795	0.92808			6
2025.11.03	01:17:54.144	0.92796	0.92807			6
2025.11.03	01:17:54.465	0.92795	0.92808			6
2025.11.03	01:17:54.789	0.92794	0.92809			6
2025.11.03	01:17:55.124	0.92796	0.92807			6
2025.11.03	01:17:55.505		0.92808			4
2025.11.03	01:17:55.827	0.92783				2
2025.11.03	01:17:56.139	0.92796	0.92811			6
2025.11.03	01:17:56.455	0.92797	0.92812			6
2025.11.03	01:17:56.797	0.92801				2
2025.11.03	01:17:57.100	0.92797	0.92811			6
2025.11.03	01:17:57.405	0.92798	0.92810			6
2025.11.03	01:17:58.301		0.92809			4
2025.11.03	01:17:58.614	0.92797				2
2025.11.03	01:17:58.919	0.92790	0.92810			6
2025.11.03	01:17:59.274	0.92792	0.92808			6
2025.11.03	01:18:00.007	0.92784	0.92811			6
2025.11.03	01:18:00.443		0.92809			4
2025.11.03	01:18:01.076		0.92810			4
2025.11.03	01:18:01.379		0.92808			4
2025.11.03	01:18:01.695	0.92785	0.92807			6
2025.11.03	01:18:01.999	0.92784				2
2025.11.03	01:18:02.376	0.92783	0.92808			6
2025.11.03	01:18:02.838	0.92785				2
2025.11.03	01:18:03.162		0.92809			4
2025.11.03	01:18:04.465	0.92782	0.92808			6
2025.11.03	01:18:05.166		0.92806			4
2025.11.03	01:18:05.492		0.92807			4
2025.11.03	01:18:05.798	0.92784	0.92808			6
2025.11.03	01:18:06.187		0.92807			4
2025.11.03	01:18:06.493		0.92808			4
2025.11.03	01:18:07.237	0.92787	0.92810			6
2025.11.03	01:18:07.566	0.92784	0.92809			6
2025.11.03	01:18:08.341	0.92786	0.92810			6
2025.11.03	01:18:08.660	0.92784	0.92809			6
2025.11.03	01:18:09.406		0.92808			4
2025.11.03	01:18:10.152	0.92782				2
2025.11.03	01:18:10.543		0.92807			4
2025.11.03	01:18:11.080	0.92783	0.92806			6
2025.11.03	01:18:11.480	0.92782	0.92807			6
2025.11.03	01:18:11.791		0.92806			4
2025.11.03	01:18:12.151	0.92781	0.92805			6
2025.11.03	01:18:12.515		0.92809			4
2025.11.03	01:18:12.817	0.92785	0.92806			6
2025.11.03	01:18:13.131		0.92808			4
2025.11.03	01:18:13.586	0.92781				2
2025.11.03	01:18:14.328	0.92782	0.92806			6
2025.11.03	01:18:14.649	0.92780	0.92805			6
2025.11.03	01:18:15.410		0.92808			4
2025.11.03	01:18:15.738		0.92806			4
2025.11.03	01:18:16.820	0.92783				2
2025.11.03	01:18:17.161	0.92780	0.92805			6
2025.11.03	01:18:17.778		0.92807			4
2025.11.03	01:18:18.111		0.92806			4
2025.11.03	01:18:18.419		0.92804			4
2025.11.03	01:18:18.733		0.92806			4
2025.11.03	01:18:19.040	0.92783	0.92807			6
2025.11.03	01:18:19.358	0.92780	0.92805			6
2025.11.03	01:18:20.384		0.92806			4
2025.11.03	01:18:21.024		0.92804			4
2025.11.03	01:18:21.782	0.92779	0.92805			6
2025.11.03	01:18:22.100		0.92804			4
2025.11.03	01:18:22.504		0.92805			4
2025.11.03	01:18:23.053		0.92804			4
2025.11.03	01:18:23.391	0.92780	0.92806			6
2025.11.03	01:18:23.700	0.92779	0.92804			6
2025.11.03	01:18:24.134	0.92777				2
2025.11.03	01:18:24.438	0.92776				2
2025.11.03	01:18:24.797	0.92779	0.92806			6
2025.11.03	01:18:25.580	0.92780	0.92805			6
2025.11.03	01:18:25.886	0.92782	0.92806			6
2025.11.03	01:18:26.199	0.92780				2
2025.11.03	01:18:26.582		0.92804			4
2025.11.03	01:18:26.889	0.92785	0.92806			6
2025.11.03	01:18:27.536	0.92780	0.92805			6
2025.11.03	01:18:28.297	0.92778				2
2025.11.03	01:18:28.606	0.92779				2
2025.11.03	01:18:28.917	0.92781	0.92803			6
2025.11.03	01:18:29.227	0.92780	0.92804			6
2025.11.03	01:18:29.586		0.92805			4
2025.11.03	01:18:29.939	0.92783	0.92806			6
2025.11.03	01:18:30.281	0.92781				2
2025.11.03	01:18:30.620		0.92805			4
2025.11.03	01:18:31.022		0.92804			4
2025.11.03	01:18:31.338	0.92780	0.92805			6
2025.11.03	01:18:32.132	0.92781				2
2025.11.03	01:18:32.485	0.92779	0.92804			6
2025.11.03	01:18:33.267	0.92780	0.92806			6
2025.11.03	01:18:33.571	0.92778				2
2025.11.03	01:18:33.888		0.92805			4
2025.11.03	01:18:35.009	0.92779				2
2025.11.03	01:18:35.467	0.92782	0.92806			6
2025.11.03	01:18:35.777	0.92779	0.92805			6
2025.11.03	01:18:36.096	0.92781	0.92803			6
2025.11.03	01:18:36.666	0.92779	0.92805			6
2025.11.03	01:18:37.082	0.92780	0.92804			6
2025.11.03	01:18:37.701	0.92779	0.92805			6
2025.11.03	01:18:38.718	0.92778	0.92806			6
2025.11.03	01:18:39.053	0.92779	0.92805			6
2025.11.03	01:18:40.358	0.92780	0.92804			6
2025.11.03	01:18:40.710	0.92782	0.92805			6
2025.11.03	01:18:41.030	0.92780				2
2025.11.03	01:18:41.873		0.92803			4
2025.11.03	01:18:42.760	0.92781	0.92804			6
2025.11.03	01:18:43.082	0.92778	0.92805			6
2025.11.03	01:18:43.885	0.92782				2
2025.11.03	01:18:44.200	0.92780				2
2025.11.03	01:18:44.505		0.92803			4
2025.11.03	01:18:45.173	0.92781				2
2025.11.03	01:18:45.600		0.92804			4
2025.11.03	01:18:45.911		0.92805			4
2025.11.03	01:18:46.277		0.92804			4
2025.11.03	01:18:46.601		0.92802			4
2025.11.03	01:18:46.924		0.92803			4
2025.11.03	01:18:47.368	0.92782				2
2025.11.03	01:18:47.682	0.92781	0.92802			6
2025.11.03	01:18:47.989	0.92780	0.92803			6
2025.11.03	01:18:48.434	0.92781				2
2025.11.03	01:18:49.754		0.92802			4
2025.11.03	01:18:50.622	0.92780				2
2025.11.03	01:18:50.939	0.92788	0.92800			6
2025.11.03	01:18:51.241	0.92785	0.92802			6
2025.11.03	01:18:51.554	0.92786				2
2025.11.03	01:18:52.239	0.92782	0.92803			6
2025.11.03	01:18:52.701		0.92802			4
2025.11.03	01:18:53.201	0.92783				2
2025.11.03	01:18:53.531	0.92778				2
2025.11.03	01:18:53.842	0.92781				2
2025.11.03	01:18:54.168	0.92780	0.92803			6
2025.11.03	01:18:54.487	0.92782				2
2025.11.03	01:18:54.849	0.92780	0.92802			6
2025.11.03	01:18:55.207	0.92784				2
2025.11.03	01:18:55.606	0.92783				2
2025.11.03	01:18:56.036	0.92785				2
2025.11.03	01:18:56.344	0.92788	0.92803			6
2025.11.03	01:18:56.676	0.92777	0.92801			6
2025.11.03	01:18:56.989	0.92776	0.92802			6
2025.11.03	01:18:57.307	0.92788				2
2025.11.03	01:18:57.610	0.92789				2
2025.11.03	01:18:57.928	0.92786	0.92805			6
2025.11.03	01:18:58.240	0.92779	0.92802			6
2025.11.03	01:18:58.547	0.92778	0.92800			6
2025.11.03	01:18:59.084		0.92801			4
2025.11.03	01:18:59.409	0.92779	0.92802			6
2025.11.03	01:18:59.736		0.92801			4
2025.11.03	01:19:00.127	0.92779	0.92802			6
2025.11.03	01:19:00.782	0.92778	0.92800			6
2025.11.03	01:19:01.201	0.92777				2
2025.11.03	01:19:01.940		0.92799			4
2025.11.03	01:19:02.265	0.92781	0.92800			6
2025.11.03	01:19:02.573	0.92778				2
2025.11.03	01:19:02.878	0.92782	0.92801			6
2025.11.03	01:19:03.180	0.92788				2
2025.11.03	01:19:03.518		0.92804			4
2025.11.03	01:19:04.064	0.92789				2
2025.11.03	01:19:04.389		0.92803			4
2025.11.03	01:19:04.834	0.92791	0.92804			6
2025.11.03	01:19:06.087	0.92786	0.92800			6
2025.11.03	01:19:06.439	0.92778	0.92798			6
2025.11.03	01:19:06.783	0.92785				2
2025.11.03	01:19:07.174	0.92783				2
2025.11.03	01:19:08.841	0.92778				2
2025.11.03	01:19:09.798	0.92777				2
2025.11.03	01:19:10.107	0.92779				2
2025.11.03	01:19:11.239	0.92778				2
2025.11.03	01:19:11.967	0.92779				2
2025.11.03	01:19:12.277	0.92778				2
2025.11.03	01:19:13.002	0.92779	0.92797			6
2025.11.03	01:19:13.319	0.92777	0.92800			6
2025.11.03	01:19:14.021	0.92779	0.92798			6
2025.11.03	01:19:15.493	0.92780	0.92797			6
2025.11.03	01:19:16.440	0.92779				2
2025.11.03	01:19:16.991	0.92780				2
2025.11.03	01:19:17.864		0.92796			4
2025.11.03	01:19:18.178	0.92777	0.92800			6
2025.11.03	01:19:18.900	0.92782	0.92799			6
2025.11.03	01:19:20.067	0.92784				2
2025.11.03	01:19:20.379	0.92785				2
2025.11.03	01:19:21.757	0.92781				2
2025.11.03	01:19:22.141	0.92786	0.92798			6
2025.11.03	01:19:22.464	0.92783	0.92800			6
2025.11.03	01:19:22.995	0.92785				2
2025.11.03	01:19:23.371	0.92781	0.92799			6
2025.11.03	01:19:23.756	0.92784	0.92801			6
2025.11.03	01:19:24.058		0.92800			4
2025.11.03	01:19:24.385	0.92785				2
2025.11.03	01:19:25.314	0.92788	0.92802			6
2025.11.03	01:19:25.621	0.92786	0.92800			6
2025.11.03	01:19:26.278	0.92789	0.92801			6
2025.11.03	01:19:28.882	0.92786				2
2025.11.03	01:19:29.396	0.92789				2
2025.11.03	01:19:30.115	0.92784	0.92798			6
2025.11.03	01:19:30.627	0.92782				2
2025.11.03	01:19:32.976	0.92777	0.92799			6
2025.11.03	01:19:33.512	0.92782				2
2025.11.03	01:19:34.661	0.92781	0.92800			6
2025.11.03	01:19:36.604	0.92782	0.92799			6
2025.11.03	01:19:38.236	0.92777	0.92798			6
2025.11.03	01:19:38.619		0.92799			4
2025.11.03	01:19:41.942		0.92798			4
2025.11.03	01:19:43.237	0.92778	0.92799			6
2025.11.03	01:19:43.831		0.92800			4
2025.11.03	01:19:44.947	0.92781				2
2025.11.03	01:19:49.918	0.92780	0.92802			6
2025.11.03	01:19:50.384	0.92781	0.92800			6
2025.11.03	01:19:51.073	0.92780	0.92802			6
2025.11.03	01:19:51.397	0.92781	0.92800			6
2025.11.03	01:19:52.110	0.92780	0.92802			6
2025.11.03	01:19:52.435	0.92782	0.92799			6
2025.11.03	01:19:53.056	0.92780	0.92801			6
2025.11.03	01:19:53.381	0.92781	0.92800			6
2025.11.03	01:19:54.058	0.92780	0.92801			6
2025.11.03	01:19:54.440	0.92781	0.92800			6
2025.11.03	01:19:55.153	0.92780	0.92801			6
2025.11.03	01:19:55.475	0.92781	0.92800			6
2025.11.03	01:19:56.426	0.92780	0.92801			6
2025.11.03	01:19:56.744		0.92799			4
2025.11.03	01:19:57.197	0.92781	0.92800			6
2025.11.03	01:19:57.512	0.92782	0.92798			6
2025.11.03	01:19:58.031	0.92783				2
2025.11.03	01:19:58.341	0.92780	0.92801			6
2025.11.03	01:19:58.684	0.92782	0.92798			6
2025.11.03	01:19:59.358	0.92780	0.92803			6
2025.11.03	01:19:59.663	0.92781	0.92800			6
2025.11.03	01:20:00.194	0.92780	0.92802			6
2025.11.03	01:20:00.498	0.92783	0.92805			6
2025.11.03	01:20:00.802		0.92803			4
2025.11.03	01:20:01.563		0.92802			4
2025.11.03	01:20:02.595	0.92780				2
2025.11.03	01:20:03.444	0.92785	0.92803			6
2025.11.03	01:20:03.825	0.92783	0.92800			6
2025.11.03	01:20:04.702	0.92780	0.92801			6
2025.11.03	01:20:05.034	0.92782	0.92800			6
2025.11.03	01:20:05.537	0.92780	0.92797			6
2025.11.03	01:20:06.148		0.92798			4
2025.11.03	01:20:06.542		0.92799			4
2025.11.03	01:20:07.635	0.92779	0.92798			6
2025.11.03	01:20:07.959	0.92781	0.92799			6
2025.11.03	01:20:08.996		0.92797			4
2025.11.03	01:20:09.858	0.92786	0.92798			6
2025.11.03	01:20:10.203	0.92781				2
2025.11.03	01:20:12.831		0.92796			4
2025.11.03	01:20:13.848	0.92779				2
2025.11.03	01:20:14.859	0.92780				2
2025.11.03	01:20:15.833	0.92781	0.92795			6
2025.11.03	01:20:16.138	0.92780	0.92797			6
2025.11.03	01:20:16.457	0.92782				2
2025.11.03	01:20:17.193	0.92780				2
2025.11.03	01:20:17.506		0.92796			4
2025.11.03	01:20:18.456	0.92777				2
2025.11.03	01:20:18.770		0.92797			4
2025.11.03	01:20:19.375	0.92782				2
2025.11.03	01:20:19.679	0.92785	0.92796			6
2025.11.03	01:20:19.984	0.92784	0.92797			6
2025.11.03	01:20:21.125		0.92796			4
2025.11.03	01:20:21.431	0.92783	0.92797			6
2025.11.03	01:20:22.157	0.92777	0.92794			6
2025.11.03	01:20:22.512	0.92781	0.92793			6
2025.11.03	01:20:22.842	0.92782	0.92795			6
2025.11.03	01:20:23.166	0.92783	0.92794			6
2025.11.03	01:20:23.477	0.92782	0.92793			6
2025.11.03	01:20:23.797	0.92783	0.92795			6
2025.11.03	01:20:24.263		0.92794			4
2025.11.03	01:20:24.612	0.92782	0.92795			6
2025.11.03	01:20:25.237	0.92779	0.92794			6
2025.11.03	01:20:25.538	0.92782				2
2025.11.03	01:20:25.947	0.92783	0.92795			6
2025.11.03	01:20:26.287	0.92780	0.92794			6
2025.11.03	01:20:26.591	0.92779				2
2025.11.03	01:20:26.909	0.92777	0.92795			6
2025.11.03	01:20:27.236		0.92794			4
2025.11.03	01:20:27.614	0.92778	0.92795			6
2025.11.03	01:20:28.360	0.92780	0.92794			6
2025.11.03	01:20:28.792	0.92779	0.92795			6
2025.11.03	01:20:29.477	0.92778	0.92794			6
2025.11.03	01:20:29.812	0.92779	0.92796			6
2025.11.03	01:20:30.315	0.92781	0.92798			6
2025.11.03	01:20:30.620		0.92796			4
2025.11.03	01:20:30.937	0.92783	0.92795			6
2025.11.03	01:20:31.394	0.92778	0.92794			6
2025.11.03	01:20:31.735	0.92781	0.92796			6
2025.11.03	01:20:32.398	0.92782	0.92795			6
2025.11.03	01:20:33.600	0.92783				2
2025.11.03	01:20:33.999	0.92784	0.92794			6
2025.11.03	01:20:34.318	0.92781	0.92796			6
2025.11.03	01:20:34.620	0.92779				2
2025.11.03	01:20:35.002	0.92780				2
2025.11.03	01:20:35.330	0.92781	0.92795			6
2025.11.03	01:20:35.782	0.92778				2
2025.11.03	01:20:36.123	0.92779	0.92794			6
2025.11.03	01:20:36.950	0.92778				2
2025.11.03	01:20:37.317	0.92785	0.92798			6
2025.11.03	01:20:37.621	0.92784	0.92804			6
2025.11.03	01:20:38.321	0.92785				2
2025.11.03	01:20:39.386		0.92803			4
2025.11.03	01:20:40.078	0.92784	0.92805			6
2025.11.03	01:20:40.454	0.92785	0.92804			6
2025.11.03	01:20:40.783	0.92784	0.92805			6
2025.11.03	01:20:41.654	0.92785	0.92801			6
2025.11.03	01:20:42.275	0.92784				2
2025.11.03	01:20:42.925	0.92785	0.92800			6
2025.11.03	01:20:43.252		0.92802			4
2025.11.03	01:20:44.214	0.92784				2
2025.11.03	01:20:45.871	0.92785	0.92801			6
2025.11.03	01:20:46.258		0.92802			4
2025.11.03	01:20:46.920	0.92786	0.92800			6
2025.11.03	01:20:47.584	0.92785	0.92801			6
2025.11.03	01:20:51.407	0.92784	0.92800			6
2025.11.03	01:20:51.726	0.92783	0.92799			6
2025.11.03	01:20:52.106		0.92797			4
2025.11.03	01:20:52.610	0.92782	0.92794			6
2025.11.03	01:20:53.299		0.92793			4
2025.11.03	01:20:53.599	0.92781	0.92797			6
2025.11.03	01:20:54.247	0.92782	0.92792			6
2025.11.03	01:20:54.584		0.92793			4
2025.11.03	01:20:56.610	0.92780	0.92792			6
2025.11.03	01:20:57.632	0.92779				2
2025.11.03	01:20:59.705	0.92786	0.92799			6
2025.11.03	01:21:00.010	0.92783				2
2025.11.03	01:21:00.747		0.92800			4
2025.11.03	01:21:01.048		0.92799			4
2025.11.03	01:21:01.897		0.92798			4
2025.11.03	01:21:02.277	0.92781	0.92799			6
2025.11.03	01:21:02.933	0.92783				2
2025.11.03	01:21:03.240	0.92781				2
2025.11.03	01:21:04.153	0.92782				2
2025.11.03	01:21:05.191	0.92781	0.92798			6
2025.11.03	01:21:06.538	0.92780	0.92799			6
2025.11.03	01:21:06.845	0.92782	0.92798			6
2025.11.03	01:21:07.147	0.92780	0.92800			6
2025.11.03	01:21:09.162	0.92781				2
2025.11.03	01:21:14.077	0.92783	0.92799			6
2025.11.03	01:21:14.380	0.92782				2
2025.11.03	01:21:17.039	0.92783	0.92800			6
2025.11.03	01:21:18.070	0.92782	0.92799			6
2025.11.03	01:21:18.524		0.92800			4
2025.11.03	01:21:18.833	0.92783				2
2025.11.03	01:21:19.216	0.92782				2
2025.11.03	01:21:21.567	0.92781	0.92801			6
2025.11.03	01:21:21.892	0.92780	0.92798			6
2025.11.03	01:21:22.251		0.92799			4
2025.11.03	01:21:25.904	0.92781				2
2025.11.03	01:21:26.250		0.92800			4
2025.11.03	01:21:27.199	0.92780	0.92799			6
2025.11.03	01:21:29.980	0.92784	0.92797			6
2025.11.03	01:21:30.299	0.92786				2
2025.11.03	01:21:31.347	0.92787				2
2025.11.03	01:21:31.649	0.92786				2
2025.11.03	01:21:32.121	0.92785				2
2025.11.03	01:21:32.425	0.92786				2
2025.11.03	01:21:33.229	0.92784				2
2025.11.03	01:21:33.538	0.92786				2
2025.11.03	01:21:34.193	0.92785	0.92798			6
2025.11.03	01:21:34.497	0.92786	0.92797			6
2025.11.03	01:21:35.561	0.92785	0.92798			6
2025.11.03	01:21:35.899		0.92797			4
2025.11.03	01:21:36.804	0.92784				2
2025.11.03	01:21:39.913		0.92798			4
2025.11.03	01:21:40.216		0.92797			4
2025.11.03	01:21:40.641	0.92785	0.92796			6
2025.11.03	01:21:41.186	0.92784				2
2025.11.03	01:21:43.764		0.92797			4
2025.11.03	01:21:44.599	0.92782	0.92798			6
2025.11.03	01:21:44.930	0.92786	0.92796			6
2025.11.03	01:21:45.243	0.92785	0.92801			6
2025.11.03	01:21:46.231	0.92784				2
2025.11.03	01:21:47.255		0.92802			4
2025.11.03	01:21:47.700		0.92805			4
2025.11.03	01:21:48.018	0.92783				2
2025.11.03	01:21:48.967	0.92784	0.92794			6
2025.11.03	01:21:49.974	0.92783				2
2025.11.03	01:21:50.278		0.92795			4
2025.11.03	01:21:52.022	0.92784	0.92794			6
2025.11.03	01:21:53.125	0.92783	0.92795			6
2025.11.03	01:21:56.163	0.92784				2
2025.11.03	01:21:57.330	0.92783				2
2025.11.03	01:21:59.273	0.92784				2
2025.11.03	01:22:00.437	0.92784	0.92794			6
2025.11.03	01:22:00.972	0.92783	0.92795			6
2025.11.03	01:22:02.381	0.92784				2
2025.11.03	01:22:03.546	0.92783				2
2025.11.03	01:22:05.489	0.92784				2
2025.11.03	01:22:06.877	0.92783				2
2025.11.03	01:22:08.597	0.92784				2
2025.11.03	01:22:09.613	0.92787	0.92801			6
2025.11.03	01:22:09.918		0.92803			4
2025.11.03	01:22:10.669	0.92786				2
2025.11.03	01:22:11.140	0.92787				2
2025.11.03	01:22:18.314	0.92786				2
2025.11.03	01:22:19.778		0.92802			4
2025.11.03	01:22:21.274		0.92803			4
2025.11.03	01:22:25.809	0.92784	0.92794			6
2025.11.03	01:22:26.493	0.92780	0.92793			6
2025.11.03	01:22:27.198		0.92794			4
2025.11.03	01:22:27.508	0.92781	0.92793			6
2025.11.03	01:22:30.483	0.92780	0.92794			6
2025.11.03	01:22:31.551	0.92781	0.92793			6
2025.11.03	01:22:32.088	0.92784	0.92797			6
2025.11.03	01:22:33.322	0.92783	0.92798			6
2025.11.03	01:22:37.246	0.92784	0.92797			6
2025.11.03	01:22:39.278	0.92783				2
2025.11.03	01:22:42.287	0.92785	0.92796			6
2025.11.03	01:22:42.653	0.92783	0.92797			6
2025.11.03	01:22:43.378	0.92784	0.92796			6
2025.11.03	01:22:43.690	0.92783	0.92797			6
2025.11.03	01:22:44.812	0.92784				2
2025.11.03	01:22:46.745	0.92785	0.92795			6
2025.11.03	01:22:47.090	0.92784	0.92797			6
2025.11.03	01:22:54.178	0.92785	0.92796			6
2025.11.03	01:22:54.948	0.92784				2
2025.11.03	01:22:56.024		0.92797			4
2025.11.03	01:23:00.168	0.92784				2
2025.11.03	01:23:01.205	0.92785	0.92803			6
2025.11.03	01:23:01.511		0.92805			4
2025.11.03	01:23:02.354		0.92804			4
2025.11.03	01:23:02.675	0.92786	0.92805			6
2025.11.03	01:23:03.014		0.92804			4
2025.11.03	01:23:03.535		0.92805			4
2025.11.03	01:23:04.426	0.92785	0.92804			6
2025.11.03	01:23:04.737	0.92786	0.92800			6
2025.11.03	01:23:05.602		0.92799			4
2025.11.03	01:23:06.018		0.92804			4
2025.11.03	01:23:07.681		0.92805			4
2025.11.03	01:23:08.097	0.92785	0.92802			6
2025.11.03	01:23:08.714		0.92805			4
2025.11.03	01:23:09.373		0.92802			4
2025.11.03	01:23:09.749	0.92786	0.92805			6
2025.11.03	01:23:10.403	0.92785				2
2025.11.03	01:23:11.337		0.92802			4
2025.11.03	01:23:11.821		0.92801			4
2025.11.03	01:23:12.498		0.92805			4
2025.11.03	01:23:16.994		0.92807			4
2025.11.03	01:23:19.066		0.92805			4
2025.11.03	01:23:20.102	0.92784	0.92807			6
2025.11.03	01:23:21.136		0.92803			4
2025.11.03	01:23:22.049	0.92785				2
2025.11.03	01:23:22.661		0.92805			4
2025.11.03	01:23:23.658	0.92784				2
2025.11.03	01:23:23.984	0.92785				2
2025.11.03	01:23:24.691	0.92784				2
2025.11.03	01:23:25.322	0.92785				2
2025.11.03	01:23:25.728	0.92784				2
2025.11.03	01:23:27.051	0.92785				2
2025.11.03	01:23:27.799	0.92784				2
2025.11.03	01:23:28.126	0.92785				2
2025.11.03	01:23:28.784	0.92783	0.92803			6
2025.11.03	01:23:29.130	0.92784				2
2025.11.03	01:23:29.801		0.92804			4
2025.11.03	01:23:30.908		0.92802			4
2025.11.03	01:23:31.844	0.92783	0.92796			6
2025.11.03	01:23:32.158		0.92795			4
2025.11.03	01:23:33.191	0.92784	0.92794			6
2025.11.03	01:23:33.949	0.92783	0.92795			6
2025.11.03	01:23:34.990	0.92784	0.92794			6
2025.11.03	01:23:36.096	0.92783				2
2025.11.03	01:23:37.066	0.92784				2
2025.11.03	01:23:37.834	0.92783				2
2025.11.03	01:23:38.217	0.92784				2
2025.11.03	01:23:39.132	0.92790	0.92808			6
2025.11.03	01:23:39.442	0.92792	0.92811			6
2025.11.03	01:23:39.778	0.92793	0.92813			6
2025.11.03	01:23:41.317		0.92812			4
2025.11.03	01:23:42.344		0.92811			4
