<DATE>	<TIME>	<BID>	<ASK>	<LAST>	<VOLUME>	<FLAGS>
2025.08.04	00:04:00.577	0.93154	0.93279			6
2025.08.04	00:04:09.535		0.93309			4
2025.08.04	00:04:52.996		0.93315			4
2025.08.04	00:05:00.440	0.93153				2
2025.08.04	00:05:01.133	0.93152				2
2025.08.04	00:05:01.646	0.93168				2
2025.08.04	00:05:24.944	0.93087	0.93279			6
2025.08.04	00:05:25.617	0.93086				2
2025.08.04	00:05:25.966	0.93072	0.93303			6
2025.08.04	00:05:40.870	0.93117	0.93339			6
2025.08.04	00:05:50.557	0.93115				2
2025.08.04	00:05:51.797	0.93117				2
2025.08.04	00:05:55.076	0.93124				2
2025.08.04	00:05:57.356	0.93121				2
2025.08.04	00:05:59.059	0.93124				2
2025.08.04	00:06:00.941	0.93128				2
2025.08.04	00:06:02.150	0.93133				2
2025.08.04	00:06:02.711	0.93139				2
2025.08.04	00:06:03.289	0.93136				2
2025.08.04	00:06:05.884	0.93140				2
2025.08.04	00:06:06.500	0.93144				2
2025.08.04	00:06:07.369	0.93149				2
2025.08.04	00:06:07.869	0.93148				2
2025.08.04	00:06:12.577	0.93145				2
2025.08.04	00:06:20.008	0.93149				2
2025.08.04	00:06:20.596	0.93154				2
2025.08.04	00:06:22.835	0.93155				2
2025.08.04	00:06:23.798	0.93159				2
2025.08.04	00:06:26.704	0.93164				2
2025.08.04	00:06:27.369		0.93348			4
2025.08.04	00:06:30.442	0.93124	0.93314			6
2025.08.04	00:06:30.883	0.93119				2
2025.08.04	00:06:32.178	0.93121				2
2025.08.04	00:06:33.956	0.93124				2
2025.08.04	00:06:37.473	0.93123				2
2025.08.04	00:06:38.558	0.93163				2
2025.08.04	00:06:42.105	0.93165				2
2025.08.04	00:06:43.435	0.93164				2
2025.08.04	00:06:43.935	0.93166				2
2025.08.04	00:06:50.046	0.93125				2
2025.08.04	00:06:50.804	0.93133				2
2025.08.04	00:06:53.114	0.93134				2
2025.08.04	00:06:57.775	0.93136				2
2025.08.04	00:07:01.559	0.93176				2
2025.08.04	00:07:03.318	0.93171				2
2025.08.04	00:07:04.560	0.93130				2
2025.08.04	00:07:05.053	0.93135				2
2025.08.04	00:07:05.798	0.93136				2
2025.08.04	00:07:06.571	0.93135	0.93308			6
2025.08.04	00:07:08.078	0.93134				2
2025.08.04	00:07:11.548	0.93135				2
2025.08.04	00:07:13.986	0.93137				2
2025.08.04	00:07:15.222	0.93138				2
2025.08.04	00:07:15.996	0.93135				2
2025.08.04	00:07:19.557	0.93168				2
2025.08.04	00:07:19.864	0.93169				2
2025.08.04	00:07:20.718	0.93171				2
2025.08.04	00:07:24.261	0.93172				2
2025.08.04	00:07:45.598	0.93180				2
2025.08.04	00:07:58.669	0.93181				2
2025.08.04	00:07:59.553	0.93149				2
2025.08.04	00:08:00.794	0.93150				2
2025.08.04	00:08:01.625		0.93310			4
2025.08.04	00:08:14.392	0.93183				2
2025.08.04	00:08:45.362	0.93182				2
2025.08.04	00:08:54.547	0.93145				2
2025.08.04	00:08:56.630		0.93316			4
2025.08.04	00:09:02.619	0.93145				2
2025.08.04	00:09:07.446	0.93179				2
2025.08.04	00:09:14.201	0.93180				2
2025.08.04	00:09:27.280	0.93181				2
2025.08.04	00:09:33.113	0.93180				2
2025.08.04	00:09:34.420	0.93118	0.93279			6
2025.08.04	00:09:36.057	0.93121				2
2025.08.04	00:10:00.432	0.93124				2
2025.08.04	00:10:03.971	0.93200				2
2025.08.04	00:10:05.112	0.93202				2
2025.08.04	00:10:11.158	0.93205				2
2025.08.04	00:10:34.655		0.93279			4
2025.08.04	00:10:42.201	0.93204				2
2025.08.04	00:10:43.993	0.93205				2
2025.08.04	00:11:01.475	0.93205				2
2025.08.04	00:11:09.516	0.93206				2
2025.08.04	00:11:35.144	0.93117	0.93279			6
2025.08.04	00:11:39.611	0.93206				2
2025.08.04	00:11:41.672	0.93190				2
2025.08.04	00:11:42.006	0.93206				2
2025.08.04	00:11:42.798	0.93207				2
2025.08.04	00:11:46.834	0.93208				2
2025.08.04	00:11:48.301	0.93207				2
2025.08.04	00:11:53.148	0.93206				2
2025.08.04	00:11:58.199	0.93207				2
2025.08.04	00:12:00.875	0.93207				2
2025.08.04	00:12:02.206	0.93206				2
2025.08.04	00:12:03.205	0.93199				2
2025.08.04	00:12:04.655	0.93198				2
2025.08.04	00:12:07.567	0.93199				2
2025.08.04	00:12:09.107	0.93198				2
2025.08.04	00:12:10.419	0.93199				2
2025.08.04	00:12:11.450	0.93200				2
2025.08.04	00:12:12.200	0.93201				2
2025.08.04	00:12:13.286	0.93200				2
2025.08.04	00:12:15.675	0.93051	0.93277			6
2025.08.04	00:13:00.892	0.93051				2
2025.08.04	00:13:10.929	0.93053				2
2025.08.04	00:13:16.190		0.93277			4
2025.08.04	00:13:29.257	0.93055				2
2025.08.04	00:13:42.145	0.93057				2
2025.08.04	00:13:51.195	0.93058				2
2025.08.04	00:14:00.291	0.93058				2
2025.08.04	00:14:01.852	0.93059				2
2025.08.04	00:14:11.696	0.93060				2
2025.08.04	00:14:16.793		0.93277			4
2025.08.04	00:14:22.128	0.93059				2
2025.08.04	00:14:29.090	0.93058				2
2025.08.04	00:14:32.131	0.93061				2
2025.08.04	00:14:37.188	0.93065				2
2025.08.04	00:15:00.291	0.93065				2
2025.08.04	00:15:00.676	0.93077				2
2025.08.04	00:15:04.331	0.93064				2
2025.08.04	00:15:14.892	0.93081				2
2025.08.04	00:15:17.090		0.93277			4
2025.08.04	00:15:59.406	0.93084				2
2025.08.04	00:16:01.494	0.93084				2
2025.08.04	00:16:03.487	0.93082				2
2025.08.04	00:16:07.493	0.93076				2
2025.08.04	00:16:13.373	0.93074				2
2025.08.04	00:16:19.491		0.93277			4
2025.08.04	00:16:28.372	0.93086				2
2025.08.04	00:16:48.387	0.93074				2
2025.08.04	00:16:50.697	0.93077				2
2025.08.04	00:17:00.322	0.93077				2
2025.08.04	00:17:12.207	0.93084				2
2025.08.04	00:17:14.343	0.93099				2
2025.08.04	00:17:21.892		0.93277			4
2025.08.04	00:18:00.870	0.93099				2
2025.08.04	00:18:14.025	0.93084				2
2025.08.04	00:18:14.350	0.93099				2
2025.08.04	00:18:16.183	0.93093				2
2025.08.04	00:18:22.192		0.93277			4
2025.08.04	00:18:45.928	0.93083				2
2025.08.04	00:19:01.191	0.93083				2
2025.08.04	00:19:07.880	0.93090				2
2025.08.04	00:19:22.117	0.93097				2
2025.08.04	00:19:22.579		0.93277			4
2025.08.04	00:19:39.406	0.93096				2
2025.08.04	00:19:43.675	0.93129				2
2025.08.04	00:19:49.639	0.93093				2
2025.08.04	00:20:00.895	0.93093				2
2025.08.04	00:20:25.192		0.93277			4
2025.08.04	00:21:00.898	0.93093				2
2025.08.04	00:21:10.196	0.93101				2
2025.08.04	00:21:25.614		0.93277			4
2025.08.04	00:21:36.209	0.93113				2
2025.08.04	00:21:49.343	0.93111				2
2025.08.04	00:22:00.603	0.93111				2
2025.08.04	00:22:04.351	0.93110				2
2025.08.04	00:22:16.128	0.93101				2
2025.08.04	00:22:26.990		0.93277			4
2025.08.04	00:22:37.038	0.93092				2
2025.08.04	00:22:40.882	0.93182	0.93310			6
2025.08.04	00:23:00.591	0.93182				2
2025.08.04	00:23:41.091		0.93310			4
2025.08.04	00:24:00.291	0.93182				2
2025.08.04	00:24:41.991		0.93310			4
2025.08.04	00:25:00.325	0.93182				2
2025.08.04	00:25:42.297		0.93310			4
2025.08.04	00:26:00.322	0.93182				2
2025.08.04	00:26:42.890		0.93310			4
2025.08.04	00:27:00.292	0.93182				2
2025.08.04	00:27:43.796		0.93310			4
2025.08.04	00:28:01.088	0.93182				2
2025.08.04	00:28:43.917		0.93310			4
2025.08.04	00:29:01.200	0.93182				2
2025.08.04	00:29:44.400		0.93310			4
2025.08.04	00:30:00.304	0.93182				2
2025.08.04	00:30:45.292		0.93310			4
2025.08.04	00:31:00.316	0.93182				2
2025.08.04	00:31:12.974	0.93180	0.93308			6
2025.08.04	00:32:00.592	0.93180				2
2025.08.04	00:32:07.718	0.93178	0.93307			6
2025.08.04	00:33:00.406	0.93178				2
2025.08.04	00:33:02.975	0.93177				2
2025.08.04	00:33:08.150		0.93307			4
2025.08.04	00:34:00.280	0.93177				2
2025.08.04	00:34:08.392		0.93307			4
2025.08.04	00:34:52.984	0.93182	0.93310			6
2025.08.04	00:35:00.291	0.93182				2
2025.08.04	00:35:47.979	0.93177	0.93307			6
2025.08.04	00:36:00.396	0.93177				2
2025.08.04	00:36:48.891		0.93307			4
2025.08.04	00:37:00.414	0.93177				2
2025.08.04	00:37:10.425	0.93181				2
2025.08.04	00:37:12.590	0.93180				2
2025.08.04	00:37:15.590	0.93181				2
2025.08.04	00:37:19.482	0.93184				2
2025.08.04	00:37:19.789	0.93181				2
2025.08.04	00:37:26.695	0.93182				2
2025.08.04	00:37:30.403	0.93186				2
2025.08.04	00:37:30.890	0.93185				2
2025.08.04	00:37:32.125	0.93180				2
2025.08.04	00:37:33.800	0.93179				2
2025.08.04	00:37:34.227	0.93180				2
2025.08.04	00:37:40.194	0.93181				2
2025.08.04	00:37:40.947	0.93184				2
2025.08.04	00:37:41.274	0.93194				2
2025.08.04	00:37:41.741	0.93196				2
2025.08.04	00:37:43.190	0.93197				2
2025.08.04	00:37:44.399	0.93196				2
2025.08.04	00:37:45.593	0.93197				2
2025.08.04	00:37:47.811	0.93194				2
2025.08.04	00:37:48.935		0.93307			4
2025.08.04	00:37:52.791	0.93195				2
2025.08.04	00:37:56.090	0.93194				2
2025.08.04	00:37:56.549	0.93189				2
2025.08.04	00:37:57.592	0.93190				2
2025.08.04	00:38:00.321	0.93190				2
2025.08.04	00:38:01.496	0.93191				2
2025.08.04	00:38:01.821	0.93189				2
2025.08.04	00:38:02.186	0.93190				2
2025.08.04	00:38:03.251	0.93195				2
2025.08.04	00:38:03.657	0.93197				2
2025.08.04	00:38:10.191	0.93198				2
2025.08.04	00:38:15.837	0.93195				2
2025.08.04	00:38:18.517	0.93191				2
2025.08.04	00:38:21.465	0.93196				2
2025.08.04	00:38:21.969	0.93192				2
2025.08.04	00:38:22.468	0.93193				2
2025.08.04	00:38:22.793	0.93197				2
2025.08.04	00:38:23.315	0.93192				2
2025.08.04	00:38:25.191	0.93193				2
2025.08.04	00:38:25.791	0.93197				2
2025.08.04	00:38:26.468	0.93193				2
2025.08.04	00:38:26.991	0.93192				2
2025.08.04	00:38:27.532	0.93198				2
2025.08.04	00:38:28.021	0.93193				2
2025.08.04	00:38:28.520	0.93198				2
2025.08.04	00:38:29.527	0.93193				2
2025.08.04	00:38:29.849	0.93196				2
2025.08.04	00:38:30.291	0.93194				2
2025.08.04	00:38:30.889	0.93195				2
2025.08.04	00:38:36.701	0.93198				2
2025.08.04	00:38:43.792	0.93197				2
2025.08.04	00:38:44.994	0.93198				2
2025.08.04	00:38:49.791		0.93307			4
2025.08.04	00:38:53.395	0.93199				2
2025.08.04	00:38:57.598	0.93198				2
2025.08.04	00:39:00.328	0.93199				2
2025.08.04	00:39:01.492	0.93200				2
2025.08.04	00:39:04.482	0.93201				2
2025.08.04	00:39:05.996	0.93202				2
2025.08.04	00:39:06.598	0.93201				2
2025.08.04	00:39:09.353	0.93202				2
2025.08.04	00:39:11.876	0.93201				2
2025.08.04	00:39:14.090	0.93202				2
2025.08.04	00:39:14.931	0.93201				2
2025.08.04	00:39:16.791	0.93202				2
2025.08.04	00:39:21.196	0.93201				2
2025.08.04	00:39:21.497	0.93203				2
2025.08.04	00:39:21.798	0.93212				2
2025.08.04	00:39:22.104	0.93213				2
2025.08.04	00:39:22.418	0.93211				2
2025.08.04	00:39:23.580	0.93203				2
2025.08.04	00:39:27.591	0.93202				2
2025.08.04	00:39:28.790	0.93203				2
2025.08.04	00:39:30.402	0.93199				2
2025.08.04	00:39:30.822	0.93183				2
2025.08.04	00:39:31.321	0.93184				2
2025.08.04	00:39:32.091	0.93183				2
2025.08.04	00:39:43.794	0.93184				2
2025.08.04	00:39:45.291	0.93183				2
2025.08.04	00:39:45.862	0.93186				2
2025.08.04	00:39:48.891	0.93185				2
2025.08.04	00:39:49.638	0.93184				2
2025.08.04	00:39:50.090	0.93185	0.93307			6
2025.08.04	00:39:53.691	0.93186				2
2025.08.04	00:39:54.590	0.93185				2
2025.08.04	00:39:56.090	0.93184				2
2025.08.04	00:40:00.291	0.93183				2
2025.08.04	00:40:00.860	0.93180				2
2025.08.04	00:40:04.790	0.93181				2
2025.08.04	00:40:14.013	0.93180				2
2025.08.04	00:40:14.396	0.93181				2
2025.08.04	00:40:21.501	0.93183				2
2025.08.04	00:40:50.093	0.93182	0.93307			6
2025.08.04	00:40:50.692	0.93183				2
2025.08.04	00:40:55.794	0.93182				2
2025.08.04	00:41:00.323	0.93182				2
2025.08.04	00:41:04.790	0.93183				2
2025.08.04	00:41:10.379	0.93187				2
2025.08.04	00:41:11.089	0.93188				2
2025.08.04	00:41:17.091	0.93187				2
2025.08.04	00:41:27.990	0.93186				2
2025.08.04	00:41:29.089	0.93187				2
2025.08.04	00:41:30.289	0.93189				2
2025.08.04	00:41:30.596	0.93190				2
2025.08.04	00:41:31.220	0.93196				2
2025.08.04	00:41:31.721	0.93190				2
2025.08.04	00:41:46.490	0.93189				2
2025.08.04	00:41:50.322		0.93307			4
2025.08.04	00:41:54.592	0.93190				2
2025.08.04	00:42:00.394	0.93191				2
2025.08.04	00:42:05.397	0.93190				2
2025.08.04	00:42:06.814	0.93193				2
2025.08.04	00:42:08.696	0.93192				2
2025.08.04	00:42:13.762	0.93193				2
2025.08.04	00:42:16.494	0.93190				2
2025.08.04	00:42:30.413	0.93186				2
2025.08.04	00:42:36.849	0.93189				2
2025.08.04	00:42:40.793	0.93188				2
2025.08.04	00:42:46.726	0.93185				2
2025.08.04	00:42:51.290		0.93307			4
2025.08.04	00:43:01.191	0.93186				2
2025.08.04	00:43:06.882	0.93189				2
2025.08.04	00:43:10.190	0.93185				2
2025.08.04	00:43:10.497	0.93201				2
2025.08.04	00:43:11.123	0.93197				2
2025.08.04	00:43:19.578	0.93196				2
2025.08.04	00:43:22.768	0.93197				2
2025.08.04	00:43:51.896		0.93307			4
2025.08.04	00:43:59.691	0.93196				2
2025.08.04	00:44:00.326	0.93196				2
2025.08.04	00:44:01.493	0.93197				2
2025.08.04	00:44:10.616	0.93196				2
2025.08.04	00:44:27.370	0.93195				2
2025.08.04	00:44:30.468	0.93196				2
2025.08.04	00:44:45.269	0.93195				2
2025.08.04	00:44:50.429	0.93180				2
2025.08.04	00:44:51.834	0.93186				2
2025.08.04	00:44:53.096		0.93307			4
2025.08.04	00:45:00.323	0.93187				2
2025.08.04	00:45:01.792	0.93186				2
2025.08.04	00:45:02.664	0.93188				2
2025.08.04	00:45:03.057	0.93189	0.93271			6
2025.08.04	00:45:06.381	0.93187	0.93307			6
2025.08.04	00:45:06.837	0.93185				2
2025.08.04	00:45:09.608	0.93203	0.93289			6
2025.08.04	00:45:12.002	0.93187				2
2025.08.04	00:45:26.200	0.93185				2
2025.08.04	00:45:26.585	0.93194				2
2025.08.04	00:45:52.227	0.93195				2
2025.08.04	00:45:52.881	0.93197				2
2025.08.04	00:45:54.636	0.93195				2
2025.08.04	00:45:54.941	0.93196				2
2025.08.04	00:45:55.257	0.93198				2
2025.08.04	00:45:55.644	0.93195				2
2025.08.04	00:45:56.396	0.93194				2
2025.08.04	00:46:00.325	0.93194				2
2025.08.04	00:46:08.692	0.93195				2
2025.08.04	00:46:09.312	0.93199				2
2025.08.04	00:46:09.690		0.93289			4
2025.08.04	00:46:10.503	0.93195				2
2025.08.04	00:46:13.402	0.93197				2
2025.08.04	00:46:14.571	0.93194				2
2025.08.04	00:46:16.171	0.93195				2
2025.08.04	00:46:16.495	0.93199				2
2025.08.04	00:46:18.579	0.93200				2
2025.08.04	00:46:21.079	0.93196				2
2025.08.04	00:46:21.386	0.93197				2
2025.08.04	00:46:23.580	0.93200				2
2025.08.04	00:46:23.890	0.93197				2
2025.08.04	00:46:56.968	0.93201				2
2025.08.04	00:47:00.321	0.93201				2
2025.08.04	00:47:03.116		0.93228			4
2025.08.04	00:47:06.432		0.93289			4
2025.08.04	00:47:07.555	0.93200				2
2025.08.04	00:47:14.691	0.93202				2
2025.08.04	00:47:16.626	0.93198				2
2025.08.04	00:47:29.392	0.93197				2
2025.08.04	00:47:30.323	0.93198				2
2025.08.04	00:47:32.469	0.93197				2
2025.08.04	00:47:37.153	0.93199				2
2025.08.04	00:47:38.580	0.93201				2
2025.08.04	00:47:42.893	0.93199				2
2025.08.04	00:47:45.090	0.93216				2
2025.08.04	00:47:45.580	0.93214				2
2025.08.04	00:47:49.494	0.93218				2
2025.08.04	00:47:50.322	0.93222				2
2025.08.04	00:47:53.154	0.93218				2
2025.08.04	00:47:53.582	0.93214				2
2025.08.04	00:48:00.143	0.93216				2
2025.08.04	00:48:01.190	0.93217				2
2025.08.04	00:48:01.614	0.93216				2
2025.08.04	00:48:07.467		0.93289			4
2025.08.04	00:48:08.832	0.93214				2
2025.08.04	00:48:11.628		0.93290			4
2025.08.04	00:48:17.291	0.93213				2
2025.08.04	00:48:18.416	0.93215				2
2025.08.04	00:48:19.792	0.93216				2
2025.08.04	00:48:21.197	0.93211				2
2025.08.04	00:48:21.655	0.93212				2
2025.08.04	00:48:23.868	0.93214				2
2025.08.04	00:48:24.582	0.93215				2
2025.08.04	00:48:27.997	0.93214				2
2025.08.04	00:48:30.249	0.93213				2
2025.08.04	00:48:30.754	0.93210				2
2025.08.04	00:48:36.891	0.93209				2
2025.08.04	00:48:37.791	0.93198				2
2025.08.04	00:48:40.836	0.93190	0.93289			6
2025.08.04	00:49:00.293	0.93190				2
2025.08.04	00:49:35.833	0.93189				2
2025.08.04	00:49:43.579		0.93289			4
2025.08.04	00:50:00.301	0.93189				2
2025.08.04	00:50:17.595	0.93204	0.93267			6
2025.08.04	00:51:00.324	0.93204				2
2025.08.04	00:51:12.594	0.93208				2
2025.08.04	00:51:15.894	0.93217				2
2025.08.04	00:51:17.956		0.93267			4
2025.08.04	00:51:33.253	0.93212				2
2025.08.04	00:52:00.591	0.93212				2
2025.08.04	00:52:07.246	0.93206				2
2025.08.04	00:52:17.993		0.93267			4
2025.08.04	00:53:00.288	0.93206				2
2025.08.04	00:53:02.247	0.93208				2
2025.08.04	00:53:10.790	0.93197	0.93280			6
2025.08.04	00:53:15.738		0.93277			4
2025.08.04	00:53:16.255		0.93279			4
2025.08.04	00:53:17.996		0.93278			4
2025.08.04	00:53:21.784		0.93280			4
2025.08.04	00:53:23.408		0.93276			4
2025.08.04	00:53:24.036		0.93277			4
2025.08.04	00:53:24.409		0.93273			4
2025.08.04	00:53:25.793		0.93274			4
2025.08.04	00:53:30.897		0.93277			4
2025.08.04	00:53:31.582		0.93275			4
2025.08.04	00:53:31.941		0.93272			4
2025.08.04	00:53:35.500		0.93276			4
2025.08.04	00:53:36.581		0.93274			4
2025.08.04	00:53:38.581		0.93273			4
2025.08.04	00:53:46.191		0.93272			4
2025.08.04	00:53:51.795		0.93267			4
2025.08.04	00:53:57.595		0.93266			4
2025.08.04	00:54:00.293	0.93197				2
2025.08.04	00:54:06.069	0.93191				2
2025.08.04	00:54:06.391		0.93263			4
2025.08.04	00:54:07.789		0.93264			4
2025.08.04	00:54:08.991		0.93263			4
2025.08.04	00:54:16.792		0.93262			4
2025.08.04	00:54:26.992		0.93261			4
2025.08.04	00:54:33.589		0.93262			4
2025.08.04	00:54:34.791		0.93261			4
2025.08.04	00:54:42.582		0.93260			4
2025.08.04	00:54:44.091		0.93261			4
2025.08.04	00:54:46.254		0.93262			4
2025.08.04	00:54:52.390		0.93265			4
2025.08.04	00:54:53.580		0.93264			4
2025.08.04	00:54:58.798		0.93263			4
2025.08.04	00:55:00.292	0.93191	0.93262			6
2025.08.04	00:55:01.385		0.93263			4
2025.08.04	00:55:17.391		0.93264			4
2025.08.04	00:55:18.891		0.93263			4
2025.08.04	00:55:27.291		0.93262			4
2025.08.04	00:55:36.592		0.93263			4
2025.08.04	00:55:49.191		0.93262			4
2025.08.04	00:55:53.093		0.93263			4
2025.08.04	00:55:56.038	0.93195				2
2025.08.04	00:55:56.691		0.93262			4
2025.08.04	00:55:58.190		0.93263			4
2025.08.04	00:55:58.580		0.93262			4
2025.08.04	00:56:00.896	0.93195				2
2025.08.04	00:56:02.399		0.93261			4
2025.08.04	00:56:10.793		0.93260			4
2025.08.04	00:56:14.689		0.93261			4
2025.08.04	00:56:18.143		0.93262			4
2025.08.04	00:56:31.794		0.93261			4
2025.08.04	00:56:38.180		0.93259			4
2025.08.04	00:56:47.690		0.93258			4
2025.08.04	00:56:51.071	0.93197	0.93259			6
2025.08.04	00:56:56.091		0.93258			4
2025.08.04	00:56:58.324		0.93256			4
2025.08.04	00:57:00.893	0.93197				2
2025.08.04	00:57:04.192		0.93255			4
2025.08.04	00:57:18.591		0.93254			4
2025.08.04	00:57:19.789		0.93255			4
2025.08.04	00:57:20.995		0.93254			4
2025.08.04	00:57:25.668		0.93255			4
2025.08.04	00:57:27.890		0.93254			4
2025.08.04	00:57:32.393		0.93253			4
2025.08.04	00:57:33.900		0.93254			4
2025.08.04	00:57:37.203		0.93255			4
2025.08.04	00:57:40.790		0.93254			4
2025.08.04	00:57:44.693		0.93250			4
2025.08.04	00:57:45.695		0.93253			4
2025.08.04	00:57:47.797		0.93252			4
2025.08.04	00:57:50.399		0.93253			4
2025.08.04	00:57:51.890		0.93252			4
2025.08.04	00:57:52.199		0.93255			4
2025.08.04	00:57:53.394		0.93254			4
2025.08.04	00:57:56.148		0.93252			4
2025.08.04	00:57:56.572		0.93253			4
2025.08.04	00:57:56.900		0.93254			4
2025.08.04	00:57:57.580		0.93253			4
2025.08.04	00:58:00.729	0.93197	0.93255			6
2025.08.04	00:58:01.580		0.93253			4
2025.08.04	00:58:02.060		0.93251			4
2025.08.04	00:58:02.690		0.93253			4
2025.08.04	00:58:04.278		0.93256			4
2025.08.04	00:58:04.587		0.93254			4
2025.08.04	00:58:06.893		0.93253			4
2025.08.04	00:58:08.396		0.93254			4
2025.08.04	00:58:11.090		0.93253			4
2025.08.04	00:58:12.596		0.93254			4
2025.08.04	00:58:13.814	0.93208				2
2025.08.04	00:58:14.729	0.93200				2
2025.08.04	00:58:15.630		0.93256			4
2025.08.04	00:58:16.843		0.93255			4
2025.08.04	00:58:18.037		0.93256			4
2025.08.04	00:58:19.266		0.93261			4
2025.08.04	00:58:24.591		0.93260			4
2025.08.04	00:58:30.094		0.93257			4
2025.08.04	00:58:31.190		0.93258			4
2025.08.04	00:58:36.595		0.93254			4
2025.08.04	00:58:38.580		0.93253			4
2025.08.04	00:58:45.927		0.93255			4
2025.08.04	00:58:51.885	0.93203	0.93280			6
2025.08.04	00:59:00.592	0.93203				2
2025.08.04	00:59:13.193		0.93277			4
2025.08.04	00:59:14.393		0.93266			4
2025.08.04	00:59:20.329		0.93267			4
2025.08.04	00:59:22.220		0.93270			4
2025.08.04	00:59:22.791		0.93269			4
2025.08.04	00:59:27.209		0.93267			4
2025.08.04	00:59:27.829		0.93266			4
2025.08.04	00:59:31.601		0.93267			4
2025.08.04	00:59:37.649		0.93268			4
2025.08.04	00:59:42.829		0.93269			4
2025.08.04	00:59:46.039		0.93266			4
2025.08.04	00:59:46.791	0.93198	0.93267			6
2025.08.04	00:59:51.690		0.93269			4
2025.08.04	00:59:56.990		0.93261			4
2025.08.04	00:59:57.323		0.93260			4
2025.08.04	01:00:00.304	0.93198	0.93274			6
2025.08.04	01:00:00.623		0.93273			4
2025.08.04	01:00:01.192		0.93280			4
2025.08.04	01:00:01.498	0.93179	0.93264			6
2025.08.04	01:00:01.806		0.93267			4
2025.08.04	01:00:02.119	0.93121	0.93237			6
2025.08.04	01:00:02.421	0.93120	0.93249			6
2025.08.04	01:00:02.740	0.93119	0.93237			6
2025.08.04	01:00:03.048	0.93118				2
2025.08.04	01:00:03.695	0.93140	0.93238			6
2025.08.04	01:00:04.056	0.93141	0.93239			6
2025.08.04	01:00:04.783	0.93143	0.93241			6
2025.08.04	01:00:05.122	0.93134	0.93232			6
2025.08.04	01:00:05.435	0.93143	0.93241			6
2025.08.04	01:00:05.874	0.93147	0.93226			6
2025.08.04	01:00:06.219	0.93139	0.93218			6
2025.08.04	01:00:06.609	0.93140	0.93219			6
2025.08.04	01:00:07.321	0.93118	0.93218			6
2025.08.04	01:00:07.628	0.93124	0.93200			6
2025.08.04	01:00:08.280	0.93135	0.93204			6
2025.08.04	01:00:08.583	0.93134	0.93219			6
2025.08.04	01:00:08.908	0.93133	0.93238			6
2025.08.04	01:00:09.244	0.93132	0.93212			6
2025.08.04	01:00:09.915	0.93135				2
2025.08.04	01:00:10.265	0.93140	0.93208			6
2025.08.04	01:00:11.027		0.93227			4
2025.08.04	01:00:11.338	0.93142	0.93222			6
2025.08.04	01:00:11.643	0.93140	0.93221			6
2025.08.04	01:00:11.964		0.93208			4
2025.08.04	01:00:12.284	0.93138	0.93212			6
2025.08.04	01:00:13.115	0.93139				2
2025.08.04	01:00:13.422	0.93138	0.93214			6
2025.08.04	01:00:13.904		0.93212			4
2025.08.04	01:00:14.562		0.93214			4
2025.08.04	01:00:15.592	0.93139	0.93212			6
2025.08.04	01:00:15.960	0.93140				2
2025.08.04	01:00:16.617		0.93213			4
2025.08.04	01:00:16.954	0.93156	0.93227			6
2025.08.04	01:00:17.405	0.93157				2
2025.08.04	01:00:18.083	0.93151				2
2025.08.04	01:00:18.575	0.93154	0.93237			6
2025.08.04	01:00:18.880		0.93239			4
2025.08.04	01:00:19.207	0.93157	0.93235			6
2025.08.04	01:00:19.543		0.93242			4
2025.08.04	01:00:19.852	0.93161	0.93228			6
2025.08.04	01:00:20.184		0.93239			4
2025.08.04	01:00:20.608	0.93155	0.93232			6
2025.08.04	01:00:20.954	0.93154	0.93239			6
2025.08.04	01:00:21.257	0.93156	0.93236			6
2025.08.04	01:00:21.582		0.93223			4
2025.08.04	01:00:21.890	0.93172	0.93227			6
2025.08.04	01:00:22.198	0.93162	0.93218			6
2025.08.04	01:00:22.511	0.93158				2
2025.08.04	01:00:22.818	0.93163	0.93214			6
2025.08.04	01:00:23.138	0.93172				2
2025.08.04	01:00:23.693	0.93174	0.93221			6
2025.08.04	01:00:24.482	0.93162				2
2025.08.04	01:00:24.966	0.93168				2
2025.08.04	01:00:25.288	0.93162	0.93223			6
2025.08.04	01:00:25.599	0.93124	0.93179			6
2025.08.04	01:00:25.911	0.93121				2
2025.08.04	01:00:26.632	0.93125	0.93175			6
2025.08.04	01:00:27.670	0.93129	0.93172			6
2025.08.04	01:00:28.304	0.93134	0.93171			6
2025.08.04	01:00:28.663	0.93135				2
2025.08.04	01:00:28.982	0.93136				2
2025.08.04	01:00:29.934	0.93131	0.93176			6
2025.08.04	01:00:30.333	0.93141	0.93182			6
2025.08.04	01:00:30.640	0.93133	0.93178			6
2025.08.04	01:00:30.989	0.93142	0.93180			6
2025.08.04	01:00:31.367	0.93141	0.93181			6
2025.08.04	01:00:32.121	0.93142	0.93180			6
2025.08.04	01:00:32.433		0.93170			4
2025.08.04	01:00:32.798	0.93141	0.93178			6
2025.08.04	01:00:33.261		0.93180			4
2025.08.04	01:00:34.252		0.93177			4
2025.08.04	01:00:35.294		0.93171			4
2025.08.04	01:00:36.776	0.93128				2
2025.08.04	01:00:37.873	0.93125				2
2025.08.04	01:00:38.185	0.93126	0.93174			6
2025.08.04	01:00:38.511	0.93141	0.93176			6
2025.08.04	01:00:38.819	0.93133	0.93177			6
2025.08.04	01:00:39.450	0.93131	0.93174			6
2025.08.04	01:00:40.912	0.93133	0.93177			6
2025.08.04	01:00:42.209		0.93179			4
2025.08.04	01:00:43.277	0.93147	0.93177			6
2025.08.04	01:00:44.629	0.93134	0.93179			6
2025.08.04	01:00:44.939	0.93133				2
2025.08.04	01:00:45.258	0.93122	0.93158			6
2025.08.04	01:00:45.566	0.93120				2
2025.08.04	01:00:47.548	0.93123	0.93159			6
2025.08.04	01:00:48.335		0.93167			4
2025.08.04	01:00:49.013	0.93100	0.93161			6
2025.08.04	01:00:50.091	0.93103	0.93151			6
2025.08.04	01:00:54.220		0.93150			4
2025.08.04	01:00:55.803		0.93144			4
2025.08.04	01:00:57.379	0.93111	0.93150			6
2025.08.04	01:00:57.696	0.93103	0.93149			6
2025.08.04	01:01:00.160	0.93103				2
2025.08.04	01:01:00.482	0.93100	0.93151			6
2025.08.04	01:01:03.267	0.93098	0.93141			6
2025.08.04	01:01:03.579	0.93091				2
2025.08.04	01:01:03.902	0.93090				2
2025.08.04	01:01:06.286	0.93100				2
2025.08.04	01:01:06.654	0.93090				2
2025.08.04	01:01:06.958	0.93096				2
2025.08.04	01:01:07.301	0.93090				2
2025.08.04	01:01:07.624	0.93096				2
2025.08.04	01:01:08.592	0.93097				2
2025.08.04	01:01:09.943	0.93098				2
2025.08.04	01:01:10.262		0.93146			4
2025.08.04	01:01:11.689	0.93099	0.93142			6
2025.08.04	01:01:12.889	0.93127	0.93182			6
2025.08.04	01:01:13.241		0.93177			4
2025.08.04	01:01:13.928	0.93152	0.93199			6
2025.08.04	01:01:14.903	0.93153	0.93209			6
2025.08.04	01:01:15.907	0.93154				2
2025.08.04	01:01:17.585		0.93208			4
2025.08.04	01:01:18.481	0.93152	0.93200			6
2025.08.04	01:01:19.511		0.93196			4
2025.08.04	01:01:20.756	0.93145	0.93193			6
2025.08.04	01:01:21.414		0.93194			4
2025.08.04	01:01:22.478	0.93123	0.93181			6
2025.08.04	01:01:22.893	0.93117	0.93177			6
2025.08.04	01:01:24.017		0.93173			4
2025.08.04	01:01:27.534	0.93118				2
2025.08.04	01:01:27.849	0.93119	0.93171			6
2025.08.04	01:01:29.539	0.93118	0.93174			6
2025.08.04	01:01:30.369	0.93130	0.93187			6
2025.08.04	01:01:30.883	0.93120	0.93176			6
2025.08.04	01:01:31.383	0.93130	0.93187			6
2025.08.04	01:01:31.703		0.93186			4
2025.08.04	01:01:32.012	0.93123	0.93181			6
2025.08.04	01:01:32.422	0.93116				2
2025.08.04	01:01:32.744	0.93120	0.93176			6
2025.08.04	01:01:33.143		0.93171			4
2025.08.04	01:01:35.166	0.93119	0.93165			6
2025.08.04	01:01:35.685	0.93116	0.93177			6
2025.08.04	01:01:36.530	0.93119	0.93173			6
2025.08.04	01:01:37.659	0.93124	0.93165			6
2025.08.04	01:01:37.979	0.93120	0.93168			6
2025.08.04	01:01:39.403	0.93119	0.93171			6
2025.08.04	01:01:40.405	0.93106	0.93167			6
2025.08.04	01:01:40.931	0.93110	0.93166			6
2025.08.04	01:01:41.239	0.93106				2
2025.08.04	01:01:42.909	0.93119	0.93165			6
2025.08.04	01:01:44.448	0.93109	0.93164			6
2025.08.04	01:01:44.845	0.93112				2
2025.08.04	01:01:45.181	0.93116	0.93170			6
2025.08.04	01:01:46.180		0.93167			4
2025.08.04	01:01:46.505	0.93114	0.93166			6
2025.08.04	01:01:47.571	0.93113				2
2025.08.04	01:01:48.291	0.93112				2
2025.08.04	01:01:48.627		0.93164			4
2025.08.04	01:01:48.953	0.93111	0.93158			6
2025.08.04	01:01:49.938	0.93110	0.93165			6
2025.08.04	01:01:50.333	0.93106	0.93163			6
2025.08.04	01:01:51.116		0.93159			4
2025.08.04	01:01:51.418	0.93109	0.93165			6
2025.08.04	01:01:52.120	0.93130				2
2025.08.04	01:01:52.437	0.93128	0.93171			6
2025.08.04	01:01:52.771	0.93119	0.93168			6
2025.08.04	01:01:53.315	0.93112	0.93166			6
2025.08.04	01:01:54.585	0.93111				2
2025.08.04	01:01:56.853	0.93109				2
2025.08.04	01:01:57.408	0.93118	0.93173			6
2025.08.04	01:01:58.499	0.93115				2
2025.08.04	01:01:59.627	0.93118				2
2025.08.04	01:02:00.323	0.93115	0.93169			6
2025.08.04	01:02:18.399	0.93113	0.93148			6
2025.08.04	01:02:20.443		0.93146			4
2025.08.04	01:02:21.291	0.93116	0.93148			6
2025.08.04	01:02:21.643	0.93118	0.93150			6
2025.08.04	01:02:22.412	0.93111	0.93148			6
2025.08.04	01:02:22.718	0.93109				2
2025.08.04	01:02:23.079	0.93116	0.93152			6
2025.08.04	01:02:23.554	0.93112	0.93144			6
2025.08.04	01:02:24.629	0.93117	0.93147			6
2025.08.04	01:02:25.326		0.93145			4
2025.08.04	01:02:26.092		0.93144			4
2025.08.04	01:02:27.060	0.93114	0.93143			6
2025.08.04	01:02:28.840	0.93117				2
2025.08.04	01:02:29.325	0.93114				2
2025.08.04	01:02:29.639		0.93142			4
2025.08.04	01:02:30.322	0.93117	0.93147			6
2025.08.04	01:02:30.670		0.93144			4
2025.08.04	01:02:31.196		0.93143			4
2025.08.04	01:02:32.948	0.93114				2
2025.08.04	01:02:33.278	0.93113				2
2025.08.04	01:02:33.593		0.93142			4
2025.08.04	01:02:33.899	0.93112	0.93141			6
2025.08.04	01:02:36.415	0.93110	0.93140			6
2025.08.04	01:02:38.453	0.93109	0.93138			6
2025.08.04	01:02:39.159	0.93110	0.93139			6
2025.08.04	01:02:39.802	0.93109				2
2025.08.04	01:02:40.327	0.93110				2
2025.08.04	01:02:42.735		0.93140			4
2025.08.04	01:02:44.108	0.93103	0.93137			6
2025.08.04	01:02:45.032	0.93108	0.93140			6
2025.08.04	01:02:45.360	0.93117	0.93160			6
2025.08.04	01:02:45.698	0.93116				2
2025.08.04	01:02:46.498	0.93120	0.93152			6
2025.08.04	01:02:48.317		0.93155			4
2025.08.04	01:02:48.736		0.93151			4
2025.08.04	01:02:49.793	0.93118	0.93147			6
2025.08.04	01:02:50.399		0.93149			4
2025.08.04	01:02:50.991		0.93144			4
2025.08.04	01:02:52.110	0.93111	0.93142			6
2025.08.04	01:02:52.633		0.93141			4
2025.08.04	01:02:54.111		0.93142			4
2025.08.04	01:02:54.469	0.93114	0.93143			6
2025.08.04	01:02:55.572	0.93111				2
2025.08.04	01:02:57.377	0.93114				2
2025.08.04	01:02:57.677	0.93112				2
2025.08.04	01:02:58.163	0.93106	0.93135			6
2025.08.04	01:02:58.496	0.93110				2
2025.08.04	01:02:58.864	0.93111				2
2025.08.04	01:02:59.736	0.93102	0.93134			6
2025.08.04	01:03:00.086	0.93102				2
2025.08.04	01:03:00.452	0.93101				2
2025.08.04	01:03:00.771		0.93135			4
2025.08.04	01:03:01.140	0.93108	0.93142			6
2025.08.04	01:03:01.461	0.93112				2
2025.08.04	01:03:02.300		0.93141			4
2025.08.04	01:03:03.378		0.93138			4
2025.08.04	01:03:03.715	0.93103				2
2025.08.04	01:03:04.389	0.93099	0.93131			6
2025.08.04	01:03:04.699	0.93097	0.93132			6
2025.08.04	01:03:08.698		0.93131			4
2025.08.04	01:03:09.292		0.93133			4
2025.08.04	01:03:09.598	0.93111	0.93134			6
2025.08.04	01:03:10.209		0.93140			4
2025.08.04	01:03:10.519	0.93104	0.93134			6
2025.08.04	01:03:10.834	0.93111	0.93136			6
2025.08.04	01:03:11.991		0.93135			4
2025.08.04	01:03:12.334	0.93110				2
2025.08.04	01:03:13.451	0.93102	0.93130			6
2025.08.04	01:03:13.752	0.93101	0.93131			6
2025.08.04	01:03:15.836		0.93130			4
2025.08.04	01:03:16.575		0.93128			4
2025.08.04	01:03:16.996		0.93127			4
2025.08.04	01:03:18.187	0.93102	0.93126			6
2025.08.04	01:03:19.702	0.93101	0.93123			6
2025.08.04	01:03:25.790	0.93102	0.93120			6
2025.08.04	01:03:26.426	0.93101				2
2025.08.04	01:03:28.073	0.93102				2
2025.08.04	01:03:28.491		0.93122			4
2025.08.04	01:03:30.325		0.93128			4
2025.08.04	01:03:30.646		0.93129			4
2025.08.04	01:03:37.393		0.93128			4
2025.08.04	01:03:40.791	0.93101				2
2025.08.04	01:03:45.891	0.93102				2
2025.08.04	01:03:48.347	0.93101				2
2025.08.04	01:03:49.589	0.93104	0.93133			6
2025.08.04	01:03:49.967	0.93101	0.93132			6
2025.08.04	01:03:50.271	0.93102				2
2025.08.04	01:03:51.256	0.93101	0.93128			6
2025.08.04	01:03:57.500	0.93104	0.93132			6
2025.08.04	01:03:59.244	0.93106	0.93133			6
2025.08.04	01:04:00.567	0.93107				2
2025.08.04	01:04:02.392	0.93103	0.93131			6
2025.08.04	01:04:02.700	0.93102				2
2025.08.04	01:04:03.591	0.93109	0.93135			6
2025.08.04	01:04:04.461	0.93107	0.93134			6
2025.08.04	01:04:05.304	0.93109	0.93133			6
2025.08.04	01:04:05.617	0.93108				2
2025.08.04	01:04:05.991	0.93107				2
2025.08.04	01:04:07.190	0.93108				2
2025.08.04	01:04:17.549	0.93107	0.93131			6
2025.08.04	01:04:18.163	0.93104	0.93130			6
2025.08.04	01:04:18.591	0.93105				2
2025.08.04	01:04:20.708		0.93128			4
2025.08.04	01:04:26.991	0.93104	0.93127			6
2025.08.04	01:04:32.049	0.93103	0.93126			6
2025.08.04	01:04:32.379	0.93102				2
2025.08.04	01:04:33.555	0.93103				2
2025.08.04	01:04:35.092	0.93102				2
2025.08.04	01:04:36.402	0.93103				2
2025.08.04	01:04:37.059	0.93105				2
2025.08.04	01:04:37.816	0.93102	0.93129			6
2025.08.04	01:04:38.125	0.93103				2
2025.08.04	01:04:43.194	0.93102				2
2025.08.04	01:04:43.509	0.93104				2
2025.08.04	01:04:44.690	0.93105	0.93128			6
2025.08.04	01:04:45.238	0.93109	0.93130			6
2025.08.04	01:04:45.557	0.93107				2
2025.08.04	01:04:46.239	0.93110	0.93131			6
2025.08.04	01:04:46.577	0.93112				2
2025.08.04	01:04:46.973		0.93133			4
2025.08.04	01:04:48.592	0.93119	0.93138			6
2025.08.04	01:04:48.946	0.93120				2
2025.08.04	01:04:49.686	0.93119	0.93139			6
2025.08.04	01:04:50.020	0.93115				2
2025.08.04	01:04:52.310	0.93112	0.93136			6
2025.08.04	01:04:54.348	0.93110	0.93133			6
2025.08.04	01:04:54.681	0.93112				2
2025.08.04	01:04:55.197	0.93113				2
2025.08.04	01:04:56.268	0.93111				2
2025.08.04	01:04:56.689	0.93112	0.93137			6
2025.08.04	01:04:57.137	0.93111	0.93135			6
2025.08.04	01:04:59.393		0.93133			4
2025.08.04	01:05:00.355	0.93111	0.93134			6
2025.08.04	01:05:00.670	0.93133	0.93152			6
2025.08.04	01:05:00.980	0.93129	0.93154			6
2025.08.04	01:05:01.287	0.93132				2
2025.08.04	01:05:02.995	0.93130				2
2025.08.04	01:05:03.891	0.93131				2
2025.08.04	01:05:04.382	0.93130				2
2025.08.04	01:05:05.481	0.93132	0.93157			6
2025.08.04	01:05:05.784	0.93133	0.93158			6
2025.08.04	01:05:08.216	0.93134				2
2025.08.04	01:05:08.518	0.93131				2
2025.08.04	01:05:08.990		0.93159			4
2025.08.04	01:05:09.764	0.93132				2
2025.08.04	01:05:11.091	0.93133				2
2025.08.04	01:05:12.720	0.93132	0.93162			6
2025.08.04	01:05:14.697	0.93134	0.93163			6
2025.08.04	01:05:15.371		0.93160			4
2025.08.04	01:05:16.416		0.93159			4
2025.08.04	01:05:21.013	0.93135	0.93160			6
2025.08.04	01:05:21.319	0.93136	0.93163			6
2025.08.04	01:05:24.269	0.93142	0.93170			6
2025.08.04	01:05:24.578	0.93145				2
2025.08.04	01:05:25.949	0.93149	0.93174			6
2025.08.04	01:05:26.259	0.93146	0.93172			6
2025.08.04	01:05:28.490	0.93145				2
2025.08.04	01:05:31.526		0.93170			4
2025.08.04	01:05:31.895	0.93144				2
2025.08.04	01:05:32.689	0.93147	0.93174			6
2025.08.04	01:05:33.481	0.93149				2
2025.08.04	01:05:34.489	0.93150	0.93171			6
2025.08.04	01:05:34.941		0.93175			4
2025.08.04	01:05:36.891	0.93148				2
2025.08.04	01:05:37.853	0.93152				2
2025.08.04	01:05:42.156	0.93145	0.93176			6
2025.08.04	01:05:43.128	0.93144	0.93177			6
2025.08.04	01:05:43.524	0.93146				2
2025.08.04	01:05:44.690	0.93147				2
2025.08.04	01:05:45.190	0.93149	0.93176			6
2025.08.04	01:05:45.497	0.93147				2
2025.08.04	01:05:46.492	0.93148	0.93174			6
2025.08.04	01:05:46.810	0.93150				2
2025.08.04	01:05:48.410	0.93151				2
2025.08.04	01:05:49.424	0.93146				2
2025.08.04	01:05:49.937	0.93147				2
2025.08.04	01:05:53.864	0.93149	0.93175			6
2025.08.04	01:05:55.620	0.93156	0.93180			6
2025.08.04	01:05:55.979	0.93157				2
2025.08.04	01:05:56.299	0.93156				2
2025.08.04	01:05:58.240	0.93154	0.93177			6
2025.08.04	01:05:58.763		0.93176			4
2025.08.04	01:05:59.069	0.93152				2
2025.08.04	01:05:59.877	0.93149	0.93173			6
2025.08.04	01:06:00.186	0.93150				2
2025.08.04	01:06:00.493	0.93146	0.93167			6
2025.08.04	01:06:01.401	0.93149	0.93172			6
2025.08.04	01:06:01.808	0.93146	0.93170			6
2025.08.04	01:06:02.693	0.93147				2
2025.08.04	01:06:04.088	0.93145				2
2025.08.04	01:06:04.791	0.93147				2
2025.08.04	01:06:05.099	0.93145				2
2025.08.04	01:06:06.308	0.93144				2
2025.08.04	01:06:08.185	0.93150	0.93173			6
2025.08.04	01:06:08.502		0.93172			4
2025.08.04	01:06:09.592	0.93149				2
2025.08.04	01:06:10.557	0.93151	0.93173			6
2025.08.04	01:06:10.991	0.93152	0.93171			6
2025.08.04	01:06:11.602		0.93172			4
2025.08.04	01:06:13.152	0.93151				2
2025.08.04	01:06:13.776	0.93148	0.93168			6
2025.08.04	01:06:14.101	0.93147				2
2025.08.04	01:06:15.455	0.93148				2
2025.08.04	01:06:16.030	0.93144	0.93166			6
2025.08.04	01:06:16.582	0.93146				2
2025.08.04	01:06:16.921	0.93154	0.93182			6
2025.08.04	01:06:17.239	0.93161	0.93177			6
2025.08.04	01:06:23.561	0.93151	0.93178			6
2025.08.04	01:06:24.578	0.93152	0.93174			6
2025.08.04	01:06:29.259	0.93151	0.93175			6
2025.08.04	01:06:34.373	0.93142	0.93165			6
2025.08.04	01:06:34.686	0.93143				2
2025.08.04	01:06:38.500	0.93142				2
2025.08.04	01:06:40.561	0.93141	0.93162			6
2025.08.04	01:06:42.178	0.93139				2
2025.08.04	01:06:43.550	0.93138	0.93161			6
2025.08.04	01:06:44.691	0.93139				2
2025.08.04	01:06:49.468	0.93140				2
2025.08.04	01:06:53.691	0.93138	0.93159			6
2025.08.04	01:06:54.000	0.93136				2
2025.08.04	01:06:54.764	0.93135	0.93158			6
2025.08.04	01:06:55.990		0.93155			4
2025.08.04	01:06:58.302		0.93157			4
2025.08.04	01:06:59.224	0.93139				2
2025.08.04	01:07:00.433	0.93139	0.93158			6
2025.08.04	01:07:01.534	0.93142	0.93164			6
2025.08.04	01:07:03.206	0.93140	0.93162			6
2025.08.04	01:07:03.891	0.93139				2
2025.08.04	01:07:05.314	0.93142				2
2025.08.04	01:07:06.429	0.93140	0.93161			6
2025.08.04	01:07:06.733	0.93139				2
2025.08.04	01:07:10.034	0.93135	0.93157			6
2025.08.04	01:07:11.392		0.93156			4
2025.08.04	01:07:11.693	0.93139	0.93159			6
2025.08.04	01:07:12.098	0.93137				2
2025.08.04	01:07:16.572	0.93139				2
2025.08.04	01:07:16.885	0.93136	0.93158			6
2025.08.04	01:07:17.200	0.93139	0.93159			6
2025.08.04	01:07:20.715	0.93136	0.93156			6
2025.08.04	01:07:24.765	0.93134	0.93155			6
2025.08.04	01:07:26.563		0.93152			4
2025.08.04	01:07:31.978	0.93131	0.93149			6
2025.08.04	01:07:32.282	0.93132				2
2025.08.04	01:07:34.473	0.93131				2
2025.08.04	01:07:35.990	0.93132				2
2025.08.04	01:07:36.845	0.93133				2
2025.08.04	01:07:37.781	0.93132				2
2025.08.04	01:07:38.990	0.93131				2
2025.08.04	01:07:40.334	0.93136	0.93158			6
2025.08.04	01:07:42.354	0.93135				2
2025.08.04	01:07:45.858	0.93133	0.93157			6
2025.08.04	01:07:47.532	0.93134				2
2025.08.04	01:07:49.498	0.93135	0.93158			6
2025.08.04	01:07:49.903	0.93138				2
2025.08.04	01:07:52.345		0.93159			4
2025.08.04	01:07:53.991	0.93137				2
2025.08.04	01:07:56.561	0.93136				2
2025.08.04	01:07:56.927	0.93140	0.93163			6
2025.08.04	01:07:58.120	0.93142	0.93164			6
2025.08.04	01:07:59.696		0.93165			4
2025.08.04	01:08:00.697	0.93142				2
2025.08.04	01:08:04.435		0.93164			4
2025.08.04	01:08:05.478	0.93141	0.93163			6
2025.08.04	01:08:07.192		0.93164			4
2025.08.04	01:08:20.461	0.93139	0.93162			6
2025.08.04	01:08:21.556	0.93140	0.93165			6
2025.08.04	01:08:22.344		0.93164			4
2025.08.04	01:08:27.669	0.93137	0.93163			6
2025.08.04	01:08:28.886		0.93162			4
2025.08.04	01:08:35.393		0.93161			4
2025.08.04	01:08:47.624		0.93162			4
2025.08.04	01:08:50.069	0.93136	0.93160			6
2025.08.04	01:08:52.664	0.93137				2
2025.08.04	01:08:54.565	0.93135	0.93158			6
2025.08.04	01:08:56.032	0.93132	0.93154			6
2025.08.04	01:08:56.344		0.93155			4
2025.08.04	01:08:58.207	0.93137	0.93152			6
2025.08.04	01:09:00.324	0.93137				2
2025.08.04	01:09:00.682	0.93130	0.93150			6
2025.08.04	01:09:00.989	0.93138	0.93157			6
2025.08.04	01:09:01.331	0.93140	0.93167			6
2025.08.04	01:09:01.950	0.93137	0.93159			6
2025.08.04	01:09:02.348	0.93135				2
2025.08.04	01:09:03.092	0.93134	0.93156			6
2025.08.04	01:09:07.590	0.93137	0.93158			6
2025.08.04	01:09:07.984		0.93160			4
2025.08.04	01:09:10.492	0.93138	0.93161			6
2025.08.04	01:09:12.726	0.93135	0.93156			6
2025.08.04	01:09:13.078	0.93141	0.93161			6
2025.08.04	01:09:13.388	0.93140				2
2025.08.04	01:09:21.090	0.93137	0.93159			6
2025.08.04	01:09:21.396	0.93138				2
2025.08.04	01:09:23.092	0.93137				2
2025.08.04	01:09:23.445	0.93136	0.93160			6
2025.08.04	01:09:24.950	0.93139				2
2025.08.04	01:09:25.258		0.93162			4
2025.08.04	01:09:25.565	0.93138				2
2025.08.04	01:09:25.954		0.93161			4
2025.08.04	01:09:27.546	0.93136	0.93160			6
2025.08.04	01:09:27.903	0.93135				2
2025.08.04	01:09:28.437	0.93134	0.93158			6
2025.08.04	01:09:31.259		0.93159			4
2025.08.04	01:09:31.581		0.93158			4
2025.08.04	01:09:32.859	0.93135				2
2025.08.04	01:09:33.180	0.93142	0.93163			6
2025.08.04	01:09:33.528	0.93143				2
2025.08.04	01:09:35.906	0.93144				2
2025.08.04	01:09:36.291	0.93145				2
2025.08.04	01:09:37.255	0.93143	0.93164			6
2025.08.04	01:09:38.249	0.93144	0.93165			6
2025.08.04	01:09:38.720		0.93164			4
2025.08.04	01:09:39.037	0.93141	0.93165			6
2025.08.04	01:09:40.479	0.93142				2
2025.08.04	01:09:42.392	0.93146	0.93168			6
2025.08.04	01:09:50.641	0.93147	0.93169			6
2025.08.04	01:09:52.352	0.93148	0.93168			6
2025.08.04	01:09:53.401	0.93150	0.93170			6
2025.08.04	01:09:53.877	0.93152				2
2025.08.04	01:09:54.336	0.93149				2
2025.08.04	01:09:56.356	0.93151	0.93171			6
2025.08.04	01:09:57.398	0.93149	0.93170			6
2025.08.04	01:09:59.093		0.93171			4
2025.08.04	01:10:00.293	0.93150	0.93169			6
2025.08.04	01:10:00.602	0.93149	0.93170			6
2025.08.04	01:10:00.944	0.93151	0.93171			6
2025.08.04	01:10:01.491		0.93170			4
2025.08.04	01:10:01.905	0.93150				2
2025.08.04	01:10:07.784	0.93153	0.93176			6
2025.08.04	01:10:08.664	0.93152				2
2025.08.04	01:10:09.246	0.93154				2
2025.08.04	01:10:09.736	0.93153	0.93175			6
2025.08.04	01:10:10.061	0.93152				2
2025.08.04	01:10:13.265	0.93155	0.93177			6
2025.08.04	01:10:13.568	0.93156	0.93178			6
2025.08.04	01:10:13.979	0.93155				2
2025.08.04	01:10:14.287	0.93156				2
2025.08.04	01:10:15.771	0.93148	0.93173			6
2025.08.04	01:10:16.413	0.93149	0.93174			6
2025.08.04	01:10:16.771	0.93148	0.93173			6
2025.08.04	01:10:17.096	0.93149				2
2025.08.04	01:10:18.350	0.93148	0.93169			6
2025.08.04	01:10:18.659	0.93151	0.93172			6
2025.08.04	01:10:20.510	0.93150				2
2025.08.04	01:10:21.291	0.93157	0.93177			6
2025.08.04	01:10:21.608	0.93158				2
2025.08.04	01:10:23.451	0.93159				2
2025.08.04	01:10:30.395	0.93156				2
2025.08.04	01:10:31.529	0.93155	0.93176			6
2025.08.04	01:10:38.216	0.93156	0.93177			6
2025.08.04	01:10:38.520	0.93154				2
2025.08.04	01:10:39.462	0.93157	0.93178			6
2025.08.04	01:10:39.886	0.93156	0.93177			6
2025.08.04	01:10:43.684	0.93158	0.93175			6
2025.08.04	01:10:44.359	0.93154	0.93174			6
2025.08.04	01:10:45.032		0.93175			4
2025.08.04	01:10:51.355	0.93152	0.93174			6
2025.08.04	01:10:58.282	0.93160	0.93181			6
2025.08.04	01:10:58.660		0.93182			4
2025.08.04	01:11:00.322	0.93160	0.93181			6
2025.08.04	01:11:00.638	0.93162	0.93182			6
2025.08.04	01:11:03.206	0.93163	0.93181			6
2025.08.04	01:11:04.110	0.93155	0.93176			6
2025.08.04	01:11:08.744	0.93157	0.93177			6
2025.08.04	01:11:09.200	0.93155				2
2025.08.04	01:11:11.090	0.93156				2
2025.08.04	01:11:13.768	0.93155				2
2025.08.04	01:11:14.077	0.93156				2
2025.08.04	01:11:15.568	0.93155	0.93176			6
2025.08.04	01:11:18.275	0.93156				2
2025.08.04	01:11:22.190	0.93157	0.93175			6
2025.08.04	01:11:23.825	0.93158				2
2025.08.04	01:11:25.491	0.93157	0.93176			6
2025.08.04	01:11:26.303	0.93159	0.93177			6
2025.08.04	01:11:26.691	0.93160				2
2025.08.04	01:11:27.700	0.93159				2
2025.08.04	01:11:31.570	0.93156	0.93176			6
2025.08.04	01:11:32.398	0.93154				2
2025.08.04	01:11:34.438	0.93153	0.93175			6
2025.08.04	01:11:35.198	0.93158	0.93176			6
2025.08.04	01:11:36.593	0.93159				2
2025.08.04	01:11:39.290	0.93158				2
2025.08.04	01:11:40.323		0.93177			4
2025.08.04	01:11:41.090	0.93159				2
2025.08.04	01:11:41.954	0.93153	0.93174			6
2025.08.04	01:11:42.811	0.93155	0.93173			6
2025.08.04	01:11:49.286	0.93154	0.93172			6
2025.08.04	01:11:50.096	0.93153	0.93174			6
2025.08.04	01:11:51.289	0.93152				2
2025.08.04	01:11:54.138	0.93154	0.93172			6
2025.08.04	01:11:56.579	0.93153	0.93173			6
2025.08.04	01:11:56.894	0.93155	0.93169			6
2025.08.04	01:12:00.197	0.93155				2
2025.08.04	01:12:00.589	0.93154				2
2025.08.04	01:12:02.218	0.93152	0.93175			6
2025.08.04	01:12:03.253	0.93154	0.93172			6
2025.08.04	01:12:05.390	0.93153				2
2025.08.04	01:12:09.871	0.93155	0.93171			6
2025.08.04	01:12:10.252	0.93154	0.93172			6
2025.08.04	01:12:10.581	0.93155				2
2025.08.04	01:12:11.990	0.93156				2
2025.08.04	01:12:13.656	0.93155	0.93169			6
2025.08.04	01:12:13.962	0.93154				2
2025.08.04	01:12:14.326	0.93155				2
2025.08.04	01:12:18.339	0.93154	0.93170			6
2025.08.04	01:12:19.792		0.93169			4
2025.08.04	01:12:22.670	0.93151	0.93168			6
2025.08.04	01:12:24.352	0.93153	0.93173			6
2025.08.04	01:12:24.694	0.93155	0.93172			6
2025.08.04	01:12:24.999	0.93151	0.93167			6
2025.08.04	01:12:25.337	0.93152				2
2025.08.04	01:12:25.706	0.93145	0.93169			6
2025.08.04	01:12:26.034	0.93144	0.93168			6
2025.08.04	01:12:26.339	0.93145	0.93169			6
2025.08.04	01:12:26.734	0.93147				2
2025.08.04	01:12:28.577	0.93146	0.93165			6
2025.08.04	01:12:29.581	0.93147	0.93164			6
2025.08.04	01:12:31.490	0.93146	0.93165			6
2025.08.04	01:12:39.993	0.93145				2
2025.08.04	01:12:40.299	0.93142	0.93163			6
2025.08.04	01:12:40.603		0.93164			4
2025.08.04	01:12:41.691	0.93143				2
2025.08.04	01:12:42.719	0.93155	0.93169			6
2025.08.04	01:12:43.086	0.93153				2
2025.08.04	01:12:44.216	0.93151	0.93168			6
2025.08.04	01:12:45.172	0.93153	0.93172			6
2025.08.04	01:12:46.359		0.93167			4
2025.08.04	01:12:47.117	0.93150	0.93165			6
2025.08.04	01:12:47.433	0.93149	0.93164			6
2025.08.04	01:12:48.284		0.93165			4
2025.08.04	01:12:48.694		0.93164			4
2025.08.04	01:12:49.329	0.93147	0.93162			6
2025.08.04	01:12:50.538	0.93145				2
2025.08.04	01:12:51.892		0.93163			4
2025.08.04	01:12:54.615	0.93146	0.93162			6
2025.08.04	01:12:54.922	0.93144				2
2025.08.04	01:12:55.534	0.93145	0.93161			6
2025.08.04	01:12:56.389	0.93144				2
2025.08.04	01:13:00.283	0.93144				2
2025.08.04	01:13:00.683	0.93145	0.93163			6
2025.08.04	01:13:01.518	0.93146				2
2025.08.04	01:13:02.716	0.93145	0.93167			6
2025.08.04	01:13:04.191	0.93146				2
2025.08.04	01:13:06.640	0.93147				2
2025.08.04	01:13:09.558	0.93151				2
2025.08.04	01:13:11.682	0.93152	0.93170			6
2025.08.04	01:13:14.096		0.93169			4
2025.08.04	01:13:16.445	0.93154	0.93171			6
2025.08.04	01:13:16.766		0.93168			4
2025.08.04	01:13:17.399		0.93171			4
2025.08.04	01:13:19.190	0.93155				2
2025.08.04	01:13:19.747	0.93154				2
2025.08.04	01:13:21.000		0.93170			4
2025.08.04	01:13:22.264	0.93152				2
2025.08.04	01:13:24.249	0.93153				2
2025.08.04	01:13:25.564	0.93152	0.93168			6
2025.08.04	01:13:27.077	0.93148				2
2025.08.04	01:13:32.972		0.93167			4
2025.08.04	01:13:33.348	0.93150	0.93168			6
2025.08.04	01:13:40.733	0.93151	0.93161			6
2025.08.04	01:13:41.692	0.93150				2
2025.08.04	01:13:42.003	0.93151				2
2025.08.04	01:13:44.336	0.93152	0.93165			6
2025.08.04	01:13:47.321	0.93150	0.93161			6
2025.08.04	01:13:47.695	0.93148				2
2025.08.04	01:13:48.891	0.93147				2
2025.08.04	01:13:50.325	0.93149	0.93165			6
2025.08.04	01:13:50.828	0.93151				2
2025.08.04	01:13:58.585	0.93143	0.93160			6
2025.08.04	01:13:58.962	0.93145				2
2025.08.04	01:14:00.075	0.93142	0.93154			6
2025.08.04	01:14:00.459	0.93144				2
2025.08.04	01:14:01.491		0.93162			4
2025.08.04	01:14:01.916	0.93145	0.93160			6
2025.08.04	01:14:04.190	0.93143	0.93162			6
2025.08.04	01:14:04.497	0.93144				2
2025.08.04	01:14:04.804	0.93145				2
2025.08.04	01:14:05.727	0.93144				2
2025.08.04	01:14:08.475	0.93145				2
2025.08.04	01:14:09.000	0.93146				2
2025.08.04	01:14:13.287	0.93148				2
2025.08.04	01:14:13.769	0.93147				2
2025.08.04	01:14:15.321	0.93148				2
2025.08.04	01:14:18.532	0.93146				2
2025.08.04	01:14:19.478	0.93144	0.93161			6
2025.08.04	01:14:19.821	0.93146				2
2025.08.04	01:14:21.592	0.93145				2
2025.08.04	01:14:24.765	0.93149	0.93162			6
2025.08.04	01:14:25.817	0.93145	0.93160			6
2025.08.04	01:14:26.176	0.93146				2
2025.08.04	01:14:27.292	0.93144				2
2025.08.04	01:14:28.748		0.93161			4
2025.08.04	01:14:31.305	0.93145	0.93160			6
2025.08.04	01:14:31.612	0.93147				2
2025.08.04	01:14:33.014	0.93148				2
2025.08.04	01:14:33.588	0.93142	0.93157			6
2025.08.04	01:14:34.023	0.93143				2
2025.08.04	01:14:35.696	0.93144				2
2025.08.04	01:14:37.748	0.93143	0.93160			6
2025.08.04	01:14:38.688	0.93142	0.93154			6
2025.08.04	01:14:40.969	0.93149	0.93161			6
2025.08.04	01:14:41.391	0.93148				2
2025.08.04	01:14:43.191	0.93149				2
2025.08.04	01:14:44.969	0.93147	0.93157			6
2025.08.04	01:14:45.535	0.93144	0.93159			6
2025.08.04	01:14:45.851	0.93143	0.93158			6
2025.08.04	01:14:47.029	0.93144				2
2025.08.04	01:14:50.823		0.93161			4
2025.08.04	01:14:51.591	0.93145				2
2025.08.04	01:14:51.956	0.93147				2
2025.08.04	01:14:59.992		0.93159			4
2025.08.04	01:15:00.395	0.93145				2
2025.08.04	01:15:01.572		0.93162			4
2025.08.04	01:15:02.991	0.93146				2
2025.08.04	01:15:05.203		0.93163			4
2025.08.04	01:15:05.588	0.93147	0.93164			6
2025.08.04	01:15:06.399	0.93149	0.93157			6
2025.08.04	01:15:06.997	0.93148	0.93161			6
2025.08.04	01:15:07.772	0.93149	0.93160			6
2025.08.04	01:15:08.992	0.93148				2
2025.08.04	01:15:11.423	0.93150				2
2025.08.04	01:15:11.842	0.93139	0.93154			6
2025.08.04	01:15:12.160	0.93140	0.93152			6
2025.08.04	01:15:12.526	0.93138	0.93155			6
2025.08.04	01:15:13.592	0.93140	0.93152			6
2025.08.04	01:15:13.951	0.93141				2
2025.08.04	01:15:14.657	0.93137	0.93151			6
2025.08.04	01:15:15.044	0.93136				2
2025.08.04	01:15:15.982	0.93140	0.93152			6
2025.08.04	01:15:16.960	0.93138	0.93157			6
2025.08.04	01:15:20.319	0.93139				2
2025.08.04	01:15:22.349	0.93141	0.93153			6
2025.08.04	01:15:23.093	0.93140	0.93158			6
2025.08.04	01:15:23.900	0.93143	0.93153			6
2025.08.04	01:15:24.440	0.93142				2
2025.08.04	01:15:28.063	0.93141				2
2025.08.04	01:15:33.643	0.93142	0.93158			6
2025.08.04	01:15:34.318	0.93146	0.93155			6
2025.08.04	01:15:34.774	0.93144				2
2025.08.04	01:15:39.274	0.93149	0.93164			6
2025.08.04	01:15:40.351	0.93150				2
2025.08.04	01:15:40.856	0.93144	0.93166			6
2025.08.04	01:15:41.159	0.93149				2
2025.08.04	01:15:41.762	0.93152	0.93168			6
2025.08.04	01:15:42.129	0.93153				2
2025.08.04	01:15:42.787	0.93150	0.93167			6
2025.08.04	01:15:43.106	0.93151				2
2025.08.04	01:15:43.442	0.93148				2
2025.08.04	01:15:44.517	0.93152	0.93172			6
2025.08.04	01:15:44.835		0.93169			4
2025.08.04	01:15:45.180	0.93150	0.93170			6
2025.08.04	01:15:48.020	0.93151	0.93169			6
2025.08.04	01:15:50.091	0.93150	0.93170			6
2025.08.04	01:15:50.743	0.93152				2
2025.08.04	01:15:51.690	0.93153	0.93169			6
2025.08.04	01:15:52.036	0.93152				2
2025.08.04	01:15:52.662	0.93153	0.93168			6
2025.08.04	01:15:53.390	0.93152				2
2025.08.04	01:15:53.932	0.93153				2
2025.08.04	01:15:54.360	0.93151	0.93165			6
2025.08.04	01:15:59.784	0.93152	0.93164			6
2025.08.04	01:16:00.113	0.93152				2
2025.08.04	01:16:00.481		0.93168			4
2025.08.04	01:16:00.807	0.93153				2
2025.08.04	01:16:01.142	0.93151				2
2025.08.04	01:16:01.492		0.93169			4
2025.08.04	01:16:01.802	0.93152	0.93168			6
2025.08.04	01:16:03.182	0.93156	0.93170			6
2025.08.04	01:16:04.115	0.93155	0.93171			6
2025.08.04	01:16:05.089	0.93156				2
2025.08.04	01:16:06.160	0.93160	0.93174			6
2025.08.04	01:16:06.829	0.93161	0.93175			6
2025.08.04	01:16:07.793		0.93174			4
2025.08.04	01:16:08.791	0.93162				2
2025.08.04	01:16:09.590	0.93161				2
2025.08.04	01:16:10.278		0.93175			4
2025.08.04	01:16:10.853	0.93162				2
2025.08.04	01:16:13.713		0.93177			4
2025.08.04	01:16:14.171	0.93161	0.93175			6
2025.08.04	01:16:14.512	0.93160				2
2025.08.04	01:16:15.303	0.93158	0.93171			6
2025.08.04	01:16:15.626	0.93159	0.93173			6
2025.08.04	01:16:15.932	0.93160				2
2025.08.04	01:16:16.938		0.93174			4
2025.08.04	01:16:18.072		0.93175			4
2025.08.04	01:16:18.382		0.93174			4
2025.08.04	01:16:19.882	0.93159	0.93175			6
2025.08.04	01:16:20.353	0.93160				2
2025.08.04	01:16:21.090	0.93159	0.93172			6
2025.08.04	01:16:21.799		0.93171			4
2025.08.04	01:16:22.205		0.93173			4
2025.08.04	01:16:24.584		0.93172			4
2025.08.04	01:16:26.018	0.93165	0.93178			6
2025.08.04	01:16:26.325	0.93166	0.93180			6
2025.08.04	01:16:26.668	0.93167				2
2025.08.04	01:16:27.591	0.93157	0.93171			6
2025.08.04	01:16:27.908	0.93160				2
2025.08.04	01:16:28.794	0.93158	0.93173			6
2025.08.04	01:16:29.177	0.93159	0.93171			6
2025.08.04	01:16:31.106		0.93172			4
2025.08.04	01:16:31.606	0.93162	0.93175			6
2025.08.04	01:16:31.919	0.93161	0.93176			6
2025.08.04	01:16:32.960	0.93154	0.93171			6
2025.08.04	01:16:33.359		0.93170			4
2025.08.04	01:16:33.665	0.93155	0.93168			6
2025.08.04	01:16:33.985	0.93153	0.93169			6
2025.08.04	01:16:34.299	0.93154	0.93166			6
2025.08.04	01:16:35.260	0.93153	0.93168			6
2025.08.04	01:16:35.579	0.93154	0.93167			6
2025.08.04	01:16:36.289		0.93168			4
2025.08.04	01:16:36.599		0.93169			4
2025.08.04	01:16:36.918	0.93155	0.93172			6
2025.08.04	01:16:37.221	0.93154	0.93168			6
2025.08.04	01:16:37.629	0.93153				2
2025.08.04	01:16:37.963	0.93154	0.93167			6
2025.08.04	01:16:38.294	0.93153	0.93168			6
2025.08.04	01:16:38.742	0.93154				2
2025.08.04	01:16:39.276	0.93156	0.93169			6
2025.08.04	01:16:40.276		0.93170			4
2025.08.04	01:16:41.031	0.93155	0.93171			6
2025.08.04	01:16:41.349	0.93156	0.93169			6
2025.08.04	01:16:41.991	0.93157				2
2025.08.04	01:16:42.377	0.93156	0.93168			6
2025.08.04	01:16:42.808		0.93169			4
2025.08.04	01:16:43.120		0.93168			4
2025.08.04	01:16:44.168	0.93154	0.93170			6
2025.08.04	01:16:44.491	0.93156	0.93168			6
2025.08.04	01:16:45.640	0.93158	0.93170			6
2025.08.04	01:16:46.008	0.93157	0.93169			6
2025.08.04	01:16:46.656	0.93156	0.93170			6
2025.08.04	01:16:47.241	0.93157				2
2025.08.04	01:16:47.598		0.93169			4
2025.08.04	01:16:47.948	0.93155				2
2025.08.04	01:16:48.415	0.93156				2
2025.08.04	01:16:51.775	0.93157				2
2025.08.04	01:16:52.414	0.93155				2
2025.08.04	01:16:52.778	0.93156				2
2025.08.04	01:16:53.189	0.93157				2
2025.08.04	01:16:53.714	0.93156	0.93168			6
2025.08.04	01:16:54.936		0.93169			4
2025.08.04	01:16:55.423	0.93155				2
2025.08.04	01:16:55.866	0.93156				2
2025.08.04	01:16:56.881	0.93155	0.93170			6
2025.08.04	01:16:58.222	0.93156	0.93169			6
2025.08.04	01:16:58.956	0.93155	0.93171			6
2025.08.04	01:16:59.270	0.93156				2
2025.08.04	01:17:00.024	0.93157	0.93169			6
2025.08.04	01:17:00.349	0.93158	0.93170			6
2025.08.04	01:17:00.671	0.93156	0.93169			6
2025.08.04	01:17:01.131	0.93155	0.93170			6
2025.08.04	01:17:01.976	0.93156	0.93169			6
2025.08.04	01:17:02.292		0.93171			4
2025.08.04	01:17:02.612		0.93169			4
2025.08.04	01:17:03.654		0.93170			4
2025.08.04	01:17:04.456	0.93155	0.93171			6
2025.08.04	01:17:05.638	0.93157				2
2025.08.04	01:17:05.945	0.93158	0.93172			6
2025.08.04	01:17:06.342	0.93156	0.93171			6
2025.08.04	01:17:06.788	0.93155				2
2025.08.04	01:17:07.384	0.93156				2
2025.08.04	01:17:07.727	0.93157				2
2025.08.04	01:17:08.611	0.93156				2
2025.08.04	01:17:08.921	0.93155				2
2025.08.04	01:17:09.649	0.93159	0.93172			6
2025.08.04	01:17:09.959	0.93160	0.93175			6
2025.08.04	01:17:10.354	0.93159	0.93173			6
2025.08.04	01:17:10.862	0.93160	0.93175			6
2025.08.04	01:17:11.294	0.93159	0.93173			6
2025.08.04	01:17:12.884	0.93160	0.93172			6
2025.08.04	01:17:14.983	0.93159				2
2025.08.04	01:17:15.974		0.93173			4
2025.08.04	01:17:16.997	0.93157	0.93171			6
2025.08.04	01:17:17.684	0.93158				2
2025.08.04	01:17:18.297	0.93157				2
2025.08.04	01:17:20.822	0.93158	0.93173			6
2025.08.04	01:17:27.294		0.93172			4
2025.08.04	01:17:28.730		0.93173			4
2025.08.04	01:17:29.738	0.93157				2
2025.08.04	01:17:30.200	0.93158	0.93171			6
2025.08.04	01:17:31.280		0.93173			4
2025.08.04	01:17:31.837	0.93155	0.93170			6
2025.08.04	01:17:33.019	0.93158	0.93173			6
2025.08.04	01:17:34.029	0.93157				2
2025.08.04	01:17:34.948	0.93156	0.93172			6
2025.08.04	01:17:35.258	0.93158	0.93171			6
2025.08.04	01:17:35.581		0.93172			4
2025.08.04	01:17:36.072		0.93171			4
2025.08.04	01:17:37.087	0.93157				2
2025.08.04	01:17:37.535	0.93158				2
2025.08.04	01:17:38.240	0.93157				2
2025.08.04	01:17:38.701	0.93158				2
2025.08.04	01:17:39.411	0.93157	0.93172			6
2025.08.04	01:17:39.735		0.93170			4
2025.08.04	01:17:40.447		0.93171			4
2025.08.04	01:17:41.066	0.93155				2
2025.08.04	01:17:41.572	0.93156				2
2025.08.04	01:17:42.617		0.93172			4
2025.08.04	01:17:44.397	0.93157				2
2025.08.04	01:17:44.718	0.93158	0.93171			6
2025.08.04	01:17:48.848		0.93170			4
2025.08.04	01:17:49.343	0.93157	0.93171			6
2025.08.04	01:17:50.672		0.93170			4
2025.08.04	01:17:51.709	0.93158				2
2025.08.04	01:17:52.099		0.93171			4
2025.08.04	01:17:52.582	0.93157	0.93170			6
2025.08.04	01:17:52.886	0.93158				2
2025.08.04	01:17:54.346	0.93157				2
2025.08.04	01:17:54.776	0.93158				2
2025.08.04	01:17:55.781	0.93154				2
2025.08.04	01:17:56.377		0.93167			4
2025.08.04	01:17:57.589	0.93153	0.93168			6
2025.08.04	01:17:58.791	0.93154	0.93169			6
2025.08.04	01:17:59.904	0.93153	0.93170			6
2025.08.04	01:18:00.289	0.93154	0.93169			6
2025.08.04	01:18:00.616	0.93153	0.93170			6
2025.08.04	01:18:01.571	0.93154	0.93169			6
2025.08.04	01:18:07.345		0.93170			4
2025.08.04	01:18:08.411	0.93155				2
2025.08.04	01:18:09.251	0.93153				2
2025.08.04	01:18:09.577	0.93154				2
2025.08.04	01:18:10.521	0.93153				2
2025.08.04	01:18:10.839	0.93154				2
2025.08.04	01:18:11.840	0.93153				2
2025.08.04	01:18:12.620	0.93154				2
2025.08.04	01:18:12.925	0.93153				2
2025.08.04	01:18:13.231	0.93152	0.93167			6
2025.08.04	01:18:13.537		0.93165			4
2025.08.04	01:18:13.954		0.93166			4
2025.08.04	01:18:14.300	0.93151				2
2025.08.04	01:18:14.744	0.93152				2
2025.08.04	01:18:15.336	0.93153	0.93167			6
2025.08.04	01:18:16.107	0.93155	0.93168			6
2025.08.04	01:18:16.773	0.93153	0.93171			6
2025.08.04	01:18:17.089	0.93154	0.93168			6
2025.08.04	01:18:17.395		0.93166			4
2025.08.04	01:18:17.990	0.93153	0.93168			6
2025.08.04	01:18:18.314	0.93154	0.93167			6
2025.08.04	01:18:19.350		0.93168			4
2025.08.04	01:18:21.419	0.93153				2
2025.08.04	01:18:22.456		0.93169			4
2025.08.04	01:18:22.759	0.93154	0.93168			6
2025.08.04	01:18:23.083		0.93171			4
2025.08.04	01:18:24.629	0.93153	0.93169			6
2025.08.04	01:18:25.189	0.93154				2
2025.08.04	01:18:25.499	0.93155	0.93173			6
2025.08.04	01:18:25.832		0.93172			4
2025.08.04	01:18:26.136		0.93168			4
2025.08.04	01:18:27.409		0.93173			4
2025.08.04	01:18:28.725		0.93168			4
2025.08.04	01:18:30.117		0.93173			4
2025.08.04	01:18:31.057	0.93156				2
2025.08.04	01:18:32.942	0.93155				2
2025.08.04	01:18:34.367	0.93157				2
2025.08.04	01:18:35.473	0.93158				2
2025.08.04	01:18:37.388	0.93157				2
2025.08.04	01:18:39.291	0.93156				2
2025.08.04	01:18:39.679	0.93158				2
2025.08.04	01:18:40.571	0.93157	0.93169			6
2025.08.04	01:18:41.485	0.93158	0.93171			6
2025.08.04	01:18:48.081	0.93159	0.93174			6
2025.08.04	01:18:49.648	0.93160				2
2025.08.04	01:18:50.454	0.93159				2
2025.08.04	01:18:51.193		0.93176			4
2025.08.04	01:18:51.636	0.93160				2
2025.08.04	01:18:52.380		0.93172			4
2025.08.04	01:18:52.690	0.93159				2
2025.08.04	01:18:53.013	0.93160				2
2025.08.04	01:18:53.727	0.93159				2
2025.08.04	01:18:54.106	0.93160				2
2025.08.04	01:18:54.760	0.93159				2
2025.08.04	01:18:55.195	0.93160				2
2025.08.04	01:18:56.833	0.93159				2
2025.08.04	01:18:57.150	0.93160				2
2025.08.04	01:18:58.013		0.93175			4
2025.08.04	01:18:59.092	0.93159				2
2025.08.04	01:18:59.409	0.93158	0.93172			6
2025.08.04	01:18:59.739	0.93160				2
2025.08.04	01:19:00.227	0.93159				2
2025.08.04	01:19:01.966	0.93155	0.93169			6
2025.08.04	01:19:02.300	0.93154	0.93170			6
2025.08.04	01:19:05.049	0.93155				2
2025.08.04	01:19:05.876	0.93156	0.93169			6
2025.08.04	01:19:06.218	0.93155	0.93170			6
2025.08.04	01:19:06.526	0.93156				2
2025.08.04	01:19:06.903		0.93169			4
2025.08.04	01:19:07.909	0.93157	0.93170			6
2025.08.04	01:19:08.292	0.93159				2
2025.08.04	01:19:08.616	0.93157	0.93168			6
2025.08.04	01:19:08.945	0.93156				2
2025.08.04	01:19:09.325		0.93166			4
2025.08.04	01:19:11.734	0.93155				2
2025.08.04	01:19:12.280	0.93154				2
2025.08.04	01:19:12.692	0.93155				2
2025.08.04	01:19:13.298		0.93165			4
2025.08.04	01:19:14.091	0.93153				2
2025.08.04	01:19:14.397	0.93154				2
2025.08.04	01:19:15.380	0.93155				2
2025.08.04	01:19:15.871	0.93154				2
2025.08.04	01:19:16.416	0.93155				2
2025.08.04	01:19:16.721	0.93154				2
2025.08.04	01:19:17.452	0.93155	0.93164			6
2025.08.04	01:19:17.777	0.93154	0.93167			6
2025.08.04	01:19:19.118	0.93155				2
2025.08.04	01:19:19.814	0.93154				2
2025.08.04	01:19:20.135	0.93155				2
2025.08.04	01:19:20.565	0.93152	0.93165			6
2025.08.04	01:19:21.591	0.93153	0.93166			6
2025.08.04	01:19:22.632		0.93165			4
2025.08.04	01:19:23.376	0.93154	0.93167			6
2025.08.04	01:19:24.871	0.93156				2
2025.08.04	01:19:27.717	0.93155				2
2025.08.04	01:19:30.066	0.93154				2
2025.08.04	01:19:30.504	0.93155				2
2025.08.04	01:19:30.948	0.93154				2
2025.08.04	01:19:31.252	0.93156				2
2025.08.04	01:19:31.575	0.93158	0.93173			6
2025.08.04	01:19:31.879	0.93159	0.93174			6
2025.08.04	01:19:32.854	0.93160	0.93173			6
2025.08.04	01:19:34.897	0.93159	0.93174			6
2025.08.04	01:19:35.217	0.93160	0.93173			6
2025.08.04	01:19:35.988	0.93159	0.93174			6
2025.08.04	01:19:37.258	0.93160	0.93173			6
2025.08.04	01:19:38.062		0.93172			4
2025.08.04	01:19:39.097		0.93173			4
2025.08.04	01:19:39.746	0.93162	0.93174			6
2025.08.04	01:19:40.059	0.93160	0.93175			6
2025.08.04	01:19:40.394	0.93162	0.93174			6
2025.08.04	01:19:41.170	0.93161	0.93175			6
2025.08.04	01:19:42.001	0.93159				2
2025.08.04	01:19:42.316	0.93162	0.93174			6
2025.08.04	01:19:42.766	0.93161				2
2025.08.04	01:19:43.079	0.93163	0.93176			6
2025.08.04	01:19:43.762	0.93154	0.93170			6
2025.08.04	01:19:44.074	0.93156	0.93169			6
2025.08.04	01:19:44.417		0.93168			4
2025.08.04	01:19:44.743	0.93154	0.93167			6
2025.08.04	01:19:45.049	0.93153				2
2025.08.04	01:19:45.882	0.93152	0.93166			6
2025.08.04	01:19:46.933	0.93153				2
2025.08.04	01:19:48.592	0.93152				2
2025.08.04	01:19:49.238	0.93155	0.93169			6
2025.08.04	01:19:49.558	0.93156	0.93168			6
2025.08.04	01:19:51.791		0.93170			4
2025.08.04	01:19:52.105		0.93169			4
2025.08.04	01:19:52.943	0.93155	0.93170			6
2025.08.04	01:19:53.269	0.93156	0.93169			6
2025.08.04	01:19:53.892	0.93157				2
2025.08.04	01:19:54.348	0.93155	0.93170			6
2025.08.04	01:19:54.764	0.93157	0.93169			6
2025.08.04	01:19:56.701	0.93156	0.93171			6
2025.08.04	01:19:57.018		0.93169			4
2025.08.04	01:19:59.870	0.93155	0.93170			6
2025.08.04	01:20:00.202	0.93155	0.93167			6
2025.08.04	01:20:00.520	0.93154	0.93169			6
2025.08.04	01:20:01.412	0.93155	0.93168			6
2025.08.04	01:20:01.731		0.93164			4
2025.08.04	01:20:02.513	0.93151	0.93165			6
2025.08.04	01:20:03.144	0.93155	0.93168			6
2025.08.04	01:20:03.519	0.93154				2
2025.08.04	01:20:04.151	0.93153				2
2025.08.04	01:20:04.894	0.93154	0.93167			6
2025.08.04	01:20:05.211	0.93153	0.93168			6
2025.08.04	01:20:06.222	0.93154	0.93167			6
2025.08.04	01:20:09.270	0.93153				2
2025.08.04	01:20:10.712		0.93168			4
2025.08.04	01:20:11.072	0.93154	0.93167			6
2025.08.04	01:20:11.731	0.93153				2
2025.08.04	01:20:12.103	0.93154				2
2025.08.04	01:20:12.818	0.93153	0.93168			6
2025.08.04	01:20:13.535	0.93154	0.93167			6
2025.08.04	01:20:14.590	0.93152	0.93166			6
2025.08.04	01:20:14.893	0.93154	0.93167			6
2025.08.04	01:20:15.590	0.93153				2
2025.08.04	01:20:15.917	0.93154	0.93166			6
2025.08.04	01:20:16.724	0.93152	0.93168			6
2025.08.04	01:20:17.032	0.93154	0.93166			6
2025.08.04	01:20:17.392		0.93167			4
2025.08.04	01:20:17.715	0.93152	0.93169			6
2025.08.04	01:20:18.017	0.93154	0.93168			6
2025.08.04	01:20:21.568		0.93167			4
2025.08.04	01:20:21.952		0.93169			4
2025.08.04	01:20:22.711	0.93153	0.93168			6
2025.08.04	01:20:23.060	0.93151				2
2025.08.04	01:20:23.375	0.93153	0.93165			6
2025.08.04	01:20:23.687		0.93166			4
2025.08.04	01:20:24.015	0.93152	0.93169			6
2025.08.04	01:20:24.357	0.93154	0.93167			6
2025.08.04	01:20:24.945	0.93153	0.93168			6
2025.08.04	01:20:25.284	0.93154	0.93167			6
2025.08.04	01:20:26.131	0.93151	0.93166			6
2025.08.04	01:20:26.438	0.93153				2
2025.08.04	01:20:27.237		0.93165			4
2025.08.04	01:20:27.625		0.93166			4
2025.08.04	01:20:27.938	0.93154	0.93167			6
2025.08.04	01:20:28.248	0.93152	0.93168			6
2025.08.04	01:20:28.554	0.93154	0.93167			6
2025.08.04	01:20:29.220	0.93152	0.93168			6
2025.08.04	01:20:29.564	0.93154	0.93167			6
2025.08.04	01:20:30.189	0.93153				2
2025.08.04	01:20:30.498	0.93154				2
2025.08.04	01:20:30.826	0.93153				2
2025.08.04	01:20:31.174	0.93152				2
2025.08.04	01:20:31.907	0.93153				2
2025.08.04	01:20:32.958	0.93154				2
2025.08.04	01:20:33.763	0.93152				2
2025.08.04	01:20:34.124	0.93154				2
2025.08.04	01:20:34.592	0.93153				2
2025.08.04	01:20:34.958		0.93168			4
2025.08.04	01:20:35.933	0.93154				2
2025.08.04	01:20:36.817	0.93152				2
2025.08.04	01:20:37.151	0.93154	0.93167			6
2025.08.04	01:20:37.469	0.93153	0.93169			6
2025.08.04	01:20:38.127	0.93154	0.93167			6
2025.08.04	01:20:39.382	0.93152	0.93169			6
2025.08.04	01:20:39.695	0.93153	0.93168			6
2025.08.04	01:20:40.529		0.93169			4
2025.08.04	01:20:40.976	0.93154	0.93165			6
2025.08.04	01:20:41.279	0.93158	0.93169			6
2025.08.04	01:20:43.514	0.93157				2
2025.08.04	01:20:43.821	0.93158	0.93168			6
2025.08.04	01:20:44.656	0.93157				2
2025.08.04	01:20:45.952	0.93156				2
2025.08.04	01:20:46.617	0.93157				2
2025.08.04	01:20:47.362	0.93156				2
2025.08.04	01:20:49.460		0.93169			4
2025.08.04	01:20:50.355	0.93157				2
2025.08.04	01:20:50.687	0.93158				2
2025.08.04	01:20:50.990	0.93157				2
2025.08.04	01:20:51.353	0.93159	0.93171			6
2025.08.04	01:20:51.675	0.93158	0.93172			6
2025.08.04	01:20:52.042	0.93159	0.93171			6
2025.08.04	01:20:52.359		0.93172			4
2025.08.04	01:20:53.093	0.93158	0.93169			6
2025.08.04	01:20:55.363		0.93170			4
2025.08.04	01:20:55.880	0.93159				2
2025.08.04	01:20:56.407	0.93160				2
2025.08.04	01:20:57.945	0.93159				2
2025.08.04	01:20:58.954	0.93160				2
2025.08.04	01:21:00.018	0.93159				2
2025.08.04	01:21:00.330	0.93160				2
2025.08.04	01:21:02.001	0.93159				2
2025.08.04	01:21:04.350	0.93161	0.93172			6
2025.08.04	01:21:07.207	0.93160	0.93170			6
2025.08.04	01:21:11.381	0.93159				2
2025.08.04	01:21:13.467	0.93160				2
2025.08.04	01:21:16.349	0.93159				2
2025.08.04	01:21:17.085	0.93160				2
2025.08.04	01:21:37.373	0.93161				2
2025.08.04	01:21:38.418	0.93160				2
2025.08.04	01:21:39.768	0.93161				2
2025.08.04	01:21:40.508	0.93160				2
2025.08.04	01:21:40.959	0.93161				2
2025.08.04	01:21:41.548	0.93160				2
2025.08.04	01:21:41.867	0.93159				2
2025.08.04	01:21:42.262	0.93160				2
2025.08.04	01:21:42.801	0.93159				2
2025.08.04	01:21:43.582	0.93160				2
2025.08.04	01:21:48.749	0.93161	0.93173			6
2025.08.04	01:21:50.397	0.93160				2
2025.08.04	01:21:50.722		0.93172			4
2025.08.04	01:21:51.234		0.93173			4
2025.08.04	01:21:51.626		0.93172			4
2025.08.04	01:21:52.246		0.93173			4
2025.08.04	01:21:54.996		0.93172			4
2025.08.04	01:21:56.035		0.93173			4
2025.08.04	01:22:00.653	0.93161	0.93175			6
2025.08.04	01:22:01.562	0.93164	0.93176			6
2025.08.04	01:22:02.432	0.93162				2
2025.08.04	01:22:02.738	0.93163	0.93175			6
2025.08.04	01:22:03.096	0.93162				2
2025.08.04	01:22:03.831	0.93163				2
2025.08.04	01:22:04.194	0.93162				2
2025.08.04	01:22:04.522		0.93176			4
2025.08.04	01:22:04.873	0.93163	0.93175			6
2025.08.04	01:22:05.789		0.93176			4
2025.08.04	01:22:06.752	0.93162				2
2025.08.04	01:22:07.790		0.93175			4
2025.08.04	01:22:08.198	0.93165	0.93177			6
2025.08.04	01:22:08.917	0.93163	0.93178			6
2025.08.04	01:22:09.286		0.93177			4
2025.08.04	01:22:10.295		0.93178			4
2025.08.04	01:22:11.055	0.93165	0.93177			6
2025.08.04	01:22:11.359	0.93162				2
2025.08.04	01:22:12.266	0.93163				2
2025.08.04	01:22:13.300	0.93162				2
2025.08.04	01:22:15.372	0.93163	0.93175			6
2025.08.04	01:22:15.679	0.93164	0.93176			6
2025.08.04	01:22:18.154	0.93163	0.93177			6
2025.08.04	01:22:18.532	0.93162				2
2025.08.04	01:22:20.095	0.93164	0.93176			6
2025.08.04	01:22:20.402	0.93163	0.93178			6
2025.08.04	01:22:20.712	0.93165	0.93179			6
2025.08.04	01:22:22.581	0.93164				2
2025.08.04	01:22:22.924	0.93165				2
2025.08.04	01:22:25.796		0.93174			4
2025.08.04	01:22:26.129		0.93178			4
2025.08.04	01:22:26.827		0.93179			4
2025.08.04	01:22:28.319	0.93164				2
2025.08.04	01:22:29.989	0.93165				2
2025.08.04	01:22:30.348	0.93164				2
2025.08.04	01:22:32.090	0.93165				2
2025.08.04	01:22:32.466	0.93164				2
2025.08.04	01:22:32.989	0.93165				2
2025.08.04	01:22:33.399	0.93164				2
2025.08.04	01:22:33.728	0.93165				2
2025.08.04	01:22:34.381	0.93163				2
2025.08.04	01:22:34.731	0.93165				2
2025.08.04	01:22:35.562	0.93164	0.93178			6
2025.08.04	01:22:36.601		0.93177			4
2025.08.04	01:22:36.922		0.93178			4
2025.08.04	01:22:37.380	0.93165				2
2025.08.04	01:22:37.786	0.93163				2
2025.08.04	01:22:38.129	0.93164				2
2025.08.04	01:22:38.730	0.93163	0.93177			6
2025.08.04	01:22:40.877		0.93176			4
2025.08.04	01:22:42.872		0.93173			4
2025.08.04	01:22:45.897	0.93162				2
2025.08.04	01:22:47.091	0.93163				2
2025.08.04	01:22:49.780		0.93177			4
2025.08.04	01:22:51.177	0.93162				2
2025.08.04	01:22:52.016	0.93161				2
2025.08.04	01:22:52.410	0.93163				2
2025.08.04	01:22:52.977	0.93162	0.93173			6
2025.08.04	01:22:55.064	0.93153	0.93168			6
2025.08.04	01:22:55.381		0.93163			4
2025.08.04	01:22:55.739	0.93152				2
2025.08.04	01:22:56.347	0.93153				2
2025.08.04	01:22:56.655	0.93147				2
2025.08.04	01:22:57.447	0.93148	0.93162			6
2025.08.04	01:22:58.108		0.93163			4
2025.08.04	01:22:58.452	0.93149	0.93160			6
2025.08.04	01:22:59.579		0.93161			4
2025.08.04	01:23:00.019	0.93149				2
2025.08.04	01:23:01.043	0.93147	0.93163			6
2025.08.04	01:23:01.631	0.93149	0.93164			6
2025.08.04	01:23:01.945		0.93163			4
2025.08.04	01:23:02.784	0.93151	0.93164			6
2025.08.04	01:23:03.102	0.93148	0.93163			6
2025.08.04	01:23:03.433	0.93149	0.93160			6
2025.08.04	01:23:04.350	0.93151	0.93163			6
2025.08.04	01:23:04.666	0.93150	0.93160			6
2025.08.04	01:23:05.426	0.93152	0.93165			6
2025.08.04	01:23:05.730	0.93154	0.93167			6
2025.08.04	01:23:06.089	0.93151				2
2025.08.04	01:23:08.268	0.93150				2
2025.08.04	01:23:14.605	0.93154	0.93166			6
2025.08.04	01:23:16.190	0.93153				2
2025.08.04	01:23:18.812	0.93154				2
2025.08.04	01:23:19.846	0.93153				2
2025.08.04	01:23:20.352	0.93157	0.93172			6
2025.08.04	01:23:20.666	0.93155	0.93167			6
2025.08.04	01:23:21.667	0.93156	0.93169			6
2025.08.04	01:23:25.194		0.93168			4
2025.08.04	01:23:27.457		0.93169			4
2025.08.04	01:23:30.584	0.93160	0.93173			6
2025.08.04	01:23:35.405		0.93174			4
2025.08.04	01:23:36.890		0.93173			4
2025.08.04	01:23:40.145		0.93175			4
2025.08.04	01:23:41.137	0.93158	0.93171			6
2025.08.04	01:23:41.721	0.93156	0.93169			6
2025.08.04	01:23:42.069		0.93168			4
2025.08.04	01:23:42.382		0.93169			4
2025.08.04	01:23:43.064		0.93168			4
2025.08.04	01:23:43.739		0.93169			4
2025.08.04	01:23:45.286		0.93168			4
2025.08.04	01:23:46.322		0.93169			4
2025.08.04	01:23:47.089		0.93168			4
2025.08.04	01:23:47.422		0.93169			4
2025.08.04	01:23:47.990		0.93168			4
2025.08.04	01:23:48.459		0.93169			4
2025.08.04	01:23:49.191		0.93168			4
2025.08.04	01:23:49.496		0.93169			4
2025.08.04	01:23:50.089		0.93168			4
2025.08.04	01:23:51.520	0.93157	0.93169			6
2025.08.04	01:23:53.690	0.93156				2
2025.08.04	01:23:54.286	0.93157				2
2025.08.04	01:23:54.891	0.93156				2
2025.08.04	01:23:55.323	0.93157				2
2025.08.04	01:23:55.790	0.93156				2
2025.08.04	01:23:56.258	0.93155	0.93167			6
2025.08.04	01:23:56.851	0.93156	0.93168			6
2025.08.04	01:23:57.875	0.93155				2
2025.08.04	01:23:58.325	0.93156				2
2025.08.04	01:23:58.950	0.93155				2
2025.08.04	01:23:59.393	0.93156				2
2025.08.04	01:23:59.980	0.93155				2
2025.08.04	01:24:00.534	0.93152	0.93164			6
2025.08.04	01:24:01.593		0.93165			4
2025.08.04	01:24:02.349		0.93166			4
2025.08.04	01:24:02.656	0.93154				2
2025.08.04	01:24:03.584	0.93153				2
2025.08.04	01:24:03.977	0.93152				2
2025.08.04	01:24:04.642	0.93153	0.93164			6
2025.08.04	01:24:04.954	0.93154				2
2025.08.04	01:24:05.608	0.93155	0.93166			6
2025.08.04	01:24:06.103	0.93154				2
2025.08.04	01:24:08.714		0.93167			4
2025.08.04	01:24:09.325	0.93155	0.93166			6
2025.08.04	01:24:09.822	0.93154	0.93167			6
2025.08.04	01:24:10.859	0.93155	0.93165			6
2025.08.04	01:24:11.899		0.93164			4
2025.08.04	01:24:12.864	0.93158	0.93170			6
2025.08.04	01:24:20.091		0.93171			4
2025.08.04	01:24:20.812	0.93155	0.93167			6
2025.08.04	01:24:21.243	0.93156	0.93168			6
2025.08.04	01:24:23.028	0.93155	0.93167			6
2025.08.04	01:24:24.190		0.93168			4
2025.08.04	01:24:24.904	0.93153	0.93164			6
2025.08.04	01:24:26.336	0.93152				2
2025.08.04	01:24:27.686	0.93153				2
2025.08.04	01:24:29.758	0.93152				2
2025.08.04	01:24:31.833	0.93154				2
2025.08.04	01:24:33.932	0.93153	0.93167			6
2025.08.04	01:24:35.066	0.93154				2
2025.08.04	01:24:35.690	0.93153				2
2025.08.04	01:24:36.104	0.93154				2
2025.08.04	01:24:36.592	0.93153				2
2025.08.04	01:24:37.142	0.93148	0.93164			6
2025.08.04	01:24:40.726	0.93154	0.93167			6
2025.08.04	01:24:41.931	0.93153	0.93166			6
2025.08.04	01:24:42.239		0.93163			4
2025.08.04	01:24:43.275	0.93152				2
2025.08.04	01:24:44.129	0.93153				2
2025.08.04	01:24:45.033	0.93152				2
2025.08.04	01:24:45.610	0.93153				2
2025.08.04	01:24:46.040	0.93152				2
2025.08.04	01:24:52.068		0.93169			4
2025.08.04	01:24:52.369	0.93154	0.93168			6
2025.08.04	01:24:53.321		0.93167			4
2025.08.04	01:24:54.323	0.93153	0.93168			6
2025.08.04	01:24:54.734		0.93167			4
2025.08.04	01:25:00.333	0.93154				2
2025.08.04	01:25:01.420	0.93155				2
2025.08.04	01:25:02.204	0.93153	0.93166			6
2025.08.04	01:25:02.508		0.93167			4
2025.08.04	01:25:02.992	0.93154				2
2025.08.04	01:25:05.861	0.93158	0.93169			6
2025.08.04	01:25:06.662	0.93159				2
2025.08.04	01:25:09.381	0.93157				2
2025.08.04	01:25:10.002	0.93156				2
2025.08.04	01:25:19.863		0.93167			4
2025.08.04	01:25:20.183	0.93154				2
2025.08.04	01:25:21.110		0.93166			4
2025.08.04	01:25:23.485		0.93167			4
2025.08.04	01:25:24.293		0.93166			4
2025.08.04	01:25:25.486	0.93153				2
2025.08.04	01:25:26.359		0.93167			4
2025.08.04	01:25:26.991	0.93152				2
2025.08.04	01:25:29.026	0.93153	0.93166			6
2025.08.04	01:25:29.691	0.93152	0.93167			6
2025.08.04	01:25:30.749	0.93153				2
2025.08.04	01:25:32.162		0.93166			4
2025.08.04	01:25:33.591		0.93167			4
2025.08.04	01:25:36.892	0.93152				2
2025.08.04	01:25:38.390	0.93153				2
2025.08.04	01:25:40.191	0.93152				2
2025.08.04	01:25:41.488	0.93153				2
2025.08.04	01:25:45.192	0.93154				2
2025.08.04	01:25:46.225	0.93156	0.93166			6
2025.08.04	01:25:48.917	0.93157				2
2025.08.04	01:25:49.633		0.93167			4
2025.08.04	01:25:50.496	0.93156				2
2025.08.04	01:25:54.291	0.93157				2
2025.08.04	01:25:56.110	0.93156				2
2025.08.04	01:25:58.798	0.93155	0.93165			6
2025.08.04	01:26:00.320	0.93156				2
2025.08.04	01:26:02.456		0.93168			4
2025.08.04	01:26:03.594	0.93155	0.93169			6
2025.08.04	01:26:04.937	0.93152	0.93163			6
2025.08.04	01:26:05.385		0.93161			4
2025.08.04	01:26:06.111	0.93151				2
2025.08.04	01:26:06.698	0.93152	0.93162			6
2025.08.04	01:26:07.371	0.93150				2
2025.08.04	01:26:07.680	0.93142	0.93156			6
2025.08.04	01:26:08.049	0.93147	0.93161			6
2025.08.04	01:26:08.361	0.93146	0.93160			6
2025.08.04	01:26:09.633		0.93161			4
2025.08.04	01:26:10.032	0.93147	0.93160			6
2025.08.04	01:26:10.469	0.93146				2
2025.08.04	01:26:11.994	0.93147				2
2025.08.04	01:26:14.465	0.93148	0.93158			6
2025.08.04	01:26:16.491	0.93145	0.93157			6
2025.08.04	01:26:22.166	0.93147				2
2025.08.04	01:26:29.144	0.93144	0.93155			6
2025.08.04	01:26:29.464	0.93147	0.93157			6
2025.08.04	01:26:29.794	0.93146				2
2025.08.04	01:26:30.715		0.93158			4
2025.08.04	01:26:31.746	0.93147	0.93157			6
2025.08.04	01:26:32.058	0.93144	0.93155			6
2025.08.04	01:26:37.726	0.93145	0.93156			6
2025.08.04	01:26:39.267	0.93144	0.93155			6
2025.08.04	01:26:41.969		0.93154			4
2025.08.04	01:26:49.449	0.93143				2
2025.08.04	01:26:51.985		0.93155			4
2025.08.04	01:26:53.915	0.93144	0.93154			6
2025.08.04	01:26:55.017		0.93155			4
2025.08.04	01:26:56.990		0.93154			4
2025.08.04	01:26:59.091	0.93146	0.93158			6
2025.08.04	01:26:59.404	0.93145				2
2025.08.04	01:27:00.324	0.93148				2
2025.08.04	01:27:00.664	0.93146				2
2025.08.04	01:27:01.388	0.93147	0.93156			6
2025.08.04	01:27:01.987		0.93157			4
2025.08.04	01:27:03.479		0.93156			4
2025.08.04	01:27:03.822		0.93157			4
2025.08.04	01:27:05.138	0.93148	0.93159			6
2025.08.04	01:27:07.204		0.93158			4
2025.08.04	01:27:07.616		0.93159			4
2025.08.04	01:27:12.496		0.93160			4
2025.08.04	01:27:12.801	0.93144	0.93155			6
2025.08.04	01:27:13.118	0.93147	0.93158			6
2025.08.04	01:27:14.093	0.93148				2
2025.08.04	01:27:24.239	0.93147				2
2025.08.04	01:27:25.833	0.93149	0.93159			6
2025.08.04	01:27:26.960	0.93147	0.93157			6
2025.08.04	01:27:27.324	0.93145	0.93156			6
2025.08.04	01:27:28.171	0.93143	0.93157			6
2025.08.04	01:27:28.898	0.93147				2
2025.08.04	01:27:29.222	0.93143				2
2025.08.04	01:27:29.949	0.93147	0.93158			6
2025.08.04	01:27:31.494	0.93143				2
2025.08.04	01:27:32.111	0.93146	0.93157			6
2025.08.04	01:27:33.850	0.93147				2
2025.08.04	01:27:34.610	0.93143				2
2025.08.04	01:27:35.152	0.93147				2
2025.08.04	01:27:35.493	0.93146				2
2025.08.04	01:27:37.003	0.93145				2
2025.08.04	01:27:37.337	0.93146				2
2025.08.04	01:27:37.697	0.93145	0.93158			6
2025.08.04	01:27:38.798	0.93150	0.93159			6
2025.08.04	01:27:39.401	0.93149				2
2025.08.04	01:27:47.076	0.93150	0.93160			6
2025.08.04	01:27:47.378	0.93151	0.93161			6
2025.08.04	01:27:48.905		0.93162			4
2025.08.04	01:27:50.792		0.93160			4
2025.08.04	01:27:55.855	0.93150	0.93159			6
2025.08.04	01:27:57.897		0.93160			4
2025.08.04	01:27:58.556		0.93159			4
2025.08.04	01:28:00.480	0.93150	0.93158			6
2025.08.04	01:28:01.790		0.93159			4
2025.08.04	01:28:04.861	0.93145	0.93157			6
2025.08.04	01:28:05.229	0.93149	0.93159			6
2025.08.04	01:28:07.328	0.93152	0.93157			6
2025.08.04	01:28:07.641	0.93150	0.93160			6
2025.08.04	01:28:07.972		0.93159			4
2025.08.04	01:28:08.345	0.93148	0.93157			6
2025.08.04	01:28:08.707		0.93158			4
2025.08.04	01:28:09.181	0.93149	0.93156			6
2025.08.04	01:28:09.892		0.93157			4
2025.08.04	01:28:10.593	0.93147				2
2025.08.04	01:28:11.236		0.93156			4
2025.08.04	01:28:12.393	0.93149				2
2025.08.04	01:28:15.672	0.93151				2
2025.08.04	01:28:17.776		0.93157			4
2025.08.04	01:28:18.138		0.93156			4
2025.08.04	01:28:19.719	0.93150	0.93155			6
2025.08.04	01:28:20.113		0.93156			4
2025.08.04	01:28:20.985	0.93147	0.93155			6
2025.08.04	01:28:23.002	0.93149				2
2025.08.04	01:28:23.352	0.93150	0.93156			6
2025.08.04	01:28:24.221	0.93151	0.93158			6
2025.08.04	01:28:26.330	0.93153				2
2025.08.04	01:28:26.635		0.93161			4
2025.08.04	01:28:29.798	0.93155				2
2025.08.04	01:28:31.511		0.93162			4
2025.08.04	01:28:32.391		0.93161			4
2025.08.04	01:28:36.798	0.93154				2
2025.08.04	01:28:39.780	0.93153				2
2025.08.04	01:28:41.132		0.93162			4
2025.08.04	01:28:41.622	0.93154				2
2025.08.04	01:28:43.028	0.93153				2
2025.08.04	01:28:43.329	0.93154				2
2025.08.04	01:28:49.109	0.93153				2
2025.08.04	01:28:50.838	0.93154				2
2025.08.04	01:28:51.166	0.93152	0.93161			6
2025.08.04	01:28:51.871		0.93160			4
2025.08.04	01:28:53.356	0.93150				2
2025.08.04	01:28:55.416	0.93152	0.93161			6
2025.08.04	01:28:59.538	0.93153	0.93163			6
2025.08.04	01:29:00.136	0.93153	0.93165			6
2025.08.04	01:29:01.427	0.93155				2
2025.08.04	01:29:01.739		0.93163			4
2025.08.04	01:29:03.216	0.93154	0.93164			6
2025.08.04	01:29:04.882	0.93151	0.93163			6
2025.08.04	01:29:05.235	0.93152				2
2025.08.04	01:29:11.336	0.93154	0.93164			6
2025.08.04	01:29:21.779	0.93153				2
2025.08.04	01:29:27.291	0.93152				2
2025.08.04	01:29:29.091	0.93153				2
2025.08.04	01:29:30.358	0.93152	0.93163			6
2025.08.04	01:29:31.549	0.93153				2
2025.08.04	01:29:33.592	0.93152				2
2025.08.04	01:29:34.708	0.93153				2
2025.08.04	01:29:42.697	0.93151	0.93160			6
2025.08.04	01:29:44.365		0.93162			4
2025.08.04	01:29:46.141	0.93150				2
2025.08.04	01:29:46.826	0.93153	0.93165			6
2025.08.04	01:29:50.063	0.93154				2
2025.08.04	01:29:50.412	0.93153				2
2025.08.04	01:29:51.489		0.93166			4
2025.08.04	01:29:52.467		0.93165			4
2025.08.04	01:29:53.563		0.93166			4
2025.08.04	01:30:00.380	0.93151	0.93164			6
2025.08.04	01:30:01.426	0.93149	0.93160			6
2025.08.04	01:30:01.745	0.93147	0.93159			6
2025.08.04	01:30:02.078	0.93148				2
2025.08.04	01:30:02.490	0.93147	0.93160			6
2025.08.04	01:30:03.295	0.93148				2
2025.08.04	01:30:06.659		0.93159			4
2025.08.04	01:30:08.697	0.93152	0.93165			6
2025.08.04	01:30:09.031	0.93151	0.93163			6
2025.08.04	01:30:10.112	0.93152				2
2025.08.04	01:30:10.441		0.93162			4
2025.08.04	01:30:11.441	0.93150	0.93161			6
2025.08.04	01:30:12.344		0.93160			4
2025.08.04	01:30:12.663		0.93161			4
2025.08.04	01:30:13.506	0.93149	0.93160			6
2025.08.04	01:30:19.423	0.93150				2
2025.08.04	01:30:19.907	0.93149				2
2025.08.04	01:30:20.313	0.93148				2
2025.08.04	01:30:20.622	0.93150				2
2025.08.04	01:30:24.556	0.93148				2
2025.08.04	01:30:25.529	0.93149	0.93161			6
2025.08.04	01:30:25.838		0.93158			4
2025.08.04	01:30:26.139		0.93159			4
2025.08.04	01:30:27.208	0.93148	0.93158			6
2025.08.04	01:30:30.348	0.93147	0.93157			6
2025.08.04	01:30:33.286	0.93145	0.93156			6
2025.08.04	01:30:34.046		0.93155			4
2025.08.04	01:30:35.759	0.93144				2
2025.08.04	01:30:39.591		0.93156			4
2025.08.04	01:30:40.678	0.93146				2
2025.08.04	01:30:42.582	0.93145				2
2025.08.04	01:30:43.115	0.93146				2
2025.08.04	01:30:45.292	0.93145				2
2025.08.04	01:30:45.607	0.93144	0.93158			6
2025.08.04	01:30:46.037	0.93145	0.93159			6
2025.08.04	01:30:46.813		0.93157			4
2025.08.04	01:30:48.197	0.93148				2
2025.08.04	01:30:49.652		0.93158			4
2025.08.04	01:30:58.786	0.93149				2
2025.08.04	01:31:00.324	0.93148				2
2025.08.04	01:31:01.035	0.93149				2
2025.08.04	01:31:01.774	0.93145	0.93157			6
2025.08.04	01:31:02.106	0.93144	0.93158			6
2025.08.04	01:31:02.486		0.93156			4
2025.08.04	01:31:05.404	0.93145	0.93158			6
2025.08.04	01:31:07.744	0.93146				2
2025.08.04	01:31:08.347		0.93157			4
2025.08.04	01:31:08.668	0.93147				2
2025.08.04	01:31:09.940	0.93146				2
2025.08.04	01:31:11.409	0.93147				2
2025.08.04	01:31:11.717	0.93148				2
2025.08.04	01:31:12.685	0.93147	0.93156			6
2025.08.04	01:31:13.032	0.93146	0.93157			6
2025.08.04	01:31:13.339	0.93147				2
2025.08.04	01:31:13.669	0.93148	0.93160			6
2025.08.04	01:31:14.024	0.93146	0.93157			6
2025.08.04	01:31:14.900	0.93144				2
2025.08.04	01:31:15.218		0.93156			4
2025.08.04	01:31:15.889	0.93145	0.93157			6
2025.08.04	01:31:16.216	0.93143	0.93158			6
2025.08.04	01:31:17.113	0.93144	0.93156			6
2025.08.04	01:31:18.615	0.93145				2
2025.08.04	01:31:19.186	0.93143	0.93158			6
2025.08.04	01:31:19.565	0.93144	0.93157			6
2025.08.04	01:31:20.092	0.93146				2
2025.08.04	01:31:20.414	0.93145				2
2025.08.04	01:31:20.720	0.93143	0.93155			6
2025.08.04	01:31:21.053	0.93142				2
2025.08.04	01:31:21.693	0.93143				2
2025.08.04	01:31:22.454	0.93142				2
2025.08.04	01:31:22.782	0.93143				2
2025.08.04	01:31:23.169	0.93146	0.93159			6
2025.08.04	01:31:23.481	0.93143	0.93155			6
2025.08.04	01:31:23.841	0.93142	0.93152			6
2025.08.04	01:31:26.345	0.93143				2
2025.08.04	01:31:28.713	0.93145	0.93156			6
2025.08.04	01:31:29.018	0.93143	0.93155			6
2025.08.04	01:31:29.869	0.93144				2
2025.08.04	01:31:30.760		0.93157			4
2025.08.04	01:31:31.371	0.93143	0.93155			6
2025.08.04	01:31:31.687		0.93157			4
2025.08.04	01:31:32.993	0.93142	0.93153			6
2025.08.04	01:31:35.063	0.93143				2
2025.08.04	01:31:35.391	0.93149	0.93159			6
2025.08.04	01:31:38.662	0.93148	0.93158			6
2025.08.04	01:31:41.684	0.93143	0.93156			6
2025.08.04	01:31:42.749		0.93155			4
2025.08.04	01:31:43.060	0.93145	0.93158			6
2025.08.04	01:31:43.374	0.93143				2
2025.08.04	01:31:46.345		0.93154			4
2025.08.04	01:31:48.180	0.93142				2
2025.08.04	01:31:51.496		0.93151			4
2025.08.04	01:31:52.660	0.93137				2
2025.08.04	01:31:56.350	0.93142				2
2025.08.04	01:31:58.355	0.93144	0.93154			6
2025.08.04	01:31:59.381	0.93143				2
2025.08.04	01:32:00.164	0.93143				2
2025.08.04	01:32:00.490	0.93145	0.93155			6
2025.08.04	01:32:01.282	0.93144				2
2025.08.04	01:32:02.360		0.93154			4
2025.08.04	01:32:02.696		0.93150			4
2025.08.04	01:32:03.584		0.93151			4
2025.08.04	01:32:05.208	0.93143				2
2025.08.04	01:32:10.274	0.93144				2
2025.08.04	01:32:14.826	0.93143				2
2025.08.04	01:32:15.307	0.93142	0.93152			6
2025.08.04	01:32:15.619	0.93143				2
2025.08.04	01:32:16.083	0.93144				2
2025.08.04	01:32:17.971	0.93146	0.93153			6
2025.08.04	01:32:18.278	0.93142	0.93154			6
2025.08.04	01:32:19.184		0.93155			4
2025.08.04	01:32:19.492	0.93141				2
2025.08.04	01:32:23.083	0.93142				2
2025.08.04	01:32:24.128	0.93141	0.93154			6
2025.08.04	01:32:24.477	0.93142				2
2025.08.04	01:32:25.172		0.93155			4
2025.08.04	01:32:25.550	0.93141				2
2025.08.04	01:32:27.748	0.93142				2
2025.08.04	01:32:29.478	0.93143				2
2025.08.04	01:32:30.754		0.93156			4
2025.08.04	01:32:31.821		0.93154			4
2025.08.04	01:32:32.128		0.93155			4
2025.08.04	01:32:33.941		0.93154			4
2025.08.04	01:32:34.721		0.93155			4
2025.08.04	01:32:35.092	0.93144	0.93156			6
2025.08.04	01:32:35.616	0.93143	0.93155			6
2025.08.04	01:32:39.711	0.93145				2
2025.08.04	01:32:40.691	0.93142	0.93154			6
2025.08.04	01:32:41.073	0.93143				2
2025.08.04	01:32:42.994		0.93155			4
2025.08.04	01:32:44.841		0.93153			4
2025.08.04	01:32:45.182	0.93144	0.93152			6
2025.08.04	01:32:46.779	0.93143				2
2025.08.04	01:32:48.391	0.93141	0.93151			6
2025.08.04	01:32:49.407	0.93142	0.93152			6
2025.08.04	01:32:51.277		0.93154			4
2025.08.04	01:32:52.702	0.93144	0.93155			6
2025.08.04	01:32:53.659	0.93143	0.93154			6
2025.08.04	01:32:54.722		0.93155			4
2025.08.04	01:32:55.761		0.93154			4
2025.08.04	01:32:56.690	0.93144	0.93155			6
2025.08.04	01:32:57.147	0.93145	0.93154			6
2025.08.04	01:32:57.710	0.93144				2
2025.08.04	01:32:58.896		0.93155			4
2025.08.04	01:33:00.371	0.93144	0.93154			6
2025.08.04	01:33:00.874	0.93143	0.93153			6
2025.08.04	01:33:01.546		0.93154			4
2025.08.04	01:33:02.288	0.93144	0.93153			6
2025.08.04	01:33:02.654	0.93143				2
2025.08.04	01:33:04.156	0.93144	0.93154			6
2025.08.04	01:33:04.484	0.93143				2
2025.08.04	01:33:05.399		0.93153			4
2025.08.04	01:33:05.754		0.93154			4
2025.08.04	01:33:06.059	0.93144	0.93151			6
2025.08.04	01:33:06.811	0.93142				2
2025.08.04	01:33:07.340	0.93141	0.93154			6
2025.08.04	01:33:07.737	0.93144				2
2025.08.04	01:33:10.192	0.93142	0.93153			6
2025.08.04	01:33:11.991	0.93141				2
2025.08.04	01:33:12.297	0.93142	0.93154			6
2025.08.04	01:33:18.892	0.93143				2
2025.08.04	01:33:23.687	0.93142	0.93153			6
2025.08.04	01:33:24.197		0.93152			4
2025.08.04	01:33:27.825	0.93144	0.93155			6
2025.08.04	01:33:28.716	0.93142				2
2025.08.04	01:33:29.748	0.93143				2
2025.08.04	01:33:32.778		0.93154			4
2025.08.04	01:33:33.328	0.93142	0.93153			6
2025.08.04	01:33:38.334	0.93143	0.93154			6
2025.08.04	01:33:40.782	0.93142	0.93155			6
2025.08.04	01:33:41.608		0.93154			4
2025.08.04	01:33:42.073	0.93143				2
2025.08.04	01:33:43.191	0.93142				2
2025.08.04	01:33:44.124	0.93143	0.93155			6
2025.08.04	01:33:51.626	0.93141	0.93153			6
2025.08.04	01:33:51.938	0.93142	0.93154			6
2025.08.04	01:34:00.953	0.93142				2
2025.08.04	01:34:19.565	0.93143	0.93155			6
2025.08.04	01:34:20.683		0.93154			4
2025.08.04	01:34:21.691		0.93155			4
2025.08.04	01:34:22.171		0.93154			4
2025.08.04	01:34:23.255		0.93155			4
2025.08.04	01:34:23.846		0.93154			4
2025.08.04	01:34:24.601	0.93142				2
2025.08.04	01:34:24.933	0.93143	0.93155			6
2025.08.04	01:34:27.055		0.93154			4
2025.08.04	01:34:29.931	0.93144	0.93155			6
2025.08.04	01:34:30.238		0.93156			4
2025.08.04	01:34:31.137		0.93155			4
2025.08.04	01:34:32.647	0.93143	0.93156			6
2025.08.04	01:34:34.889	0.93144				2
2025.08.04	01:34:35.632	0.93143				2
2025.08.04	01:34:36.029	0.93144	0.93155			6
2025.08.04	01:34:41.370	0.93147	0.93157			6
2025.08.04	01:34:48.883	0.93145	0.93156			6
2025.08.04	01:34:49.372	0.93147	0.93157			6
2025.08.04	01:34:55.444	0.93146	0.93156			6
2025.08.04	01:35:00.355	0.93146				2
2025.08.04	01:35:20.880	0.93143	0.93155			6
2025.08.04	01:35:23.022		0.93156			4
2025.08.04	01:35:30.387	0.93142				2
2025.08.04	01:35:32.694		0.93155			4
2025.08.04	01:35:35.482		0.93154			4
2025.08.04	01:35:36.629		0.93155			4
2025.08.04	01:35:38.587	0.93141	0.93154			6
2025.08.04	01:35:39.590		0.93155			4
2025.08.04	01:35:41.628	0.93142				2
2025.08.04	01:35:43.685	0.93143				2
2025.08.04	01:35:45.836	0.93142				2
2025.08.04	01:35:47.994	0.93141	0.93154			6
2025.08.04	01:35:48.298	0.93142				2
2025.08.04	01:35:49.631	0.93144				2
2025.08.04	01:35:51.660		0.93155			4
2025.08.04	01:35:53.605	0.93146	0.93156			6
2025.08.04	01:36:00.145	0.93146				2
2025.08.04	01:36:01.250	0.93145	0.93154			6
2025.08.04	01:36:01.591	0.93143				2
2025.08.04	01:36:01.949		0.93155			4
2025.08.04	01:36:03.310	0.93145	0.93156			6
2025.08.04	01:36:29.773	0.93148	0.93158			6
2025.08.04	01:36:49.792	0.93147	0.93157			6
2025.08.04	01:37:00.079	0.93147				2
2025.08.04	01:37:03.210	0.93148				2
2025.08.04	01:37:03.519		0.93158			4
2025.08.04	01:37:06.103		0.93159			4
2025.08.04	01:37:06.479	0.93149				2
2025.08.04	01:37:12.711	0.93148	0.93158			6
2025.08.04	01:37:16.565	0.93152	0.93163			6
2025.08.04	01:37:17.580		0.93162			4
2025.08.04	01:37:20.154		0.93161			4
2025.08.04	01:37:21.796	0.93153	0.93162			6
2025.08.04	01:37:25.253		0.93165			4
2025.08.04	01:37:25.557		0.93164			4
2025.08.04	01:37:26.472		0.93163			4
2025.08.04	01:37:28.194	0.93151	0.93164			6
2025.08.04	01:37:28.766	0.93152				2
2025.08.04	01:37:29.716	0.93155				2
2025.08.04	01:37:30.700	0.93156	0.93166			6
2025.08.04	01:37:32.154	0.93155	0.93165			6
2025.08.04	01:37:33.574	0.93156				2
2025.08.04	01:37:35.998		0.93167			4
2025.08.04	01:37:36.617		0.93165			4
2025.08.04	01:37:39.212		0.93167			4
2025.08.04	01:37:40.251		0.93165			4
2025.08.04	01:37:41.381		0.93166			4
2025.08.04	01:37:43.983		0.93165			4
2025.08.04	01:37:45.362		0.93166			4
2025.08.04	01:37:48.917	0.93157	0.93167			6
2025.08.04	01:38:00.159	0.93156	0.93166			6
2025.08.04	01:38:00.846	0.93155				2
2025.08.04	01:38:05.624	0.93153	0.93165			6
2025.08.04	01:38:07.719	0.93155				2
2025.08.04	01:38:08.069	0.93154	0.93164			6
2025.08.04	01:38:08.768		0.93163			4
2025.08.04	01:38:10.186	0.93155	0.93166			6
2025.08.04	01:38:11.077		0.93165			4
2025.08.04	01:38:11.427		0.93166			4
2025.08.04	01:38:12.654		0.93165			4
2025.08.04	01:38:15.039		0.93164			4
2025.08.04	01:38:16.732	0.93157	0.93165			6
2025.08.04	01:38:17.082	0.93153	0.93166			6
2025.08.04	01:38:19.477	0.93156				2
2025.08.04	01:38:19.836	0.93154				2
2025.08.04	01:38:20.576	0.93156				2
2025.08.04	01:38:20.926		0.93165			4
2025.08.04	01:38:21.599		0.93164			4
2025.08.04	01:38:21.918		0.93165			4
2025.08.04	01:38:23.034		0.93164			4
2025.08.04	01:38:27.129		0.93165			4
2025.08.04	01:38:34.191		0.93166			4
2025.08.04	01:38:37.215	0.93154	0.93165			6
2025.08.04	01:38:37.557		0.93164			4
2025.08.04	01:38:37.967	0.93158	0.93169			6
2025.08.04	01:38:39.781	0.93159	0.93168			6
2025.08.04	01:38:47.767	0.93160				2
2025.08.04	01:38:48.081	0.93159	0.93170			6
2025.08.04	01:38:48.458		0.93168			4
2025.08.04	01:38:49.094		0.93169			4
2025.08.04	01:38:51.435		0.93171			4
2025.08.04	01:38:51.905		0.93169			4
2025.08.04	01:38:53.591		0.93168			4
2025.08.04	01:38:53.910		0.93170			4
2025.08.04	01:38:54.822		0.93171			4
2025.08.04	01:38:55.867		0.93170			4
2025.08.04	01:38:57.435	0.93160				2
2025.08.04	01:39:00.515	0.93160				2
2025.08.04	01:39:01.470	0.93158	0.93168			6
2025.08.04	01:39:03.665	0.93160	0.93166			6
2025.08.04	01:39:04.179	0.93158	0.93167			6
2025.08.04	01:39:06.411		0.93166			4
2025.08.04	01:39:09.542	0.93159	0.93167			6
2025.08.04	01:39:09.860	0.93157	0.93164			6
2025.08.04	01:39:12.100		0.93165			4
2025.08.04	01:39:12.535		0.93164			4
2025.08.04	01:39:13.185		0.93165			4
2025.08.04	01:39:14.529		0.93164			4
2025.08.04	01:39:14.905	0.93158				2
2025.08.04	01:39:18.591		0.93165			4
2025.08.04	01:39:20.349	0.93156	0.93167			6
2025.08.04	01:39:20.657		0.93170			4
2025.08.04	01:39:21.033		0.93166			4
2025.08.04	01:39:23.996		0.93168			4
2025.08.04	01:39:25.955		0.93166			4
2025.08.04	01:39:26.257		0.93168			4
2025.08.04	01:39:26.562		0.93166			4
2025.08.04	01:39:27.680	0.93155	0.93165			6
2025.08.04	01:39:28.702		0.93168			4
2025.08.04	01:39:29.628		0.93166			4
2025.08.04	01:39:30.663		0.93164			4
2025.08.04	01:39:31.684		0.93163			4
2025.08.04	01:39:32.454		0.93164			4
2025.08.04	01:39:33.752		0.93165			4
2025.08.04	01:39:34.509		0.93164			4
2025.08.04	01:39:37.834		0.93163			4
2025.08.04	01:39:43.713		0.93166			4
2025.08.04	01:39:44.943		0.93167			4
2025.08.04	01:39:45.356		0.93163			4
2025.08.04	01:39:46.076		0.93164			4
2025.08.04	01:39:47.097	0.93153				2
2025.08.04	01:39:48.187	0.93154				2
2025.08.04	01:39:49.142	0.93155				2
2025.08.04	01:39:52.791		0.93165			4
2025.08.04	01:39:56.847		0.93164			4
2025.08.04	01:40:00.412	0.93155				2
2025.08.04	01:40:11.332	0.93153				2
2025.08.04	01:40:12.362	0.93154				2
2025.08.04	01:40:18.669		0.93165			4
2025.08.04	01:40:21.892		0.93164			4
2025.08.04	01:40:36.806	0.93151	0.93162			6
2025.08.04	01:40:41.324		0.93160			4
2025.08.04	01:40:41.643	0.93149				2
2025.08.04	01:40:42.672	0.93152	0.93161			6
2025.08.04	01:40:44.172		0.93163			4
2025.08.04	01:40:45.724		0.93162			4
2025.08.04	01:40:46.061		0.93163			4
2025.08.04	01:40:48.291	0.93149	0.93160			6
2025.08.04	01:40:48.598	0.93148	0.93162			6
2025.08.04	01:40:49.496	0.93150				2
2025.08.04	01:40:50.732		0.93161			4
2025.08.04	01:40:53.141	0.93149	0.93159			6
2025.08.04	01:40:53.458		0.93160			4
2025.08.04	01:40:54.365	0.93148	0.93158			6
2025.08.04	01:40:54.680	0.93146	0.93157			6
2025.08.04	01:41:00.355	0.93149	0.93159			6
2025.08.04	01:41:00.659		0.93160			4
2025.08.04	01:41:00.968		0.93159			4
2025.08.04	01:41:13.267	0.93147	0.93157			6
2025.08.04	01:41:16.457	0.93146				2
2025.08.04	01:41:22.528	0.93149	0.93159			6
2025.08.04	01:41:22.842	0.93150	0.93160			6
2025.08.04	01:41:23.563		0.93161			4
2025.08.04	01:41:25.462	0.93152	0.93163			6
2025.08.04	01:41:29.923	0.93153	0.93165			6
2025.08.04	01:41:37.532	0.93151	0.93163			6
2025.08.04	01:41:40.457		0.93162			4
2025.08.04	01:41:46.598	0.93150				2
2025.08.04	01:41:52.768		0.93161			4
2025.08.04	01:41:54.025	0.93149	0.93160			6
2025.08.04	01:41:54.364	0.93148				2
2025.08.04	01:42:01.492	0.93147	0.93158			6
2025.08.04	01:42:11.210	0.93145				2
2025.08.04	01:42:14.688	0.93144	0.93157			6
2025.08.04	01:42:19.378	0.93145	0.93158			6
2025.08.04	01:42:19.907	0.93143	0.93156			6
2025.08.04	01:42:23.081	0.93145	0.93158			6
2025.08.04	01:42:23.493	0.93142	0.93155			6
2025.08.04	01:42:27.054	0.93145	0.93157			6
2025.08.04	01:42:28.355	0.93144				2
2025.08.04	01:42:29.745	0.93146				2
2025.08.04	01:42:30.956		0.93155			4
2025.08.04	01:42:32.280		0.93156			4
2025.08.04	01:42:33.727	0.93145				2
2025.08.04	01:42:36.627	0.93144	0.93157			6
2025.08.04	01:42:39.051	0.93145	0.93156			6
2025.08.04	01:42:42.497	0.93144				2
2025.08.04	01:42:44.152	0.93145	0.93157			6
2025.08.04	01:42:47.823	0.93144	0.93156			6
2025.08.04	01:42:49.227		0.93157			4
2025.08.04	01:42:50.363	0.93143	0.93156			6
2025.08.04	01:42:51.911	0.93144				2
2025.08.04	01:43:00.404	0.93143				2
2025.08.04	01:43:01.238	0.93144				2
2025.08.04	01:43:03.361		0.93157			4
2025.08.04	01:43:03.663	0.93142	0.93155			6
2025.08.04	01:43:04.016	0.93143				2
2025.08.04	01:43:04.471		0.93156			4
2025.08.04	01:43:13.218	0.93142	0.93153			6
2025.08.04	01:43:13.755	0.93143	0.93154			6
2025.08.04	01:43:16.695		0.93155			4
2025.08.04	01:43:20.767	0.93142	0.93154			6
2025.08.04	01:43:26.250	0.93143				2
2025.08.04	01:43:26.834	0.93142				2
2025.08.04	01:43:28.715	0.93143				2
2025.08.04	01:43:29.291	0.93144	0.93155			6
2025.08.04	01:43:30.313		0.93156			4
2025.08.04	01:43:35.643		0.93157			4
2025.08.04	01:43:37.820		0.93156			4
2025.08.04	01:43:47.700	0.93148	0.93161			6
2025.08.04	01:43:48.004	0.93149	0.93160			6
2025.08.04	01:43:48.720		0.93159			4
2025.08.04	01:43:52.053		0.93160			4
2025.08.04	01:43:53.500	0.93146				2
2025.08.04	01:43:54.151	0.93149				2
2025.08.04	01:43:54.710	0.93146				2
2025.08.04	01:43:58.714	0.93144	0.93157			6
2025.08.04	01:44:00.352	0.93144				2
2025.08.04	01:44:01.824	0.93143				2
2025.08.04	01:44:02.659	0.93144				2
2025.08.04	01:44:03.034		0.93156			4
2025.08.04	01:44:03.344	0.93143				2
2025.08.04	01:44:05.412		0.93155			4
2025.08.04	01:44:07.654		0.93156			4
2025.08.04	01:44:13.743	0.93142	0.93155			6
2025.08.04	01:44:14.079		0.93154			4
2025.08.04	01:44:15.468	0.93143				2
2025.08.04	01:44:16.213	0.93142				2
2025.08.04	01:44:16.624		0.93155			4
2025.08.04	01:44:17.960	0.93143				2
2025.08.04	01:44:18.308	0.93142				2
2025.08.04	01:44:19.559	0.93143				2
2025.08.04	01:44:22.350		0.93156			4
2025.08.04	01:44:22.786		0.93155			4
2025.08.04	01:44:23.263	0.93140				2
2025.08.04	01:44:23.603	0.93142	0.93154			6
2025.08.04	01:44:23.984	0.93143				2
2025.08.04	01:44:24.344	0.93142				2
2025.08.04	01:44:28.351	0.93141				2
2025.08.04	01:44:30.435	0.93143				2
2025.08.04	01:44:30.795	0.93142				2
2025.08.04	01:44:36.860		0.93153			4
2025.08.04	01:44:37.188		0.93154			4
2025.08.04	01:44:39.177		0.93151			4
2025.08.04	01:44:40.362	0.93141	0.93150			6
2025.08.04	01:44:41.742		0.93151			4
2025.08.04	01:44:42.601		0.93152			4
2025.08.04	01:44:43.731		0.93153			4
2025.08.04	01:44:45.953		0.93152			4
2025.08.04	01:44:46.663	0.93142	0.93153			6
2025.08.04	01:44:49.490	0.93143	0.93151			6
2025.08.04	01:44:52.456	0.93142	0.93146			6
2025.08.04	01:44:52.833	0.93140				2
2025.08.04	01:44:53.157	0.93139	0.93149			6
2025.08.04	01:44:54.143	0.93137				2
2025.08.04	01:44:55.130	0.93134	0.93144			6
2025.08.04	01:44:55.436		0.93145			4
2025.08.04	01:44:56.228	0.93133				2
2025.08.04	01:44:59.047		0.93144			4
2025.08.04	01:45:00.081	0.93133				2
2025.08.04	01:45:01.536		0.93145			4
2025.08.04	01:45:02.122		0.93144			4
2025.08.04	01:45:05.260	0.93134	0.93145			6
2025.08.04	01:45:07.281		0.93144			4
2025.08.04	01:45:11.103	0.93135	0.93145			6
2025.08.04	01:45:20.403	0.93132	0.93142			6
2025.08.04	01:45:20.862		0.93143			4
2025.08.04	01:45:22.493		0.93142			4
2025.08.04	01:45:23.357	0.93131				2
2025.08.04	01:45:23.675		0.93143			4
2025.08.04	01:45:25.128	0.93132				2
2025.08.04	01:45:28.791		0.93144			4
2025.08.04	01:45:30.597		0.93143			4
2025.08.04	01:45:41.882	0.93135	0.93145			6
2025.08.04	01:45:42.278	0.93134				2
2025.08.04	01:45:42.948	0.93133				2
2025.08.04	01:45:44.042	0.93134				2
2025.08.04	01:45:45.082	0.93131				2
2025.08.04	01:45:45.399	0.93133				2
2025.08.04	01:45:47.303	0.93136	0.93146			6
2025.08.04	01:45:54.001	0.93135	0.93145			6
2025.08.04	01:45:55.109	0.93134	0.93144			6
2025.08.04	01:45:55.418	0.93132				2
2025.08.04	01:46:00.364	0.93132	0.93145			6
2025.08.04	01:46:01.583	0.93135	0.93148			6
2025.08.04	01:46:02.007	0.93136				2
2025.08.04	01:46:03.452	0.93139	0.93151			6
2025.08.04	01:46:03.760	0.93140				2
