<DATE>	<TIME>	<BID>	<ASK>	<LAST>	<VOLUME>	<FLAGS>
2025.11.26	00:03:31.100	0.93420	0.93479			6
2025.11.26	00:05:00.697	0.93359	0.93501			6
2025.11.26	00:06:00.694	0.93359	0.93496			6
2025.11.26	00:07:00.897	0.93359	0.93496			6
2025.11.26	00:08:00.841	0.93359				2
2025.11.26	00:08:01.702		0.93496			4
2025.11.26	00:09:06.425	0.93359	0.93496			6
2025.11.26	00:10:00.330	0.93359				2
2025.11.26	00:10:06.561		0.93496			4
2025.11.26	00:10:07.836	0.93361	0.93494			6
2025.11.26	00:10:08.583	0.93359	0.93496			6
2025.11.26	00:10:11.605	0.93356	0.93499			6
2025.11.26	00:10:26.435	0.93299	0.93534			6
2025.11.26	00:10:32.854	0.93319	0.93508			6
2025.11.26	00:10:34.107	0.93307	0.93507			6
2025.11.26	00:10:43.087	0.93308	0.93506			6
2025.11.26	00:10:44.393	0.93300	0.93502			6
2025.11.26	00:10:51.174	0.93301	0.93501			6
2025.11.26	00:10:54.389	0.93309	0.93507			6
2025.11.26	00:11:00.165	0.93309				2
2025.11.26	00:11:04.383	0.93313	0.93503			6
2025.11.26	00:11:04.687	0.93359	0.93496			6
2025.11.26	00:11:06.385	0.93361	0.93494			6
2025.11.26	00:11:08.238	0.93313	0.93503			6
2025.11.26	00:11:09.202	0.93361	0.93494			6
2025.11.26	00:11:20.942	0.93309	0.93501			6
2025.11.26	00:11:21.852	0.93361	0.93494			6
2025.11.26	00:11:26.998	0.93308	0.93499			6
2025.11.26	00:11:27.978	0.93361	0.93494			6
2025.11.26	00:11:33.344	0.93309	0.93498			6
2025.11.26	00:11:34.298	0.93361	0.93494			6
2025.11.26	00:12:00.894	0.93361				2
2025.11.26	00:12:35.386		0.93494			4
2025.11.26	00:13:00.589	0.93361				2
2025.11.26	00:13:09.326	0.93367	0.93488			6
2025.11.26	00:14:00.596	0.93367				2
2025.11.26	00:14:09.474		0.93488			4
2025.11.26	00:15:00.381	0.93367				2
2025.11.26	00:15:01.821	0.93364	0.93486			6
2025.11.26	00:15:06.479	0.93370	0.93487			6
2025.11.26	00:15:40.793	0.93371	0.93483			6
2025.11.26	00:16:04.638	0.93371				2
2025.11.26	00:16:42.604		0.93483			4
2025.11.26	00:17:00.318	0.93371				2
2025.11.26	00:17:40.587	0.93372	0.93485			6
2025.11.26	00:18:00.444	0.93372				2
2025.11.26	00:18:40.807		0.93485			4
2025.11.26	00:18:41.416	0.93368	0.93490			6
2025.11.26	00:18:41.735	0.93371	0.93486			6
2025.11.26	00:18:42.422	0.93367	0.93488			6
2025.11.26	00:19:00.543	0.93367				2
2025.11.26	00:19:40.868	0.93370	0.93484			6
2025.11.26	00:20:00.383	0.93370				2
2025.11.26	00:20:40.897		0.93484			4
2025.11.26	00:20:44.947	0.93369	0.93487			6
2025.11.26	00:20:45.625		0.93485			4
2025.11.26	00:20:46.886	0.93362	0.93487			6
2025.11.26	00:20:47.230	0.93364	0.93490			6
2025.11.26	00:20:47.549	0.93362	0.93489			6
2025.11.26	00:20:48.175	0.93364				2
2025.11.26	00:20:49.204	0.93365	0.93490			6
2025.11.26	00:21:00.316	0.93365				2
2025.11.26	00:21:35.914	0.93366	0.93484			6
2025.11.26	00:21:36.520	0.93368	0.93486			6
2025.11.26	00:21:49.534	0.93371	0.93483			6
2025.11.26	00:22:02.495	0.93371				2
2025.11.26	00:22:39.440		0.93485			4
2025.11.26	00:23:00.891	0.93371				2
2025.11.26	00:23:40.638		0.93485			4
2025.11.26	00:23:42.231	0.93373	0.93486			6
2025.11.26	00:23:43.125	0.93372	0.93484			6
2025.11.26	00:24:01.970	0.93376	0.93482			6
2025.11.26	00:24:36.675	0.93374				2
2025.11.26	00:24:45.449	0.93373	0.93486			6
2025.11.26	00:24:46.190	0.93370	0.93485			6
2025.11.26	00:25:00.138	0.93370				2
2025.11.26	00:25:36.783	0.93372	0.93484			6
2025.11.26	00:26:01.342	0.93372				2
2025.11.26	00:26:37.028		0.93484			4
2025.11.26	00:27:00.588	0.93372				2
2025.11.26	00:27:02.878	0.93374	0.93485			6
2025.11.26	00:28:03.358	0.93374	0.93485			6
2025.11.26	00:28:10.590	0.93371				2
2025.11.26	00:28:38.248		0.93487			4
2025.11.26	00:28:38.860	0.93369				2
2025.11.26	00:28:39.161	0.93365	0.93491			6
2025.11.26	00:28:39.474	0.93364	0.93489			6
2025.11.26	00:28:40.769	0.93365	0.93490			6
2025.11.26	00:29:00.315	0.93365				2
2025.11.26	00:29:42.289		0.93490			4
2025.11.26	00:29:44.346	0.93366	0.93487			6
2025.11.26	00:30:00.308	0.93366				2
2025.11.26	00:30:15.665	0.93392	0.93477			6
2025.11.26	00:30:41.326	0.93389	0.93480			6
2025.11.26	00:31:00.414	0.93389				2
2025.11.26	00:31:41.542		0.93480			4
2025.11.26	00:32:00.137	0.93389				2
2025.11.26	00:32:42.140		0.93480			4
2025.11.26	00:33:01.642	0.93389				2
2025.11.26	00:33:42.740		0.93480			4
2025.11.26	00:33:45.828	0.93382	0.93484			6
2025.11.26	00:34:00.315	0.93382				2
2025.11.26	00:34:12.382	0.93381	0.93483			6
2025.11.26	00:34:52.316	0.93389	0.93481			6
2025.11.26	00:35:00.368	0.93389				2
2025.11.26	00:35:53.367		0.93481			4
2025.11.26	00:35:54.318	0.93378	0.93482			6
2025.11.26	00:35:54.816	0.93385	0.93481			6
2025.11.26	00:36:01.039	0.93385				2
2025.11.26	00:36:11.247	0.93387				2
2025.11.26	00:36:11.743	0.93366	0.93484			6
2025.11.26	00:36:12.242	0.93386	0.93481			6
2025.11.26	00:36:18.647	0.93388				2
2025.11.26	00:36:19.162	0.93368	0.93484			6
2025.11.26	00:36:19.660	0.93386	0.93481			6
2025.11.26	00:36:23.723	0.93366	0.93484			6
2025.11.26	00:36:24.139	0.93386	0.93481			6
2025.11.26	00:36:25.226	0.93366	0.93484			6
2025.11.26	00:36:25.723	0.93387	0.93481			6
2025.11.26	00:36:26.231	0.93367	0.93484			6
2025.11.26	00:36:26.653	0.93387	0.93481			6
2025.11.26	00:36:27.088	0.93368	0.93484			6
2025.11.26	00:36:31.697	0.93387	0.93481			6
2025.11.26	00:36:32.344	0.93383	0.93482			6
2025.11.26	00:36:32.921	0.93386	0.93481			6
2025.11.26	00:36:33.368	0.93367	0.93484			6
2025.11.26	00:36:39.321	0.93387	0.93481			6
2025.11.26	00:36:39.821	0.93367	0.93484			6
2025.11.26	00:36:45.894	0.93387	0.93481			6
2025.11.26	00:36:46.404	0.93366	0.93484			6
2025.11.26	00:36:54.693	0.93382	0.93482			6
2025.11.26	00:37:00.226	0.93382				2
2025.11.26	00:37:29.821	0.93366	0.93484			6
2025.11.26	00:38:00.439	0.93366				2
2025.11.26	00:38:31.357		0.93484			4
2025.11.26	00:38:49.718	0.93388	0.93481			6
2025.11.26	00:38:50.412	0.93385				2
2025.11.26	00:39:00.588	0.93385				2
2025.11.26	00:39:02.134	0.93378	0.93482			6
2025.11.26	00:39:02.634	0.93385	0.93481			6
2025.11.26	00:39:03.105	0.93387				2
2025.11.26	00:39:04.921	0.93367	0.93484			6
2025.11.26	00:39:05.421	0.93385	0.93481			6
2025.11.26	00:39:19.146	0.93383	0.93482			6
2025.11.26	00:39:19.920	0.93386	0.93481			6
2025.11.26	00:39:20.344	0.93375	0.93483			6
2025.11.26	00:39:20.722	0.93383	0.93482			6
2025.11.26	00:39:24.138	0.93387	0.93481			6
2025.11.26	00:39:30.891	0.93388				2
2025.11.26	00:39:34.920	0.93379	0.93482			6
2025.11.26	00:39:43.309	0.93385	0.93481			6
2025.11.26	00:40:00.589	0.93385				2
2025.11.26	00:40:04.638	0.93387				2
2025.11.26	00:40:05.314	0.93385				2
2025.11.26	00:40:19.920	0.93381	0.93482			6
2025.11.26	00:40:26.814	0.93386	0.93481			6
2025.11.26	00:40:27.331	0.93381	0.93482			6
2025.11.26	00:40:48.738	0.93372				2
2025.11.26	00:40:49.101	0.93385	0.93481			6
2025.11.26	00:41:00.590	0.93385				2
2025.11.26	00:41:00.893	0.93388				2
2025.11.26	00:41:01.381	0.93367	0.93484			6
2025.11.26	00:41:01.897	0.93385	0.93481			6
2025.11.26	00:41:12.321	0.93387				2
2025.11.26	00:41:12.821	0.93385				2
2025.11.26	00:41:35.828	0.93373	0.93478			6
2025.11.26	00:41:36.180	0.93381	0.93481			6
2025.11.26	00:41:40.339		0.93480			4
2025.11.26	00:41:45.738	0.93385	0.93481			6
2025.11.26	00:42:00.590	0.93385				2
2025.11.26	00:42:14.472	0.93337	0.93469			6
2025.11.26	00:42:14.928		0.93471			4
2025.11.26	00:42:17.931		0.93468			4
2025.11.26	00:42:21.735		0.93471			4
2025.11.26	00:42:22.917		0.93470			4
2025.11.26	00:42:23.225		0.93471			4
2025.11.26	00:43:00.892	0.93337				2
2025.11.26	00:43:23.837		0.93471			4
2025.11.26	00:43:25.038		0.93470			4
2025.11.26	00:43:29.450		0.93471			4
2025.11.26	00:44:00.424	0.93337				2
2025.11.26	00:44:21.680		0.93470			4
2025.11.26	00:44:30.137		0.93469			4
2025.11.26	00:44:36.740		0.93467			4
2025.11.26	00:44:39.238		0.93462			4
2025.11.26	00:44:41.360		0.93461			4
2025.11.26	00:44:43.640		0.93462			4
2025.11.26	00:44:49.938		0.93468			4
2025.11.26	00:44:50.274		0.93470			4
2025.11.26	00:44:51.748		0.93471			4
2025.11.26	00:45:00.272	0.93337				2
2025.11.26	00:45:03.185	0.93333	0.93464			6
2025.11.26	00:45:03.850	0.93334	0.93463			6
2025.11.26	00:45:04.835	0.93333	0.93461			6
2025.11.26	00:45:06.784	0.93337	0.93471			6
2025.11.26	00:45:11.093	0.93355	0.93453			6
2025.11.26	00:45:21.236		0.93451			4
2025.11.26	00:45:21.536		0.93443			4
2025.11.26	00:45:21.838		0.93448			4
2025.11.26	00:45:22.642		0.93449			4
2025.11.26	00:45:29.545		0.93448			4
2025.11.26	00:45:30.317		0.93447			4
2025.11.26	00:45:34.638		0.93446			4
2025.11.26	00:45:39.375		0.93445			4
2025.11.26	00:45:39.740		0.93451			4
2025.11.26	00:45:40.081		0.93450			4
2025.11.26	00:45:43.338		0.93449			4
2025.11.26	00:45:50.238		0.93450			4
2025.11.26	00:45:50.559		0.93448			4
2025.11.26	00:46:00.137	0.93355				2
2025.11.26	00:46:21.299		0.93447			4
2025.11.26	00:46:26.834		0.93449			4
2025.11.26	00:46:27.744		0.93448			4
2025.11.26	00:46:28.403		0.93447			4
2025.11.26	00:46:31.078		0.93448			4
2025.11.26	00:46:32.953		0.93447			4
2025.11.26	00:46:34.337		0.93448			4
2025.11.26	00:46:34.642		0.93447			4
2025.11.26	00:46:38.447		0.93446			4
2025.11.26	00:46:38.805		0.93445			4
2025.11.26	00:46:39.125		0.93446			4
2025.11.26	00:46:47.905		0.93444			4
2025.11.26	00:46:48.420		0.93445			4
2025.11.26	00:46:49.384	0.93356	0.93443			6
2025.11.26	00:46:49.975	0.93355	0.93444			6
2025.11.26	00:46:51.775		0.93445			4
2025.11.26	00:46:53.837		0.93446			4
2025.11.26	00:46:58.341		0.93447			4
2025.11.26	00:46:58.792		0.93450			4
2025.11.26	00:46:59.163		0.93449			4
2025.11.26	00:46:59.661		0.93447			4
2025.11.26	00:47:00.893	0.93355				2
2025.11.26	00:47:02.841		0.93446			4
2025.11.26	00:47:03.169	0.93360	0.93443			6
2025.11.26	00:47:03.511	0.93361	0.93444			6
2025.11.26	00:47:06.724	0.93355	0.93447			6
2025.11.26	00:47:18.031		0.93446			4
2025.11.26	00:47:24.438		0.93445			4
2025.11.26	00:47:33.068		0.93446			4
2025.11.26	00:47:33.527		0.93444			4
2025.11.26	00:47:34.039		0.93445			4
2025.11.26	00:47:37.927		0.93447			4
2025.11.26	00:47:38.839		0.93448			4
2025.11.26	00:47:48.138		0.93447			4
2025.11.26	00:47:48.661		0.93446			4
2025.11.26	00:47:49.343		0.93445			4
2025.11.26	00:47:51.744		0.93446			4
2025.11.26	00:47:52.921		0.93449			4
2025.11.26	00:47:58.038		0.93448			4
2025.11.26	00:47:59.240		0.93449			4
2025.11.26	00:48:00.416	0.93355				2
2025.11.26	00:48:02.838		0.93445			4
2025.11.26	00:48:03.199		0.93444			4
2025.11.26	00:48:03.700		0.93447			4
2025.11.26	00:48:05.839		0.93448			4
2025.11.26	00:48:11.373		0.93447			4
2025.11.26	00:48:11.868		0.93450			4
2025.11.26	00:48:12.372		0.93448			4
2025.11.26	00:48:13.699		0.93447			4
2025.11.26	00:48:14.197		0.93450			4
2025.11.26	00:48:14.698		0.93447			4
2025.11.26	00:48:15.195		0.93449			4
2025.11.26	00:48:15.553		0.93448			4
2025.11.26	00:48:15.997		0.93449			4
2025.11.26	00:48:16.698		0.93447			4
2025.11.26	00:48:17.196		0.93448			4
2025.11.26	00:48:17.540		0.93446			4
2025.11.26	00:48:18.176		0.93452			4
2025.11.26	00:48:24.739		0.93451			4
2025.11.26	00:48:49.377		0.93450			4
2025.11.26	00:49:00.895	0.93355				2
2025.11.26	00:49:03.028		0.93451			4
2025.11.26	00:49:14.068		0.93452			4
2025.11.26	00:49:32.770		0.93451			4
2025.11.26	00:49:33.439		0.93452			4
2025.11.26	00:49:34.242		0.93451			4
2025.11.26	00:49:35.212		0.93449			4
2025.11.26	00:49:37.041		0.93450			4
2025.11.26	00:49:46.041		0.93449			4
2025.11.26	00:49:52.927		0.93450			4
2025.11.26	00:50:00.138	0.93355				2
2025.11.26	00:50:01.251		0.93449			4
2025.11.26	00:50:10.941	0.93361				2
2025.11.26	00:50:11.378	0.93362				2
2025.11.26	00:50:12.739	0.93361				2
2025.11.26	00:50:14.387	0.93366				2
2025.11.26	00:50:15.330	0.93367				2
2025.11.26	00:50:16.312	0.93370				2
2025.11.26	00:50:17.356	0.93369				2
2025.11.26	00:50:18.440	0.93368	0.93450			6
2025.11.26	00:50:20.838	0.93369	0.93449			6
2025.11.26	00:50:23.838	0.93368	0.93450			6
2025.11.26	00:50:30.737		0.93449			4
2025.11.26	00:50:31.943		0.93450			4
2025.11.26	00:50:39.739	0.93369	0.93449			6
2025.11.26	00:50:48.035	0.93368	0.93450			6
2025.11.26	00:50:51.239	0.93375	0.93443			6
2025.11.26	00:50:52.339	0.93376	0.93442			6
2025.11.26	00:50:54.183	0.93377	0.93441			6
2025.11.26	00:50:58.940	0.93363				2
2025.11.26	00:50:59.973	0.93364				2
2025.11.26	00:51:02.839	0.93372				2
2025.11.26	00:51:05.302	0.93375				2
2025.11.26	00:51:07.784	0.93374				2
2025.11.26	00:51:11.174	0.93378				2
2025.11.26	00:51:12.348	0.93380				2
2025.11.26	00:51:13.124	0.93375				2
2025.11.26	00:51:17.239	0.93377				2
2025.11.26	00:51:18.737	0.93378				2
2025.11.26	00:51:21.201	0.93375				2
2025.11.26	00:51:22.463	0.93370				2
2025.11.26	00:51:24.371	0.93371	0.93440			6
2025.11.26	00:51:33.394	0.93367				2
2025.11.26	00:51:38.538	0.93366	0.93441			6
2025.11.26	00:51:40.038		0.93440			4
2025.11.26	00:51:41.237	0.93367				2
2025.11.26	00:51:51.279	0.93369				2
2025.11.26	00:51:52.337	0.93368				2
2025.11.26	00:51:54.912	0.93367	0.93442			6
2025.11.26	00:51:58.123	0.93368	0.93441			6
2025.11.26	00:52:01.277	0.93366				2
2025.11.26	00:52:09.412	0.93368	0.93440			6
2025.11.26	00:52:13.339	0.93367				2
2025.11.26	00:52:16.043	0.93368				2
2025.11.26	00:52:16.923		0.93439			4
2025.11.26	00:52:18.374		0.93440			4
2025.11.26	00:52:21.233	0.93369				2
2025.11.26	00:52:22.243	0.93368				2
2025.11.26	00:52:25.937	0.93367				2
2025.11.26	00:52:27.138	0.93368				2
2025.11.26	00:52:31.296	0.93367				2
2025.11.26	00:52:33.139	0.93366	0.93441			6
2025.11.26	00:52:41.838		0.93440			4
2025.11.26	00:52:43.040	0.93367	0.93441			6
2025.11.26	00:52:48.422	0.93364				2
2025.11.26	00:52:53.265	0.93368				2
2025.11.26	00:52:56.608	0.93370				2
2025.11.26	00:53:00.313	0.93370				2
2025.11.26	00:53:02.238	0.93369				2
2025.11.26	00:53:03.438	0.93370				2
2025.11.26	00:53:09.521	0.93372				2
2025.11.26	00:53:10.675	0.93371	0.93442			6
2025.11.26	00:53:12.558	0.93372				2
2025.11.26	00:53:18.034	0.93371				2
2025.11.26	00:53:30.954	0.93373				2
2025.11.26	00:53:31.353		0.93441			4
2025.11.26	00:53:41.284	0.93372				2
2025.11.26	00:53:43.243	0.93371				2
2025.11.26	00:53:52.247	0.93372	0.93440			6
2025.11.26	00:53:53.219	0.93368	0.93441			6
2025.11.26	00:53:54.437		0.93440			4
2025.11.26	00:54:00.393	0.93372				2
2025.11.26	00:54:01.294	0.93373				2
2025.11.26	00:54:01.676	0.93374				2
2025.11.26	00:54:02.238		0.93439			4
2025.11.26	00:54:03.070	0.93373	0.93441			6
2025.11.26	00:54:08.418	0.93374	0.93440			6
2025.11.26	00:54:09.490		0.93441			4
2025.11.26	00:54:10.698	0.93372				2
2025.11.26	00:54:24.137		0.93440			4
2025.11.26	00:54:25.515	0.93371	0.93441			6
2025.11.26	00:54:31.639	0.93376				2
2025.11.26	00:54:31.972	0.93375				2
2025.11.26	00:54:33.143	0.93376	0.93440			6
2025.11.26	00:54:36.553	0.93372				2
2025.11.26	00:54:43.392	0.93373				2
2025.11.26	00:54:48.040	0.93372	0.93441			6
2025.11.26	00:54:53.938	0.93368				2
2025.11.26	00:54:55.693	0.93372				2
2025.11.26	00:55:01.232	0.93373				2
2025.11.26	00:55:03.325	0.93371	0.93442			6
2025.11.26	00:55:03.741		0.93443			4
2025.11.26	00:55:11.284	0.93370				2
2025.11.26	00:55:18.741	0.93371	0.93442			6
2025.11.26	00:55:28.343	0.93372	0.93441			6
2025.11.26	00:55:41.237	0.93373				2
2025.11.26	00:55:42.651	0.93374				2
2025.11.26	00:55:44.374	0.93376	0.93439			6
2025.11.26	00:55:45.737		0.93438			4
2025.11.26	00:55:47.538	0.93377	0.93430			6
2025.11.26	00:55:48.142	0.93376	0.93431			6
2025.11.26	00:55:50.272	0.93373				2
2025.11.26	00:55:50.801		0.93430			4
2025.11.26	00:55:52.343	0.93374				2
2025.11.26	00:55:54.137	0.93373	0.93431			6
2025.11.26	00:56:00.137	0.93373				2
2025.11.26	00:56:17.613	0.93374	0.93430			6
2025.11.26	00:56:22.700	0.93375	0.93429			6
2025.11.26	00:56:34.717	0.93374	0.93430			6
2025.11.26	00:56:35.846	0.93373				2
2025.11.26	00:56:39.740	0.93374				2
2025.11.26	00:56:43.372	0.93372				2
2025.11.26	00:56:46.692	0.93376				2
2025.11.26	00:56:52.144	0.93372				2
2025.11.26	00:56:56.013	0.93374	0.93428			6
2025.11.26	00:57:00.604	0.93374				2
2025.11.26	00:57:01.285	0.93376				2
2025.11.26	00:57:02.541	0.93375	0.93429			6
2025.11.26	00:57:03.138	0.93374	0.93430			6
2025.11.26	00:57:10.086		0.93429			4
2025.11.26	00:57:11.284	0.93372				2
2025.11.26	00:57:13.853	0.93373				2
2025.11.26	00:57:17.386	0.93378	0.93430			6
2025.11.26	00:57:17.955	0.93379				2
2025.11.26	00:57:22.768	0.93380	0.93429			6
2025.11.26	00:57:23.239	0.93379	0.93430			6
2025.11.26	00:57:32.389	0.93384				2
2025.11.26	00:57:33.438	0.93379				2
2025.11.26	00:57:43.330	0.93378	0.93431			6
2025.11.26	00:57:46.635	0.93379	0.93430			6
2025.11.26	00:58:01.015	0.93382				2
2025.11.26	00:58:07.041	0.93379				2
2025.11.26	00:58:31.236	0.93380				2
2025.11.26	00:58:31.754	0.93381				2
2025.11.26	00:58:41.205	0.93379				2
2025.11.26	00:58:43.384	0.93382				2
2025.11.26	00:58:44.586		0.93431			4
2025.11.26	00:58:56.970	0.93383	0.93430			6
2025.11.26	00:58:58.977	0.93384	0.93429			6
2025.11.26	00:58:59.538	0.93383	0.93430			6
2025.11.26	00:59:01.773	0.93383				2
2025.11.26	00:59:13.102	0.93384	0.93429			6
2025.11.26	00:59:13.637	0.93385	0.93428			6
2025.11.26	00:59:22.031	0.93372	0.93426			6
2025.11.26	00:59:22.536	0.93373	0.93425			6
2025.11.26	00:59:25.360	0.93377				2
2025.11.26	00:59:39.368	0.93366	0.93436			6
2025.11.26	00:59:41.378	0.93365				2
2025.11.26	00:59:43.047	0.93366				2
2025.11.26	00:59:43.671	0.93367				2
2025.11.26	00:59:46.881	0.93368				2
2025.11.26	00:59:47.296	0.93369				2
2025.11.26	00:59:49.437	0.93370	0.93435			6
2025.11.26	00:59:51.348	0.93371	0.93434			6
2025.11.26	00:59:52.366	0.93372				2
2025.11.26	00:59:53.370	0.93371				2
2025.11.26	00:59:59.238	0.93372				2
2025.11.26	01:00:00.216	0.93365	0.93436			6
2025.11.26	01:00:00.520	0.93398	0.93435			6
2025.11.26	01:00:00.875	0.93378				2
2025.11.26	01:00:01.179	0.93381	0.93436			6
2025.11.26	01:00:01.491	0.93382	0.93433			6
2025.11.26	01:00:01.816	0.93392				2
2025.11.26	01:00:02.253	0.93396				2
2025.11.26	01:00:03.795	0.93389	0.93444			6
2025.11.26	01:00:04.105	0.93369				2
2025.11.26	01:00:04.453	0.93389	0.93443			6
2025.11.26	01:00:05.060	0.93377	0.93442			6
2025.11.26	01:00:05.681	0.93379	0.93441			6
2025.11.26	01:00:06.010	0.93381	0.93439			6
2025.11.26	01:00:06.613	0.93386	0.93438			6
2025.11.26	01:00:07.236	0.93404	0.93433			6
2025.11.26	01:00:10.146	0.93405				2
2025.11.26	01:00:10.855	0.93406	0.93432			6
2025.11.26	01:00:13.458	0.93404	0.93433			6
2025.11.26	01:00:14.839	0.93406	0.93432			6
2025.11.26	01:00:16.066	0.93412				2
2025.11.26	01:00:16.382	0.93413	0.93433			6
2025.11.26	01:00:17.418	0.93406	0.93432			6
2025.11.26	01:00:18.212	0.93404	0.93433			6
2025.11.26	01:00:21.416	0.93405				2
2025.11.26	01:00:22.224	0.93406				2
2025.11.26	01:00:24.300	0.93404				2
2025.11.26	01:00:25.740	0.93405	0.93432			6
2025.11.26	01:00:27.038	0.93406				2
2025.11.26	01:00:28.230	0.93410				2
2025.11.26	01:00:28.570	0.93413	0.93435			6
2025.11.26	01:00:29.048	0.93414				2
2025.11.26	01:00:32.331	0.93413				2
2025.11.26	01:00:33.715	0.93414				2
2025.11.26	01:00:35.402	0.93415				2
2025.11.26	01:00:38.380	0.93413				2
2025.11.26	01:00:38.797	0.93415				2
2025.11.26	01:00:39.828	0.93416	0.93432			6
2025.11.26	01:00:41.374	0.93415				2
2025.11.26	01:00:43.037	0.93416				2
2025.11.26	01:00:44.057	0.93415	0.93436			6
2025.11.26	01:00:44.482	0.93412				2
2025.11.26	01:00:45.219	0.93415				2
2025.11.26	01:00:45.852	0.93414				2
2025.11.26	01:00:46.848	0.93415				2
2025.11.26	01:00:48.315	0.93414				2
2025.11.26	01:00:50.638	0.93415				2
2025.11.26	01:00:52.937		0.93432			4
2025.11.26	01:00:57.082	0.93406				2
2025.11.26	01:00:57.400	0.93414				2
2025.11.26	01:00:57.841	0.93400				2
2025.11.26	01:00:58.145	0.93398	0.93433			6
2025.11.26	01:00:58.478	0.93399				2
2025.11.26	01:00:59.141	0.93406				2
2025.11.26	01:00:59.459	0.93407				2
2025.11.26	01:01:00.268	0.93407	0.93432			6
2025.11.26	01:01:01.273	0.93404				2
2025.11.26	01:01:02.539	0.93405	0.93431			6
2025.11.26	01:01:04.378	0.93404				2
2025.11.26	01:01:05.705	0.93402				2
2025.11.26	01:01:06.383	0.93397				2
2025.11.26	01:01:06.700		0.93430			4
2025.11.26	01:01:07.528	0.93396	0.93429			6
2025.11.26	01:01:08.693		0.93430			4
2025.11.26	01:01:11.965	0.93404	0.93431			6
2025.11.26	01:01:14.261		0.93432			4
2025.11.26	01:01:15.323		0.93431			4
2025.11.26	01:01:27.379	0.93406				2
2025.11.26	01:01:28.338	0.93407				2
2025.11.26	01:01:30.074	0.93406				2
2025.11.26	01:01:31.816		0.93432			4
2025.11.26	01:01:32.128	0.93405				2
2025.11.26	01:01:34.477	0.93406				2
2025.11.26	01:01:35.974	0.93410	0.93431			6
2025.11.26	01:01:36.281	0.93411				2
2025.11.26	01:01:36.584	0.93412	0.93432			6
2025.11.26	01:01:37.436	0.93413				2
2025.11.26	01:01:37.850		0.93433			4
2025.11.26	01:01:38.582		0.93432			4
2025.11.26	01:01:38.896	0.93414	0.93433			6
2025.11.26	01:01:40.267	0.93413				2
2025.11.26	01:01:40.586		0.93432			4
2025.11.26	01:01:44.326		0.93433			4
2025.11.26	01:01:46.642		0.93432			4
2025.11.26	01:01:49.037	0.93414				2
2025.11.26	01:01:55.460		0.93433			4
2025.11.26	01:01:57.751	0.93415				2
2025.11.26	01:02:00.594	0.93415				2
2025.11.26	01:02:03.876	0.93406				2
2025.11.26	01:02:05.840	0.93416				2
2025.11.26	01:02:06.176		0.93432			4
2025.11.26	01:02:11.102	0.93406	0.93433			6
2025.11.26	01:02:11.889	0.93409				2
2025.11.26	01:02:14.340	0.93411	0.93432			6
2025.11.26	01:02:15.366	0.93410	0.93433			6
2025.11.26	01:02:20.266	0.93409				2
2025.11.26	01:02:20.712	0.93410	0.93432			6
2025.11.26	01:02:21.530	0.93411				2
2025.11.26	01:02:22.238		0.93433			4
2025.11.26	01:02:22.774	0.93410				2
2025.11.26	01:02:23.994	0.93409				2
2025.11.26	01:02:25.809	0.93423	0.93429			6
2025.11.26	01:02:29.222	0.93409	0.93434			6
2025.11.26	01:02:37.850		0.93433			4
2025.11.26	01:02:49.984		0.93434			4
2025.11.26	01:02:51.772		0.93432			4
2025.11.26	01:02:54.133	0.93415				2
2025.11.26	01:02:54.443	0.93416				2
2025.11.26	01:02:59.727		0.93433			4
2025.11.26	01:03:00.140	0.93416				2
2025.11.26	01:03:00.589		0.93434			4
2025.11.26	01:03:01.013		0.93433			4
2025.11.26	01:03:02.148		0.93434			4
2025.11.26	01:03:08.637	0.93414	0.93430			6
2025.11.26	01:03:09.738	0.93415				2
2025.11.26	01:03:13.862		0.93431			4
2025.11.26	01:03:19.639	0.93416				2
2025.11.26	01:03:21.583		0.93432			4
2025.11.26	01:03:31.089	0.93417				2
2025.11.26	01:03:45.738	0.93418				2
2025.11.26	01:03:50.238	0.93417				2
2025.11.26	01:03:52.380	0.93418				2
2025.11.26	01:03:58.940	0.93417				2
2025.11.26	01:04:00.141	0.93417				2
2025.11.26	01:04:11.774	0.93418				2
2025.11.26	01:04:12.269	0.93419				2
2025.11.26	01:04:14.380	0.93420	0.93434			6
2025.11.26	01:04:21.549	0.93419	0.93435			6
2025.11.26	01:04:26.540	0.93420				2
2025.11.26	01:04:33.598	0.93423	0.93432			6
2025.11.26	01:04:33.916	0.93424	0.93433			6
2025.11.26	01:04:34.266	0.93425	0.93434			6
2025.11.26	01:04:35.218	0.93424				2
2025.11.26	01:04:37.127	0.93420	0.93435			6
2025.11.26	01:04:37.713		0.93433			4
2025.11.26	01:04:43.638	0.93419				2
2025.11.26	01:04:44.245	0.93420	0.93432			6
2025.11.26	01:04:51.369	0.93421				2
2025.11.26	01:05:00.137	0.93421				2
2025.11.26	01:05:00.579	0.93422				2
2025.11.26	01:05:02.838	0.93421				2
2025.11.26	01:05:03.663	0.93422	0.93434			6
2025.11.26	01:05:04.699	0.93421	0.93433			6
2025.11.26	01:05:11.773		0.93432			4
2025.11.26	01:05:15.138	0.93420				2
2025.11.26	01:05:17.077	0.93422				2
2025.11.26	01:05:17.506	0.93423	0.93433			6
2025.11.26	01:05:24.399		0.93432			4
2025.11.26	01:05:30.094		0.93433			4
2025.11.26	01:05:38.538	0.93424				2
2025.11.26	01:05:39.737	0.93423				2
2025.11.26	01:05:45.327		0.93434			4
2025.11.26	01:05:46.041	0.93424				2
2025.11.26	01:05:56.572	0.93426	0.93433			6
2025.11.26	01:05:56.880	0.93425				2
2025.11.26	01:05:57.647	0.93426				2
2025.11.26	01:06:00.158	0.93426				2
2025.11.26	01:06:00.626	0.93424				2
2025.11.26	01:06:00.933	0.93425				2
2025.11.26	01:06:01.388	0.93424				2
2025.11.26	01:06:03.138	0.93423				2
2025.11.26	01:06:04.337	0.93424				2
2025.11.26	01:06:06.051	0.93425	0.93432			6
2025.11.26	01:06:06.385	0.93423				2
2025.11.26	01:06:10.938	0.93424				2
2025.11.26	01:06:16.463		0.93433			4
2025.11.26	01:06:17.958		0.93434			4
2025.11.26	01:06:21.767	0.93423	0.93433			6
2025.11.26	01:06:37.527	0.93422	0.93434			6
2025.11.26	01:06:40.638	0.93421				2
2025.11.26	01:07:01.938	0.93421				2
2025.11.26	01:07:03.428	0.93420	0.93432			6
2025.11.26	01:07:07.338	0.93421				2
2025.11.26	01:07:10.521		0.93434			4
2025.11.26	01:07:16.074		0.93432			4
2025.11.26	01:07:29.953	0.93420				2
2025.11.26	01:07:36.405	0.93421				2
2025.11.26	01:07:41.775	0.93419	0.93433			6
2025.11.26	01:07:43.040	0.93420				2
2025.11.26	01:07:53.037		0.93432			4
2025.11.26	01:07:55.038	0.93419				2
2025.11.26	01:07:56.266		0.93431			4
2025.11.26	01:08:00.137	0.93419				2
2025.11.26	01:08:15.525		0.93432			4
2025.11.26	01:08:19.094	0.93420				2
2025.11.26	01:08:25.178		0.93431			4
2025.11.26	01:08:29.821	0.93419				2
2025.11.26	01:08:31.293		0.93432			4
2025.11.26	01:08:36.210	0.93420				2
2025.11.26	01:08:41.837	0.93419				2
2025.11.26	01:08:50.240	0.93420				2
2025.11.26	01:08:51.965	0.93417	0.93431			6
2025.11.26	01:08:52.336	0.93418				2
2025.11.26	01:08:54.788	0.93419	0.93432			6
2025.11.26	01:08:55.769		0.93431			4
2025.11.26	01:08:57.738	0.93420	0.93432			6
2025.11.26	01:08:59.481	0.93419	0.93431			6
2025.11.26	01:09:00.922	0.93420	0.93432			6
2025.11.26	01:09:04.651	0.93419	0.93431			6
2025.11.26	01:09:09.084	0.93420	0.93432			6
2025.11.26	01:09:12.885		0.93431			4
2025.11.26	01:09:15.527	0.93421	0.93432			6
2025.11.26	01:09:16.438	0.93420				2
2025.11.26	01:09:17.366	0.93421				2
2025.11.26	01:10:00.456	0.93420	0.93430			6
2025.11.26	01:10:18.129		0.93431			4
2025.11.26	01:10:28.372		0.93430			4
2025.11.26	01:10:33.326		0.93431			4
2025.11.26	01:10:34.484		0.93430			4
2025.11.26	01:10:35.239	0.93419				2
2025.11.26	01:10:37.849	0.93420				2
2025.11.26	01:10:38.839	0.93419				2
2025.11.26	01:10:39.827	0.93417	0.93428			6
2025.11.26	01:10:43.204		0.93429			4
2025.11.26	01:10:44.838	0.93418				2
2025.11.26	01:10:47.396	0.93419				2
2025.11.26	01:10:47.699		0.93427			4
2025.11.26	01:10:49.039	0.93418				2
2025.11.26	01:10:59.826	0.93419				2
2025.11.26	01:11:00.697	0.93418				2
2025.11.26	01:11:06.119		0.93429			4
2025.11.26	01:11:06.501		0.93427			4
2025.11.26	01:11:14.860	0.93417	0.93426			6
2025.11.26	01:11:15.206	0.93415	0.93424			6
2025.11.26	01:11:15.534	0.93416	0.93425			6
2025.11.26	01:11:21.872	0.93415				2
2025.11.26	01:11:32.838	0.93416				2
2025.11.26	01:12:01.039	0.93416				2
2025.11.26	01:12:08.276		0.93426			4
2025.11.26	01:12:16.266		0.93425			4
2025.11.26	01:12:17.979	0.93418	0.93429			6
2025.11.26	01:12:19.471		0.93431			4
2025.11.26	01:12:21.768		0.93430			4
2025.11.26	01:12:23.873	0.93420	0.93432			6
2025.11.26	01:12:31.763		0.93433			4
2025.11.26	01:12:50.247	0.93421				2
2025.11.26	01:12:55.339	0.93420				2
2025.11.26	01:13:00.620	0.93420				2
2025.11.26	01:13:08.987	0.93419				2
2025.11.26	01:13:21.251	0.93420	0.93432			6
2025.11.26	01:13:21.762		0.93433			4
2025.11.26	01:13:22.474	0.93421				2
2025.11.26	01:13:37.139	0.93424	0.93432			6
2025.11.26	01:13:38.330	0.93425	0.93433			6
2025.11.26	01:13:39.753	0.93423	0.93432			6
2025.11.26	01:13:40.062		0.93433			4
2025.11.26	01:13:41.772		0.93432			4
2025.11.26	01:13:51.219	0.93424	0.93433			6
2025.11.26	01:14:04.937	0.93424				2
2025.11.26	01:14:05.937	0.93433	0.93444			6
2025.11.26	01:14:23.237	0.93432				2
2025.11.26	01:14:25.338	0.93433	0.93443			6
2025.11.26	01:14:45.738		0.93444			4
2025.11.26	01:14:52.721	0.93434	0.93445			6
2025.11.26	01:15:00.594	0.93434				2
2025.11.26	01:15:01.042	0.93433				2
2025.11.26	01:15:03.314	0.93431	0.93444			6
2025.11.26	01:15:03.620	0.93429				2
2025.11.26	01:15:03.923	0.93433				2
2025.11.26	01:15:04.894	0.93432	0.93445			6
2025.11.26	01:15:06.037		0.93443			4
2025.11.26	01:15:07.530		0.93445			4
2025.11.26	01:15:08.330	0.93433				2
2025.11.26	01:15:10.164	0.93432	0.93444			6
2025.11.26	01:15:10.498	0.93430				2
2025.11.26	01:15:13.039	0.93431				2
2025.11.26	01:15:14.747	0.93430				2
2025.11.26	01:15:17.930	0.93431				2
2025.11.26	01:15:19.938	0.93430				2
2025.11.26	01:15:20.706	0.93432				2
2025.11.26	01:15:22.337	0.93431				2
2025.11.26	01:15:22.941	0.93434				2
2025.11.26	01:15:23.997	0.93435				2
2025.11.26	01:15:26.731	0.93434				2
2025.11.26	01:15:27.327	0.93433				2
2025.11.26	01:15:28.202	0.93435				2
2025.11.26	01:15:29.840	0.93433	0.93446			6
2025.11.26	01:15:30.247		0.93445			4
2025.11.26	01:15:34.969		0.93446			4
2025.11.26	01:15:35.428	0.93434	0.93445			6
2025.11.26	01:15:38.373		0.93446			4
2025.11.26	01:15:38.681		0.93445			4
2025.11.26	01:15:40.446	0.93435				2
2025.11.26	01:15:42.382	0.93434				2
2025.11.26	01:15:44.291	0.93433	0.93446			6
2025.11.26	01:15:44.660	0.93434	0.93445			6
2025.11.26	01:15:45.377	0.93435				2
2025.11.26	01:15:46.660	0.93432	0.93442			6
2025.11.26	01:15:47.789	0.93431				2
2025.11.26	01:15:48.443	0.93432				2
2025.11.26	01:15:50.922	0.93431				2
2025.11.26	01:15:53.684	0.93432				2
2025.11.26	01:16:00.742	0.93434	0.93441			6
2025.11.26	01:16:01.060	0.93435	0.93446			6
2025.11.26	01:16:05.603		0.93443			4
2025.11.26	01:16:07.939	0.93434				2
2025.11.26	01:16:11.036	0.93437	0.93448			6
2025.11.26	01:16:12.139	0.93436				2
2025.11.26	01:16:13.637	0.93437				2
2025.11.26	01:16:15.259	0.93438				2
2025.11.26	01:16:16.208	0.93437				2
2025.11.26	01:16:16.562	0.93438				2
2025.11.26	01:16:16.962	0.93437				2
2025.11.26	01:16:18.141		0.93449			4
2025.11.26	01:16:19.428		0.93448			4
2025.11.26	01:16:21.142	0.93438	0.93449			6
2025.11.26	01:16:22.640		0.93448			4
2025.11.26	01:16:27.167	0.93440	0.93451			6
2025.11.26	01:16:28.638	0.93441				2
2025.11.26	01:16:28.945	0.93439	0.93450			6
2025.11.26	01:16:32.780	0.93440				2
2025.11.26	01:16:33.128	0.93439				2
2025.11.26	01:16:37.938		0.93449			4
2025.11.26	01:16:46.253		0.93450			4
2025.11.26	01:16:47.287		0.93449			4
2025.11.26	01:16:49.340		0.93450			4
2025.11.26	01:16:50.395		0.93449			4
2025.11.26	01:16:55.637		0.93450			4
2025.11.26	01:17:00.082	0.93439				2
2025.11.26	01:17:02.323	0.93438	0.93449			6
2025.11.26	01:17:02.756	0.93439				2
2025.11.26	01:17:03.076	0.93438	0.93450			6
2025.11.26	01:17:04.962	0.93439				2
2025.11.26	01:17:06.059	0.93438				2
2025.11.26	01:17:07.095	0.93439				2
2025.11.26	01:17:07.516	0.93438				2
2025.11.26	01:17:08.130	0.93439	0.93449			6
2025.11.26	01:17:09.165		0.93450			4
2025.11.26	01:17:09.968	0.93438				2
2025.11.26	01:17:11.074	0.93436	0.93447			6
2025.11.26	01:17:11.982		0.93446			4
2025.11.26	01:17:13.726	0.93435	0.93447			6
2025.11.26	01:17:15.284	0.93436				2
2025.11.26	01:17:16.932	0.93435				2
2025.11.26	01:17:17.973	0.93436				2
2025.11.26	01:17:32.600	0.93435				2
2025.11.26	01:17:33.503	0.93436				2
2025.11.26	01:17:34.016		0.93446			4
2025.11.26	01:17:41.698	0.93435	0.93447			6
2025.11.26	01:17:42.827	0.93436				2
2025.11.26	01:17:43.638		0.93446			4
2025.11.26	01:17:43.993		0.93447			4
2025.11.26	01:17:51.474		0.93446			4
2025.11.26	01:17:51.841		0.93447			4
2025.11.26	01:17:57.183	0.93437				2
2025.11.26	01:18:00.367	0.93437				2
2025.11.26	01:18:01.766		0.93446			4
2025.11.26	01:18:02.480	0.93438	0.93449			6
2025.11.26	01:18:13.855		0.93448			4
2025.11.26	01:18:14.539	0.93437				2
2025.11.26	01:18:14.900		0.93446			4
2025.11.26	01:18:16.349	0.93436				2
2025.11.26	01:18:21.972	0.93435				2
2025.11.26	01:18:23.182	0.93436				2
2025.11.26	01:18:23.981	0.93435	0.93445			6
2025.11.26	01:18:25.349	0.93434				2
2025.11.26	01:18:26.034	0.93435				2
2025.11.26	01:18:27.359	0.93434				2
2025.11.26	01:18:29.606	0.93435				2
2025.11.26	01:18:30.414	0.93434				2
2025.11.26	01:18:30.874	0.93433				2
2025.11.26	01:18:32.538		0.93444			4
2025.11.26	01:18:35.616	0.93434				2
2025.11.26	01:18:37.604		0.93445			4
2025.11.26	01:18:38.820	0.93435				2
2025.11.26	01:18:39.756	0.93434				2
2025.11.26	01:18:40.062	0.93435				2
2025.11.26	01:18:40.589	0.93434				2
2025.11.26	01:18:41.283	0.93436				2
2025.11.26	01:18:42.566	0.93435				2
2025.11.26	01:18:43.916	0.93436				2
2025.11.26	01:18:45.280	0.93440	0.93450			6
2025.11.26	01:18:47.237		0.93449			4
2025.11.26	01:18:50.403	0.93438	0.93447			6
2025.11.26	01:18:53.492	0.93437				2
2025.11.26	01:19:00.422	0.93437				2
2025.11.26	01:19:01.389		0.93446			4
2025.11.26	01:19:06.370		0.93447			4
2025.11.26	01:19:20.371		0.93446			4
2025.11.26	01:19:21.770		0.93447			4
2025.11.26	01:19:24.369		0.93446			4
2025.11.26	01:19:27.220	0.93436				2
2025.11.26	01:19:31.445	0.93437				2
2025.11.26	01:19:33.438	0.93436				2
2025.11.26	01:19:35.584	0.93437				2
2025.11.26	01:19:36.446	0.93438	0.93447			6
2025.11.26	01:19:39.478	0.93437	0.93448			6
2025.11.26	01:19:40.374		0.93447			4
2025.11.26	01:19:40.764	0.93436				2
2025.11.26	01:19:42.439	0.93437				2
2025.11.26	01:19:42.833	0.93436				2
2025.11.26	01:19:46.846	0.93437				2
2025.11.26	01:19:47.882	0.93436				2
2025.11.26	01:19:48.723	0.93437	0.93446			6
2025.11.26	01:19:49.443	0.93436				2
2025.11.26	01:19:54.612	0.93437				2
2025.11.26	01:19:56.538	0.93436				2
2025.11.26	01:19:57.720	0.93437				2
2025.11.26	01:19:58.624	0.93436				2
2025.11.26	01:20:00.350	0.93436				2
2025.11.26	01:20:01.602	0.93437				2
2025.11.26	01:20:01.925	0.93436				2
2025.11.26	01:20:02.766	0.93437				2
2025.11.26	01:20:04.003	0.93436				2
2025.11.26	01:20:04.735	0.93437				2
2025.11.26	01:20:05.047	0.93436				2
2025.11.26	01:20:06.822	0.93437				2
2025.11.26	01:20:13.149	0.93436				2
2025.11.26	01:20:14.195	0.93437				2
2025.11.26	01:20:16.218	0.93436				2
2025.11.26	01:20:17.134	0.93435	0.93444			6
2025.11.26	01:20:22.771	0.93436				2
2025.11.26	01:20:23.091	0.93435				2
2025.11.26	01:20:27.945	0.93436				2
2025.11.26	01:20:28.246	0.93435				2
2025.11.26	01:20:29.962		0.93445			4
2025.11.26	01:20:32.154	0.93436				2
2025.11.26	01:20:32.662	0.93435				2
2025.11.26	01:20:33.887	0.93436	0.93444			6
2025.11.26	01:20:35.241	0.93435				2
2025.11.26	01:20:39.402	0.93434				2
2025.11.26	01:20:42.293	0.93435				2
2025.11.26	01:20:42.638	0.93434				2
2025.11.26	01:20:46.348	0.93435				2
2025.11.26	01:20:53.178	0.93434	0.93445			6
2025.11.26	01:20:54.416	0.93435				2
2025.11.26	01:21:00.269	0.93434				2
2025.11.26	01:21:00.612	0.93435				2
2025.11.26	01:21:12.180	0.93434				2
2025.11.26	01:21:13.836	0.93435				2
2025.11.26	01:21:22.038	0.93434				2
2025.11.26	01:21:24.137	0.93435				2
2025.11.26	01:21:26.355	0.93434				2
2025.11.26	01:21:28.591	0.93435	0.93444			6
2025.11.26	01:21:30.662		0.93445			4
2025.11.26	01:21:33.253	0.93434				2
2025.11.26	01:21:34.845	0.93435				2
2025.11.26	01:21:40.638	0.93434				2
2025.11.26	01:21:41.415	0.93435				2
2025.11.26	01:22:00.207	0.93435				2
2025.11.26	01:22:02.912		0.93444			4
2025.11.26	01:22:08.595	0.93432	0.93442			6
2025.11.26	01:22:08.908	0.93430				2
2025.11.26	01:22:09.757	0.93432				2
2025.11.26	01:22:11.837	0.93431	0.93443			6
2025.11.26	01:22:12.437	0.93432				2
2025.11.26	01:22:15.037	0.93433				2
2025.11.26	01:22:15.368	0.93432				2
2025.11.26	01:22:23.477	0.93431				2
2025.11.26	01:22:24.514	0.93432				2
2025.11.26	01:22:25.524	0.93431				2
2025.11.26	01:22:27.947	0.93432				2
2025.11.26	01:22:30.007	0.93431				2
2025.11.26	01:22:31.162	0.93432				2
2025.11.26	01:22:33.059	0.93431				2
2025.11.26	01:22:34.226	0.93432				2
2025.11.26	01:22:36.069	0.93431				2
2025.11.26	01:22:37.180	0.93432				2
2025.11.26	01:22:37.639	0.93431				2
2025.11.26	01:22:40.178	0.93432				2
2025.11.26	01:22:42.377	0.93431				2
2025.11.26	01:22:44.579	0.93432				2
2025.11.26	01:22:46.523	0.93431				2
2025.11.26	01:22:57.135	0.93432				2
2025.11.26	01:22:57.614	0.93431				2
2025.11.26	01:23:00.472	0.93431				2
2025.11.26	01:23:01.256	0.93432				2
2025.11.26	01:23:03.522	0.93430				2
2025.11.26	01:23:10.993	0.93431				2
2025.11.26	01:23:12.600		0.93443			4
2025.11.26	01:23:13.616		0.93442			4
2025.11.26	01:23:15.649	0.93432				2
2025.11.26	01:23:16.642	0.93431				2
2025.11.26	01:23:19.161	0.93432				2
2025.11.26	01:23:20.948	0.93431	0.93443			6
2025.11.26	01:23:23.237	0.93432				2
2025.11.26	01:23:25.038	0.93431				2
2025.11.26	01:23:25.808	0.93433	0.93444			6
2025.11.26	01:23:30.514	0.93431				2
2025.11.26	01:23:31.038	0.93432				2
2025.11.26	01:23:37.981	0.93433				2
2025.11.26	01:23:46.192	0.93436	0.93445			6
2025.11.26	01:23:47.098	0.93435	0.93446			6
2025.11.26	01:23:50.086	0.93436				2
2025.11.26	01:23:51.123	0.93435				2
2025.11.26	01:23:53.455	0.93436				2
2025.11.26	01:23:54.618	0.93435				2
2025.11.26	01:23:56.540		0.93447			4
2025.11.26	01:23:57.596	0.93436				2
2025.11.26	01:23:58.631	0.93435				2
2025.11.26	01:23:59.350	0.93436	0.93446			6
2025.11.26	01:24:00.026	0.93436				2
2025.11.26	01:24:00.588		0.93447			4
2025.11.26	01:24:01.866	0.93435				2
2025.11.26	01:24:02.903		0.93445			4
2025.11.26	01:24:05.247	0.93436				2
2025.11.26	01:24:05.549	0.93434				2
2025.11.26	01:24:07.563		0.93444			4
2025.11.26	01:24:09.693		0.93445			4
2025.11.26	01:24:10.191	0.93432	0.93444			6
2025.11.26	01:24:11.537	0.93434	0.93445			6
2025.11.26	01:24:14.812	0.93433				2
2025.11.26	01:24:17.238	0.93434				2
2025.11.26	01:24:20.537	0.93433				2
2025.11.26	01:24:21.437	0.93434				2
2025.11.26	01:24:28.638	0.93433				2
2025.11.26	01:24:32.614	0.93432				2
2025.11.26	01:24:33.420	0.93433	0.93444			6
2025.11.26	01:24:35.537	0.93432				2
2025.11.26	01:24:39.531	0.93433				2
2025.11.26	01:24:40.000	0.93432				2
2025.11.26	01:24:46.794	0.93433				2
2025.11.26	01:24:47.759	0.93432				2
2025.11.26	01:24:50.598	0.93433				2
2025.11.26	01:24:53.240	0.93432				2
2025.11.26	01:24:55.083	0.93431				2
2025.11.26	01:25:00.689	0.93432	0.93443			6
2025.11.26	01:25:04.884	0.93431	0.93444			6
2025.11.26	01:25:05.805		0.93443			4
2025.11.26	01:25:06.561	0.93430	0.93444			6
2025.11.26	01:25:07.109	0.93431				2
2025.11.26	01:25:07.805	0.93433				2
2025.11.26	01:25:09.917		0.93443			4
2025.11.26	01:25:10.253	0.93431	0.93444			6
2025.11.26	01:25:10.972	0.93433	0.93443			6
2025.11.26	01:25:11.772		0.93444			4
2025.11.26	01:25:12.164	0.93432				2
2025.11.26	01:25:23.237	0.93433				2
2025.11.26	01:25:23.571	0.93432				2
2025.11.26	01:25:30.174	0.93433				2
2025.11.26	01:25:30.490	0.93434	0.93443			6
2025.11.26	01:25:31.100	0.93433	0.93444			6
2025.11.26	01:25:31.456		0.93443			4
2025.11.26	01:25:32.219	0.93432	0.93444			6
2025.11.26	01:25:32.962	0.93431				2
2025.11.26	01:25:33.740	0.93432				2
2025.11.26	01:25:41.391	0.93433				2
2025.11.26	01:25:42.579	0.93432				2
2025.11.26	01:25:44.520	0.93433				2
2025.11.26	01:25:45.376	0.93432				2
2025.11.26	01:25:59.913	0.93433				2
2025.11.26	01:26:01.191	0.93433				2
2025.11.26	01:26:01.525	0.93434				2
2025.11.26	01:26:09.779	0.93435				2
2025.11.26	01:26:12.612		0.93445			4
2025.11.26	01:26:15.138		0.93444			4
2025.11.26	01:26:16.718	0.93434	0.93445			6
2025.11.26	01:26:18.403	0.93435	0.93444			6
2025.11.26	01:26:20.893		0.93445			4
2025.11.26	01:26:25.937		0.93444			4
2025.11.26	01:26:28.657		0.93445			4
2025.11.26	01:26:31.380	0.93436	0.93446			6
2025.11.26	01:26:35.463		0.93447			4
2025.11.26	01:26:45.358		0.93446			4
2025.11.26	01:26:47.375		0.93447			4
2025.11.26	01:26:49.666		0.93446			4
2025.11.26	01:27:00.599	0.93436				2
2025.11.26	01:27:03.223	0.93437				2
2025.11.26	01:27:05.161	0.93436				2
2025.11.26	01:27:41.285	0.93437				2
2025.11.26	01:27:50.215		0.93446			4
2025.11.26	01:28:00.275	0.93437				2
2025.11.26	01:28:04.648	0.93436				2
2025.11.26	01:28:05.746	0.93437				2
2025.11.26	01:28:06.764	0.93436				2
2025.11.26	01:28:08.537	0.93437				2
2025.11.26	01:28:08.878	0.93436				2
2025.11.26	01:28:47.467	0.93437				2
2025.11.26	01:28:50.541	0.93436	0.93446			6
2025.11.26	01:28:52.341	0.93437				2
2025.11.26	01:29:00.354	0.93437				2
2025.11.26	01:29:00.657	0.93436				2
2025.11.26	01:29:04.638		0.93445			4
2025.11.26	01:29:06.728		0.93446			4
2025.11.26	01:29:29.635	0.93435				2
2025.11.26	01:29:30.166	0.93436				2
2025.11.26	01:29:52.339	0.93437				2
2025.11.26	01:29:57.859	0.93436				2
2025.11.26	01:30:00.450	0.93436	0.93444			6
2025.11.26	01:30:00.761	0.93434				2
2025.11.26	01:30:02.377	0.93435				2
2025.11.26	01:30:03.261	0.93433	0.93445			6
2025.11.26	01:30:06.821	0.93435				2
2025.11.26	01:30:15.316	0.93437	0.93447			6
2025.11.26	01:30:23.816	0.93438				2
2025.11.26	01:30:24.192	0.93437				2
2025.11.26	01:30:27.211	0.93438	0.93448			6
2025.11.26	01:30:30.318	0.93437	0.93449			6
2025.11.26	01:30:31.323	0.93438	0.93448			6
2025.11.26	01:30:31.762		0.93446			4
2025.11.26	01:30:32.393	0.93437				2
2025.11.26	01:30:33.395	0.93438				2
2025.11.26	01:30:34.532	0.93437				2
2025.11.26	01:30:36.614	0.93438				2
2025.11.26	01:30:37.678	0.93437				2
2025.11.26	01:30:38.700	0.93438				2
2025.11.26	01:30:39.748	0.93437				2
2025.11.26	01:30:40.775	0.93438				2
2025.11.26	01:30:41.836	0.93437				2
2025.11.26	01:30:43.882	0.93438				2
2025.11.26	01:30:44.953	0.93437				2
2025.11.26	01:30:45.956	0.93438				2
2025.11.26	01:30:47.030	0.93437				2
2025.11.26	01:30:48.028	0.93438				2
2025.11.26	01:30:48.928	0.93437				2
2025.11.26	01:30:52.099	0.93438				2
2025.11.26	01:30:53.139	0.93437				2
2025.11.26	01:30:55.206	0.93438				2
2025.11.26	01:30:55.606	0.93437				2
2025.11.26	01:30:58.311		0.93448			4
2025.11.26	01:30:59.348	0.93438				2
2025.11.26	01:31:00.383	0.93438	0.93446			6
2025.11.26	01:31:06.532	0.93439				2
2025.11.26	01:31:06.858	0.93437				2
2025.11.26	01:31:07.838	0.93438				2
2025.11.26	01:31:08.864	0.93437				2
2025.11.26	01:31:09.921	0.93438				2
2025.11.26	01:31:13.006	0.93437				2
2025.11.26	01:31:14.055	0.93438				2
2025.11.26	01:31:16.176	0.93437				2
2025.11.26	01:31:20.274	0.93438				2
2025.11.26	01:31:22.362	0.93437				2
2025.11.26	01:31:28.716	0.93438				2
2025.11.26	01:31:29.755	0.93437				2
2025.11.26	01:31:30.744	0.93438				2
2025.11.26	01:31:31.716	0.93437				2
2025.11.26	01:31:41.680	0.93438				2
2025.11.26	01:31:45.438	0.93437				2
2025.11.26	01:31:45.820	0.93438				2
2025.11.26	01:31:47.893	0.93437				2
2025.11.26	01:31:48.927	0.93438				2
2025.11.26	01:31:53.071	0.93437				2
2025.11.26	01:31:54.111	0.93438				2
2025.11.26	01:31:57.345	0.93437				2
2025.11.26	01:31:58.248	0.93438				2
2025.11.26	01:31:59.283	0.93437				2
2025.11.26	01:32:00.319	0.93438				2
2025.11.26	01:32:00.632	0.93437	0.93446			6
2025.11.26	01:32:01.354	0.93438				2
2025.11.26	01:32:33.266	0.93437				2
2025.11.26	01:32:34.273	0.93438	0.93447			6
2025.11.26	01:32:35.281	0.93439				2
2025.11.26	01:32:36.573	0.93438				2
2025.11.26	01:32:42.647		0.93448			4
2025.11.26	01:32:46.751		0.93447			4
2025.11.26	01:32:47.488		0.93446			4
2025.11.26	01:32:48.403	0.93439				2
2025.11.26	01:32:48.722	0.93438				2
2025.11.26	01:32:49.617		0.93447			4
2025.11.26	01:32:50.676		0.93446			4
2025.11.26	01:32:53.281	0.93437				2
2025.11.26	01:32:53.760	0.93438				2
2025.11.26	01:32:55.337	0.93440				2
2025.11.26	01:32:55.663	0.93438				2
2025.11.26	01:32:58.208	0.93437				2
2025.11.26	01:33:00.003	0.93437				2
2025.11.26	01:33:00.774	0.93438				2
2025.11.26	01:33:01.809	0.93439				2
2025.11.26	01:33:04.631	0.93438				2
2025.11.26	01:33:06.984	0.93439				2
2025.11.26	01:33:07.545	0.93438				2
2025.11.26	01:33:07.983	0.93439				2
2025.11.26	01:33:08.529	0.93438	0.93447			6
2025.11.26	01:33:10.420	0.93437				2
2025.11.26	01:33:11.454		0.93446			4
2025.11.26	01:33:11.767		0.93447			4
2025.11.26	01:33:12.095		0.93449			4
2025.11.26	01:33:12.420		0.93446			4
2025.11.26	01:33:14.762	0.93438	0.93448			6
2025.11.26	01:33:15.142	0.93437	0.93449			6
2025.11.26	01:33:16.306	0.93438	0.93447			6
2025.11.26	01:33:16.717	0.93437				2
2025.11.26	01:33:17.520		0.93448			4
2025.11.26	01:33:17.837		0.93449			4
2025.11.26	01:33:18.760		0.93447			4
2025.11.26	01:33:20.814		0.93446			4
2025.11.26	01:33:26.076		0.93447			4
2025.11.26	01:33:28.344		0.93446			4
2025.11.26	01:33:28.919		0.93447			4
2025.11.26	01:33:29.226		0.93446			4
2025.11.26	01:33:30.286		0.93447			4
2025.11.26	01:33:31.376		0.93446			4
2025.11.26	01:33:32.471		0.93447			4
2025.11.26	01:33:33.522		0.93446			4
2025.11.26	01:33:33.842		0.93447			4
2025.11.26	01:33:36.916		0.93446			4
2025.11.26	01:33:37.973		0.93447			4
2025.11.26	01:33:39.015		0.93446			4
2025.11.26	01:34:00.351	0.93437				2
2025.11.26	01:34:06.274	0.93438				2
2025.11.26	01:34:10.023	0.93437				2
2025.11.26	01:34:10.514	0.93438				2
2025.11.26	01:34:14.451	0.93437				2
2025.11.26	01:34:29.004	0.93438				2
2025.11.26	01:34:30.066	0.93437				2
2025.11.26	01:34:31.884	0.93436				2
2025.11.26	01:34:37.002	0.93437				2
2025.11.26	01:34:39.048		0.93446			4
2025.11.26	01:34:43.738	0.93436				2
2025.11.26	01:34:45.239	0.93438				2
2025.11.26	01:34:45.696	0.93437				2
2025.11.26	01:34:46.564	0.93438				2
2025.11.26	01:34:49.390	0.93439				2
2025.11.26	01:34:49.714	0.93438	0.93447			6
2025.11.26	01:34:52.876		0.93446			4
2025.11.26	01:34:56.451	0.93439				2
2025.11.26	01:34:59.250		0.93448			4
2025.11.26	01:35:00.231	0.93439	0.93446			6
2025.11.26	01:35:01.076	0.93438				2
2025.11.26	01:35:07.859		0.93448			4
2025.11.26	01:35:08.540		0.93447			4
2025.11.26	01:35:09.582		0.93448			4
2025.11.26	01:35:10.853	0.93437				2
2025.11.26	01:35:15.796	0.93442	0.93446			6
2025.11.26	01:35:16.103	0.93446	0.93453			6
2025.11.26	01:35:18.293	0.93443	0.93452			6
2025.11.26	01:35:18.600	0.93446				2
2025.11.26	01:35:20.319	0.93445				2
2025.11.26	01:36:00.311	0.93445				2
2025.11.26	01:36:00.890	0.93442	0.93451			6
2025.11.26	01:36:01.212	0.93443	0.93452			6
2025.11.26	01:36:08.502	0.93442				2
2025.11.26	01:36:09.129	0.93443				2
2025.11.26	01:36:11.416	0.93441	0.93449			6
2025.11.26	01:36:11.859	0.93442				2
2025.11.26	01:36:13.330	0.93441				2
2025.11.26	01:36:15.432	0.93442				2
2025.11.26	01:36:15.747	0.93441				2
2025.11.26	01:36:17.725	0.93437	0.93446			6
2025.11.26	01:36:20.313	0.93439	0.93447			6
2025.11.26	01:36:21.721	0.93434	0.93443			6
2025.11.26	01:36:22.044		0.93444			4
2025.11.26	01:36:22.730	0.93435				2
2025.11.26	01:36:25.227	0.93431	0.93440			6
2025.11.26	01:36:29.206	0.93428	0.93438			6
2025.11.26	01:36:33.122	0.93423	0.93432			6
2025.11.26	01:36:33.441	0.93424	0.93433			6
2025.11.26	01:36:36.705	0.93425	0.93434			6
2025.11.26	01:36:43.083	0.93426				2
2025.11.26	01:36:51.368	0.93428	0.93436			6
2025.11.26	01:36:59.956		0.93437			4
2025.11.26	01:37:00.314	0.93428				2
2025.11.26	01:37:02.140		0.93436			4
2025.11.26	01:37:02.835		0.93437			4
2025.11.26	01:37:15.040	0.93429				2
2025.11.26	01:37:15.359	0.93430	0.93438			6
2025.11.26	01:37:30.012	0.93429				2
2025.11.26	01:37:30.612	0.93430				2
2025.11.26	01:37:39.351	0.93427				2
2025.11.26	01:37:41.376	0.93428				2
2025.11.26	01:37:41.933	0.93429				2
2025.11.26	01:37:43.805	0.93431				2
2025.11.26	01:37:47.964	0.93430				2
2025.11.26	01:37:49.095	0.93435	0.93444			6
2025.11.26	01:37:50.210		0.93443			4
2025.11.26	01:37:50.526		0.93445			4
2025.11.26	01:37:53.945		0.93444			4
2025.11.26	01:37:59.959	0.93438	0.93448			6
2025.11.26	01:38:00.264	0.93440				2
2025.11.26	01:38:04.213		0.93449			4
2025.11.26	01:38:06.346	0.93439				2
2025.11.26	01:38:07.165	0.93440	0.93451			6
2025.11.26	01:38:09.889		0.93450			4
2025.11.26	01:38:11.246		0.93451			4
2025.11.26	01:38:12.782		0.93450			4
2025.11.26	01:38:14.251	0.93439				2
2025.11.26	01:38:15.492	0.93440	0.93449			6
2025.11.26	01:38:23.502	0.93441	0.93450			6
2025.11.26	01:38:29.071	0.93439				2
2025.11.26	01:38:31.100		0.93449			4
2025.11.26	01:38:36.101		0.93450			4
2025.11.26	01:38:41.648	0.93440	0.93449			6
2025.11.26	01:38:46.639	0.93439	0.93450			6
2025.11.26	01:38:50.912	0.93440	0.93449			6
2025.11.26	01:38:55.361	0.93441	0.93451			6
2025.11.26	01:38:55.663		0.93450			4
2025.11.26	01:38:55.978	0.93438	0.93448			6
2025.11.26	01:39:00.169	0.93438				2
2025.11.26	01:39:03.965	0.93437	0.93445			6
2025.11.26	01:39:19.640	0.93438				2
2025.11.26	01:39:26.079	0.93439	0.93448			6
2025.11.26	01:40:00.394	0.93439				2
2025.11.26	01:40:04.797	0.93440				2
2025.11.26	01:40:08.862	0.93439				2
2025.11.26	01:40:11.210	0.93441				2
2025.11.26	01:40:11.582	0.93440				2
2025.11.26	01:40:11.925	0.93439				2
2025.11.26	01:40:15.384	0.93440				2
2025.11.26	01:40:18.137	0.93439				2
2025.11.26	01:40:18.887	0.93441				2
2025.11.26	01:40:19.280	0.93439	0.93450			6
2025.11.26	01:40:26.749		0.93451			4
2025.11.26	01:40:32.053		0.93452			4
2025.11.26	01:40:35.313	0.93441	0.93448			6
2025.11.26	01:40:37.311		0.93451			4
2025.11.26	01:40:38.840	0.93439	0.93448			6
2025.11.26	01:40:43.998	0.93441				2
2025.11.26	01:40:46.948	0.93439				2
2025.11.26	01:40:55.291	0.93441				2
2025.11.26	01:40:55.660	0.93440				2
2025.11.26	01:40:59.343	0.93439				2
2025.11.26	01:41:00.380	0.93439				2
2025.11.26	01:41:04.273	0.93441				2
2025.11.26	01:41:04.836	0.93439				2
2025.11.26	01:41:22.128	0.93440				2
2025.11.26	01:41:23.743	0.93439				2
2025.11.26	01:41:39.438		0.93448			4
2025.11.26	01:41:52.274		0.93446			4
2025.11.26	01:41:53.215	0.93438				2
2025.11.26	01:42:00.574	0.93438				2
2025.11.26	01:42:01.412	0.93439	0.93448			6
2025.11.26	01:42:33.871	0.93437	0.93447			6
2025.11.26	01:42:34.268		0.93446			4
2025.11.26	01:42:37.638	0.93438				2
2025.11.26	01:42:53.279		0.93447			4
2025.11.26	01:43:00.388	0.93437	0.93446			6
2025.11.26	01:43:04.987	0.93438	0.93447			6
2025.11.26	01:43:12.731		0.93448			4
2025.11.26	01:43:18.723		0.93447			4
2025.11.26	01:43:23.173		0.93448			4
2025.11.26	01:43:25.248	0.93439				2
2025.11.26	01:43:31.976	0.93438	0.93447			6
2025.11.26	01:43:34.471		0.93448			4
2025.11.26	01:43:35.443	0.93439				2
2025.11.26	01:43:43.872	0.93438				2
2025.11.26	01:43:48.505		0.93450			4
2025.11.26	01:43:50.572	0.93439				2
2025.11.26	01:43:52.199	0.93438				2
2025.11.26	01:43:52.515	0.93439				2
2025.11.26	01:44:00.600	0.93439				2
2025.11.26	01:44:09.133	0.93438	0.93449			6
2025.11.26	01:44:14.748	0.93439	0.93448			6
2025.11.26	01:44:20.127	0.93438	0.93449			6
2025.11.26	01:44:25.964	0.93439	0.93448			6
2025.11.26	01:44:30.621	0.93438	0.93449			6
2025.11.26	01:44:37.146		0.93447			4
2025.11.26	01:44:55.431	0.93439	0.93449			6
2025.11.26	01:45:00.721	0.93438	0.93450			6
2025.11.26	01:45:01.448		0.93449			4
2025.11.26	01:45:02.486	0.93437	0.93448			6
2025.11.26	01:45:03.141	0.93438				2
2025.11.26	01:45:08.341		0.93447			4
2025.11.26	01:45:10.713		0.93448			4
2025.11.26	01:45:14.972	0.93437				2
2025.11.26	01:45:23.344	0.93438	0.93447			6
2025.11.26	01:45:28.987		0.93448			4
2025.11.26	01:45:30.236		0.93447			4
2025.11.26	01:45:30.592	0.93439				2
2025.11.26	01:45:31.834		0.93448			4
2025.11.26	01:45:35.423		0.93449			4
2025.11.26	01:45:39.053		0.93448			4
2025.11.26	01:45:39.730	0.93438	0.93447			6
2025.11.26	01:45:40.152		0.93448			4
2025.11.26	01:45:40.694	0.93439	0.93449			6
2025.11.26	01:45:41.047	0.93440				2
2025.11.26	01:45:42.512	0.93439	0.93447			6
2025.11.26	01:45:43.671	0.93440	0.93448			6
2025.11.26	01:45:45.364		0.93449			4
2025.11.26	01:45:46.472	0.93439	0.93447			6
2025.11.26	01:45:57.409	0.93438	0.93445			6
2025.11.26	01:45:57.725	0.93437				2
2025.11.26	01:46:00.447	0.93437				2
2025.11.26	01:46:06.867	0.93438	0.93446			6
2025.11.26	01:46:11.015	0.93439	0.93447			6
2025.11.26	01:46:13.380	0.93438	0.93448			6
2025.11.26	01:46:14.839	0.93441	0.93449			6
2025.11.26	01:46:17.512	0.93439	0.93447			6
2025.11.26	01:46:21.640	0.93441	0.93449			6
2025.11.26	01:46:22.888	0.93442	0.93450			6
2025.11.26	01:46:24.608	0.93441				2
2025.11.26	01:46:26.109		0.93449			4
2025.11.26	01:46:33.360		0.93450			4
2025.11.26	01:46:37.871	0.93442				2
2025.11.26	01:46:50.488		0.93449			4
2025.11.26	01:47:00.894	0.93442				2
2025.11.26	01:47:06.085	0.93443				2
2025.11.26	01:47:08.341	0.93442				2
2025.11.26	01:47:11.319	0.93443	0.93450			6
2025.11.26	01:47:15.440	0.93442				2
2025.11.26	01:47:21.137	0.93443				2
2025.11.26	01:47:24.159	0.93442				2
2025.11.26	01:47:31.200		0.93449			4
2025.11.26	01:47:31.702	0.93443	0.93452			6
2025.11.26	01:47:36.256	0.93444				2
2025.11.26	01:48:00.482	0.93444	0.93451			6
2025.11.26	01:48:19.153	0.93443	0.93450			6
2025.11.26	01:48:26.474	0.93444				2
2025.11.26	01:48:28.340	0.93443				2
2025.11.26	01:48:36.391	0.93444				2
2025.11.26	01:48:38.747	0.93443	0.93449			6
2025.11.26	01:48:45.781	0.93444				2
2025.11.26	01:48:58.239	0.93447	0.93455			6
2025.11.26	01:49:00.402	0.93447				2
2025.11.26	01:49:01.337	0.93445	0.93456			6
2025.11.26	01:49:03.310		0.93455			4
2025.11.26	01:49:05.731		0.93456			4
2025.11.26	01:49:12.570	0.93444	0.93455			6
2025.11.26	01:49:12.878	0.93442				2
2025.11.26	01:49:14.804	0.93444	0.93456			6
2025.11.26	01:49:16.316	0.93445				2
2025.11.26	01:49:20.380	0.93447				2
2025.11.26	01:49:21.787	0.93448				2
2025.11.26	01:49:34.054	0.93447				2
2025.11.26	01:49:58.282		0.93457			4
2025.11.26	01:49:58.801		0.93456			4
2025.11.26	01:50:00.592	0.93447				2
2025.11.26	01:50:06.443	0.93446				2
2025.11.26	01:50:09.466		0.93457			4
2025.11.26	01:50:11.771		0.93456			4
2025.11.26	01:50:19.546	0.93447				2
2025.11.26	01:50:21.772		0.93457			4
2025.11.26	01:50:27.377	0.93446				2
2025.11.26	01:51:01.765	0.93446				2
2025.11.26	01:51:06.874		0.93458			4
2025.11.26	01:51:10.893	0.93445				2
2025.11.26	01:51:11.725	0.93446				2
2025.11.26	01:51:15.378	0.93445	0.93456			6
2025.11.26	01:51:17.103		0.93457			4
2025.11.26	01:51:17.762		0.93458			4
2025.11.26	01:51:22.262	0.93446				2
2025.11.26	01:51:27.261	0.93447				2
2025.11.26	01:51:31.363	0.93446	0.93457			6
2025.11.26	01:51:33.098	0.93445	0.93458			6
2025.11.26	01:51:39.409	0.93446				2
2025.11.26	01:51:45.453	0.93445				2
2025.11.26	01:51:46.399		0.93457			4
2025.11.26	01:52:00.415	0.93444	0.93456			6
2025.11.26	01:52:01.350	0.93441	0.93452			6
2025.11.26	01:52:01.698		0.93453			4
2025.11.26	01:52:02.146		0.93454			4
2025.11.26	01:52:02.837		0.93453			4
2025.11.26	01:52:05.000	0.93442	0.93454			6
2025.11.26	01:52:07.040	0.93441				2
2025.11.26	01:52:12.879		0.93452			4
2025.11.26	01:52:13.205	0.93440	0.93453			6
2025.11.26	01:52:14.331		0.93452			4
2025.11.26	01:52:19.696	0.93435	0.93447			6
2025.11.26	01:52:20.015		0.93449			4
2025.11.26	01:52:21.767		0.93448			4
2025.11.26	01:52:27.832	0.93436				2
2025.11.26	01:52:29.721	0.93435				2
2025.11.26	01:52:31.764	0.93436	0.93449			6
2025.11.26	01:52:36.288	0.93435	0.93450			6
2025.11.26	01:52:42.954	0.93436				2
2025.11.26	01:53:00.452	0.93436				2
2025.11.26	01:53:02.790		0.93449			4
2025.11.26	01:53:05.921	0.93435				2
2025.11.26	01:53:14.892	0.93436				2
2025.11.26	01:53:15.309	0.93435				2
2025.11.26	01:53:19.395	0.93436				2
2025.11.26	01:53:21.607	0.93437				2
2025.11.26	01:53:24.554	0.93439	0.93446			6
2025.11.26	01:53:25.201		0.93445			4
2025.11.26	01:53:27.410	0.93440				2
2025.11.26	01:53:28.030	0.93438	0.93449			6
2025.11.26	01:53:31.104	0.93437				2
2025.11.26	01:53:39.557		0.93450			4
2025.11.26	01:53:39.992		0.93449			4
2025.11.26	01:53:40.518		0.93450			4
2025.11.26	01:53:42.318	0.93436				2
2025.11.26	01:53:48.137	0.93437	0.93449			6
2025.11.26	01:53:49.504	0.93436	0.93447			6
2025.11.26	01:53:49.848	0.93435	0.93446			6
2025.11.26	01:53:50.179	0.93436	0.93447			6
2025.11.26	01:53:52.622	0.93435	0.93448			6
2025.11.26	01:53:55.731	0.93436	0.93447			6
2025.11.26	01:53:56.775	0.93435				2
2025.11.26	01:53:58.882	0.93434	0.93448			6
2025.11.26	01:53:59.506	0.93435	0.93447			6
2025.11.26	01:54:00.954	0.93434	0.93446			6
2025.11.26	01:54:01.708	0.93433	0.93447			6
2025.11.26	01:54:02.119	0.93434	0.93446			6
2025.11.26	01:54:12.315	0.93433	0.93447			6
2025.11.26	01:54:12.797	0.93434	0.93446			6
2025.11.26	01:54:15.443	0.93433	0.93447			6
2025.11.26	01:54:18.115	0.93434				2
2025.11.26	01:54:18.553	0.93433				2
2025.11.26	01:54:20.781	0.93434	0.93446			6
2025.11.26	01:54:30.330		0.93447			4
2025.11.26	01:54:31.771	0.93433				2
2025.11.26	01:54:32.077		0.93446			4
2025.11.26	01:54:33.198	0.93434	0.93445			6
2025.11.26	01:54:35.922	0.93432	0.93446			6
2025.11.26	01:54:37.814	0.93433				2
2025.11.26	01:54:39.293	0.93432				2
2025.11.26	01:54:40.597	0.93433	0.93445			6
2025.11.26	01:54:51.058		0.93446			4
2025.11.26	01:55:00.005	0.93433				2
2025.11.26	01:55:00.820	0.93434	0.93447			6
2025.11.26	01:55:03.328	0.93435				2
2025.11.26	01:55:10.860	0.93434				2
2025.11.26	01:55:17.557		0.93446			4
2025.11.26	01:55:18.763	0.93435	0.93447			6
2025.11.26	01:55:19.314		0.93446			4
2025.11.26	01:55:22.964	0.93436				2
2025.11.26	01:55:34.875		0.93445			4
2025.11.26	01:55:36.797	0.93435	0.93446			6
2025.11.26	01:55:37.800	0.93436				2
2025.11.26	01:55:38.426	0.93435	0.93448			6
2025.11.26	01:55:43.949		0.93446			4
2025.11.26	01:55:44.307		0.93448			4
2025.11.26	01:55:48.042		0.93449			4
2025.11.26	01:55:53.463	0.93436	0.93448			6
2025.11.26	01:55:57.808		0.93449			4
2025.11.26	01:56:00.445	0.93436	0.93448			6
2025.11.26	01:56:01.502	0.93437				2
2025.11.26	01:56:05.359		0.93451			4
2025.11.26	01:56:05.740	0.93438				2
2025.11.26	01:56:22.378		0.93450			4
2025.11.26	01:56:28.139		0.93451			4
2025.11.26	01:56:30.281	0.93436	0.93448			6
2025.11.26	01:56:34.147	0.93435	0.93446			6
2025.11.26	01:56:36.119		0.93448			4
2025.11.26	01:56:39.560		0.93447			4
2025.11.26	01:56:45.347	0.93434				2
2025.11.26	01:56:45.651	0.93435				2
2025.11.26	01:56:46.781		0.93446			4
2025.11.26	01:56:47.330	0.93434	0.93447			6
2025.11.26	01:56:47.703	0.93435				2
2025.11.26	01:56:50.950	0.93434				2
2025.11.26	01:56:52.009	0.93435				2
2025.11.26	01:56:52.743	0.93434				2
2025.11.26	01:56:54.482	0.93435	0.93446			6
2025.11.26	01:56:54.844	0.93434	0.93447			6
2025.11.26	01:56:56.101	0.93435	0.93446			6
2025.11.26	01:57:00.258	0.93434				2
2025.11.26	01:57:05.167	0.93436				2
2025.11.26	01:57:11.081		0.93448			4
2025.11.26	01:57:11.594		0.93447			4
2025.11.26	01:57:29.748	0.93439	0.93450			6
2025.11.26	01:57:33.338	0.93438				2
2025.11.26	01:57:35.383	0.93439				2
2025.11.26	01:57:35.944		0.93448			4
2025.11.26	01:57:36.556		0.93450			4
2025.11.26	01:57:40.583	0.93438				2
2025.11.26	01:57:41.132	0.93437	0.93448			6
2025.11.26	01:57:41.451		0.93449			4
2025.11.26	01:57:43.362	0.93436	0.93448			6
2025.11.26	01:57:43.666	0.93435	0.93449			6
2025.11.26	01:57:57.836		0.93448			4
2025.11.26	01:58:00.428	0.93435				2
2025.11.26	01:58:03.654	0.93436	0.93449			6
2025.11.26	01:58:05.300	0.93437				2
2025.11.26	01:58:07.350	0.93438				2
2025.11.26	01:58:14.805	0.93437	0.93450			6
2025.11.26	01:58:15.119		0.93449			4
2025.11.26	01:58:16.156		0.93450			4
2025.11.26	01:58:16.569		0.93449			4
2025.11.26	01:58:17.311		0.93450			4
2025.11.26	01:58:17.622		0.93448			4
2025.11.26	01:58:18.356		0.93449			4
2025.11.26	01:58:18.704		0.93448			4
2025.11.26	01:58:20.256		0.93449			4
2025.11.26	01:58:21.682	0.93436	0.93450			6
2025.11.26	01:58:22.050	0.93438	0.93449			6
2025.11.26	01:58:22.520	0.93437	0.93450			6
2025.11.26	01:58:24.097	0.93438	0.93449			6
2025.11.26	01:58:24.604	0.93437	0.93450			6
2025.11.26	01:58:26.599		0.93449			4
2025.11.26	01:58:27.410	0.93438				2
2025.11.26	01:58:28.494	0.93437				2
2025.11.26	01:58:29.428		0.93448			4
2025.11.26	01:58:30.616	0.93438	0.93449			6
2025.11.26	01:58:31.648	0.93437				2
2025.11.26	01:58:32.691		0.93448			4
2025.11.26	01:58:33.616		0.93449			4
2025.11.26	01:58:39.976		0.93447			4
2025.11.26	01:58:43.402		0.93449			4
2025.11.26	01:58:48.487		0.93448			4
2025.11.26	01:58:50.726	0.93438	0.93449			6
2025.11.26	01:58:55.262	0.93437				2
2025.11.26	01:58:59.991	0.93435	0.93447			6
2025.11.26	01:59:00.362	0.93435	0.93446			6
2025.11.26	01:59:00.676		0.93447			4
2025.11.26	01:59:00.978	0.93438	0.93450			6
2025.11.26	01:59:02.043	0.93437				2
2025.11.26	01:59:02.449	0.93436	0.93448			6
2025.11.26	01:59:02.849	0.93437				2
2025.11.26	01:59:03.184	0.93435	0.93446			6
2025.11.26	01:59:05.812		0.93445			4
2025.11.26	01:59:07.886	0.93434	0.93446			6
2025.11.26	01:59:16.816	0.93435				2
2025.11.26	01:59:17.534		0.93445			4
2025.11.26	01:59:18.260		0.93446			4
2025.11.26	01:59:22.455	0.93434				2
2025.11.26	01:59:24.094	0.93435	0.93445			6
2025.11.26	01:59:24.455	0.93434				2
2025.11.26	01:59:25.354	0.93435	0.93446			6
2025.11.26	01:59:25.716	0.93433	0.93444			6
2025.11.26	01:59:32.402	0.93432				2
2025.11.26	01:59:34.434	0.93433	0.93445			6
2025.11.26	01:59:40.736		0.93444			4
2025.11.26	01:59:42.773	0.93434				2
2025.11.26	01:59:43.812	0.93432				2
2025.11.26	01:59:46.255	0.93433				2
2025.11.26	01:59:49.377		0.93445			4
2025.11.26	01:59:50.374	0.93434				2
2025.11.26	01:59:51.565	0.93433				2
2025.11.26	01:59:55.789	0.93432				2
2025.11.26	01:59:56.113	0.93433				2
2025.11.26	02:00:00.340	0.93433				2
2025.11.26	02:00:01.139	0.93432				2
2025.11.26	02:00:01.470	0.93433	0.93446			6
2025.11.26	02:00:02.740	0.93432				2
2025.11.26	02:00:03.117	0.93433				2
2025.11.26	02:00:05.400	0.93434	0.93447			6
2025.11.26	02:00:05.897	0.93435				2
2025.11.26	02:00:06.501	0.93434				2
2025.11.26	02:00:06.833		0.93446			4
2025.11.26	02:00:07.488		0.93445			4
2025.11.26	02:00:08.475		0.93446			4
2025.11.26	02:00:09.499	0.93435				2
2025.11.26	02:00:09.802	0.93436	0.93448			6
2025.11.26	02:00:10.752	0.93437	0.93449			6
2025.11.26	02:00:11.059	0.93436				2
2025.11.26	02:00:11.682	0.93437				2
2025.11.26	02:00:12.016	0.93436				2
2025.11.26	02:00:12.360	0.93437				2
2025.11.26	02:00:13.073		0.93448			4
2025.11.26	02:00:13.382	0.93436				2
2025.11.26	02:00:14.325	0.93437	0.93449			6
2025.11.26	02:00:16.379	0.93436				2
2025.11.26	02:00:17.408	0.93437				2
2025.11.26	02:00:18.452	0.93436	0.93448			6
2025.11.26	02:00:18.774		0.93449			4
2025.11.26	02:00:19.540		0.93445			4
2025.11.26	02:00:20.676	0.93435				2
2025.11.26	02:00:21.546	0.93436				2
2025.11.26	02:00:22.135	0.93435	0.93447			6
2025.11.26	02:00:23.184	0.93434				2
2025.11.26	02:00:24.529		0.93446			4
2025.11.26	02:00:24.837	0.93433				2
2025.11.26	02:00:25.943	0.93436	0.93448			6
2025.11.26	02:00:26.795	0.93435				2
2025.11.26	02:00:27.210	0.93436				2
2025.11.26	02:00:33.262	0.93435				2
2025.11.26	02:00:33.594	0.93436				2
2025.11.26	02:00:34.608	0.93437				2
2025.11.26	02:00:35.529	0.93436				2
2025.11.26	02:00:36.019	0.93437				2
2025.11.26	02:00:39.548	0.93436				2
2025.11.26	02:00:40.583	0.93435	0.93446			6
2025.11.26	02:00:41.575	0.93436	0.93447			6
2025.11.26	02:00:46.161		0.93446			4
2025.11.26	02:00:46.473		0.93448			4
2025.11.26	02:00:46.780	0.93435				2
2025.11.26	02:00:48.344		0.93446			4
2025.11.26	02:00:49.301	0.93436	0.93447			6
2025.11.26	02:00:49.619		0.93446			4
2025.11.26	02:00:52.446	0.93435				2
2025.11.26	02:00:55.492	0.93436	0.93445			6
2025.11.26	02:00:56.436	0.93433	0.93444			6
2025.11.26	02:00:57.944	0.93432	0.93443			6
2025.11.26	02:01:00.451	0.93433				2
2025.11.26	02:01:01.045		0.93445			4
2025.11.26	02:01:02.865	0.93432	0.93444			6
2025.11.26	02:01:03.184	0.93435	0.93446			6
2025.11.26	02:01:04.183	0.93434	0.93447			6
2025.11.26	02:01:04.490		0.93446			4
2025.11.26	02:01:05.164		0.93444			4
2025.11.26	02:01:07.052	0.93435				2
2025.11.26	02:01:07.895	0.93434				2
2025.11.26	02:01:09.469	0.93433	0.93443			6
2025.11.26	02:01:10.662	0.93432	0.93441			6
2025.11.26	02:01:10.984	0.93431				2
2025.11.26	02:01:12.323	0.93430				2
2025.11.26	02:01:13.590	0.93433	0.93442			6
2025.11.26	02:01:13.906	0.93432				2
2025.11.26	02:01:14.220	0.93431				2
2025.11.26	02:01:14.834	0.93434	0.93443			6
2025.11.26	02:01:15.384		0.93444			4
2025.11.26	02:01:16.521	0.93435				2
2025.11.26	02:01:22.131	0.93434				2
2025.11.26	02:01:25.850	0.93435				2
2025.11.26	02:01:26.152	0.93434				2
2025.11.26	02:01:29.346	0.93435				2
2025.11.26	02:01:29.734	0.93437	0.93447			6
2025.11.26	02:01:32.009	0.93436	0.93446			6
2025.11.26	02:01:34.750	0.93434	0.93445			6
2025.11.26	02:01:35.942	0.93436				2
2025.11.26	02:01:37.173	0.93437	0.93447			6
2025.11.26	02:01:43.856	0.93438				2
2025.11.26	02:01:45.308	0.93436	0.93445			6
2025.11.26	02:01:47.130	0.93437	0.93446			6
2025.11.26	02:01:49.235	0.93440	0.93451			6
2025.11.26	02:01:49.539	0.93441				2
2025.11.26	02:01:50.357		0.93450			4
2025.11.26	02:01:52.343	0.93440				2
2025.11.26	02:01:53.689	0.93438	0.93449			6
2025.11.26	02:01:55.449	0.93439				2
2025.11.26	02:01:56.349	0.93438	0.93447			6
2025.11.26	02:01:58.659	0.93439				2
2025.11.26	02:02:00.252	0.93437	0.93446			6
2025.11.26	02:02:00.684	0.93438				2
2025.11.26	02:02:01.151		0.93447			4
2025.11.26	02:02:07.597	0.93439				2
2025.11.26	02:02:08.674	0.93438				2
2025.11.26	02:02:12.751	0.93437	0.93446			6
2025.11.26	02:02:15.986	0.93438	0.93447			6
2025.11.26	02:02:20.941	0.93437				2
2025.11.26	02:02:23.559	0.93438				2
2025.11.26	02:02:24.868	0.93440	0.93449			6
2025.11.26	02:02:26.915	0.93438				2
2025.11.26	02:02:27.221	0.93439				2
2025.11.26	02:02:28.021	0.93440	0.93450			6
2025.11.26	02:02:30.717	0.93441	0.93451			6
2025.11.26	02:02:35.698	0.93442				2
2025.11.26	02:02:39.707	0.93440	0.93450			6
2025.11.26	02:02:40.328		0.93451			4
2025.11.26	02:02:40.703	0.93441				2
2025.11.26	02:02:43.391	0.93440				2
2025.11.26	02:02:44.302	0.93441				2
2025.11.26	02:02:44.962	0.93440	0.93450			6
2025.11.26	02:02:51.746	0.93439	0.93448			6
2025.11.26	02:02:56.387	0.93438				2
2025.11.26	02:02:59.958	0.93439	0.93449			6
2025.11.26	02:03:00.430	0.93439				2
2025.11.26	02:03:01.523	0.93440	0.93450			6
2025.11.26	02:03:05.413	0.93439				2
2025.11.26	02:03:05.721	0.93440	0.93449			6
2025.11.26	02:03:10.809	0.93441				2
2025.11.26	02:03:11.358		0.93450			4
2025.11.26	02:03:11.969	0.93440	0.93451			6
2025.11.26	02:03:12.691	0.93441				2
2025.11.26	02:03:15.018		0.93450			4
2025.11.26	02:03:17.394	0.93440	0.93449			6
2025.11.26	02:03:20.980	0.93439				2
2025.11.26	02:03:22.524	0.93440				2
2025.11.26	02:03:22.828	0.93439				2
2025.11.26	02:03:23.852		0.93448			4
2025.11.26	02:03:26.501	0.93440	0.93449			6
2025.11.26	02:03:27.186		0.93450			4
2025.11.26	02:03:27.958	0.93441				2
2025.11.26	02:03:29.277		0.93449			4
2025.11.26	02:03:33.046	0.93440				2
2025.11.26	02:03:35.341	0.93441				2
2025.11.26	02:03:35.705	0.93440				2
2025.11.26	02:03:38.763	0.93441	0.93450			6
2025.11.26	02:03:41.557	0.93440				2
2025.11.26	02:03:44.934	0.93441				2
2025.11.26	02:03:45.764	0.93440				2
2025.11.26	02:03:46.628	0.93441				2
2025.11.26	02:03:53.746	0.93440				2
2025.11.26	02:03:55.241	0.93434	0.93444			6
2025.11.26	02:03:55.548	0.93435				2
2025.11.26	02:03:57.800	0.93436	0.93445			6
2025.11.26	02:03:58.119	0.93435				2
2025.11.26	02:03:59.425	0.93434				2
2025.11.26	02:04:00.316	0.93434				2
2025.11.26	02:04:03.853		0.93444			4
2025.11.26	02:04:04.241	0.93435				2
2025.11.26	02:04:05.808	0.93434	0.93443			6
2025.11.26	02:04:07.062	0.93435				2
2025.11.26	02:04:08.219	0.93441	0.93451			6
2025.11.26	02:04:09.459	0.93439	0.93450			6
2025.11.26	02:04:10.292	0.93440				2
2025.11.26	02:04:12.801	0.93441	0.93449			6
2025.11.26	02:04:13.134	0.93440				2
2025.11.26	02:04:17.584		0.93450			4
2025.11.26	02:04:17.921	0.93438	0.93448			6
2025.11.26	02:04:18.969	0.93439	0.93449			6
2025.11.26	02:04:19.806	0.93438				2
2025.11.26	02:04:20.143	0.93439				2
2025.11.26	02:04:21.045	0.93438				2
2025.11.26	02:04:21.859		0.93448			4
2025.11.26	02:04:22.842	0.93439	0.93449			6
2025.11.26	02:04:24.180	0.93438				2
2025.11.26	02:04:24.621	0.93439				2
2025.11.26	02:04:25.150	0.93438				2
2025.11.26	02:04:26.427	0.93439				2
2025.11.26	02:04:44.561	0.93440	0.93450			6
2025.11.26	02:04:46.010	0.93439				2
2025.11.26	02:04:50.051	0.93436	0.93447			6
2025.11.26	02:04:55.404	0.93437				2
2025.11.26	02:04:55.734	0.93436				2
2025.11.26	02:05:00.304	0.93436				2
2025.11.26	02:05:00.737		0.93446			4
2025.11.26	02:05:07.481	0.93437				2
2025.11.26	02:05:10.544	0.93434	0.93444			6
2025.11.26	02:05:14.690	0.93436	0.93447			6
2025.11.26	02:05:15.812	0.93437				2
2025.11.26	02:05:19.038	0.93439				2
2025.11.26	02:05:20.212		0.93449			4
2025.11.26	02:05:20.970	0.93438	0.93448			6
2025.11.26	02:05:22.608	0.93439				2
2025.11.26	02:05:23.564	0.93437	0.93447			6
2025.11.26	02:05:26.099	0.93438				2
2025.11.26	02:05:28.495	0.93436	0.93446			6
2025.11.26	02:05:29.919		0.93445			4
2025.11.26	02:05:31.039	0.93437				2
2025.11.26	02:05:31.420	0.93436	0.93443			6
2025.11.26	02:05:31.724	0.93434				2
2025.11.26	02:05:33.592	0.93435				2
2025.11.26	02:05:36.162	0.93434				2
2025.11.26	02:05:41.500	0.93433	0.93442			6
2025.11.26	02:05:45.971	0.93432				2
2025.11.26	02:05:46.623	0.93433				2
2025.11.26	02:05:47.425		0.93443			4
2025.11.26	02:05:52.168	0.93432				2
2025.11.26	02:05:54.233	0.93433				2
2025.11.26	02:05:54.649	0.93432				2
2025.11.26	02:05:56.007	0.93433				2
2025.11.26	02:05:57.128	0.93432				2
2025.11.26	02:06:00.137	0.93433				2
2025.11.26	02:06:02.056	0.93434				2
2025.11.26	02:06:02.458	0.93433				2
2025.11.26	02:06:04.028	0.93434	0.93444			6
2025.11.26	02:06:12.253	0.93433				2
2025.11.26	02:06:12.613	0.93434				2
2025.11.26	02:06:14.600	0.93433	0.93443			6
2025.11.26	02:06:16.217	0.93434				2
2025.11.26	02:06:22.764	0.93433				2
2025.11.26	02:06:23.716	0.93434	0.93444			6
2025.11.26	02:06:27.892	0.93433	0.93443			6
2025.11.26	02:06:30.094	0.93432	0.93442			6
2025.11.26	02:06:33.021		0.93443			4
2025.11.26	02:06:33.739	0.93433				2
2025.11.26	02:06:36.485	0.93432	0.93442			6
2025.11.26	02:06:38.749		0.93444			4
2025.11.26	02:06:39.062	0.93434				2
2025.11.26	02:06:40.266	0.93435	0.93447			6
2025.11.26	02:06:45.205	0.93434				2
2025.11.26	02:06:47.610	0.93435				2
2025.11.26	02:06:52.384	0.93436				2
2025.11.26	02:06:55.145	0.93435				2
2025.11.26	02:06:57.309	0.93434	0.93446			6
2025.11.26	02:06:58.034	0.93435				2
2025.11.26	02:06:58.366	0.93434				2
2025.11.26	02:06:58.956	0.93433				2
2025.11.26	02:06:59.909	0.93434	0.93447			6
2025.11.26	02:07:00.458	0.93435				2
2025.11.26	02:07:00.899		0.93446			4
2025.11.26	02:07:02.018	0.93436				2
2025.11.26	02:07:02.368	0.93435				2
2025.11.26	02:07:04.109		0.93447			4
2025.11.26	02:07:14.580		0.93446			4
2025.11.26	02:07:15.570	0.93434				2
2025.11.26	02:07:19.631	0.93435				2
2025.11.26	02:07:30.519		0.93447			4
2025.11.26	02:07:30.823	0.93436				2
2025.11.26	02:07:32.609	0.93437				2
2025.11.26	02:07:36.349	0.93436				2
2025.11.26	02:07:38.100	0.93434	0.93445			6
2025.11.26	02:07:38.409	0.93433				2
2025.11.26	02:07:40.121	0.93434				2
2025.11.26	02:07:42.731		0.93447			4
2025.11.26	02:07:45.785	0.93435	0.93446			6
2025.11.26	02:07:49.203	0.93434				2
2025.11.26	02:07:50.683	0.93433	0.93444			6
2025.11.26	02:07:52.299	0.93432	0.93443			6
2025.11.26	02:07:55.537	0.93433	0.93445			6
2025.11.26	02:07:56.609	0.93434				2
2025.11.26	02:08:00.740	0.93434				2
2025.11.26	02:08:02.632	0.93433	0.93444			6
2025.11.26	02:08:03.013		0.93443			4
2025.11.26	02:08:06.735		0.93444			4
2025.11.26	02:08:07.039	0.93434				2
2025.11.26	02:08:07.577	0.93433	0.93443			6
2025.11.26	02:08:08.708		0.93444			4
2025.11.26	02:08:09.503	0.93434				2
2025.11.26	02:08:09.981	0.93433				2
2025.11.26	02:08:11.664	0.93434				2
2025.11.26	02:08:12.383	0.93433				2
2025.11.26	02:08:13.799	0.93434				2
2025.11.26	02:08:14.512	0.93435	0.93446			6
2025.11.26	02:08:16.167	0.93434				2
2025.11.26	02:08:17.790	0.93437	0.93448			6
2025.11.26	02:08:18.139		0.93449			4
2025.11.26	02:08:20.608		0.93448			4
2025.11.26	02:08:20.919	0.93438				2
2025.11.26	02:08:34.265	0.93437				2
2025.11.26	02:08:35.339	0.93438				2
2025.11.26	02:08:37.953	0.93437				2
2025.11.26	02:08:47.452		0.93449			4
2025.11.26	02:08:54.991	0.93438				2
2025.11.26	02:08:58.493	0.93437				2
2025.11.26	02:09:02.469	0.93437				2
2025.11.26	02:09:14.187	0.93438				2
2025.11.26	02:09:16.054	0.93437				2
2025.11.26	02:09:16.358	0.93438	0.93450			6
2025.11.26	02:09:17.265	0.93443	0.93454			6
2025.11.26	02:09:19.042	0.93444	0.93455			6
2025.11.26	02:09:25.484	0.93443				2
2025.11.26	02:09:33.787	0.93444				2
2025.11.26	02:09:38.343	0.93445				2
2025.11.26	02:09:38.839	0.93443				2
2025.11.26	02:09:39.375	0.93444				2
2025.11.26	02:09:39.813		0.93453			4
2025.11.26	02:09:41.832		0.93455			4
2025.11.26	02:09:45.438	0.93443				2
2025.11.26	02:09:46.691	0.93444				2
2025.11.26	02:09:47.279	0.93443				2
2025.11.26	02:09:56.838	0.93444				2
2025.11.26	02:09:57.148	0.93442	0.93452			6
2025.11.26	02:09:58.185	0.93439	0.93451			6
2025.11.26	02:10:00.325	0.93439				2
2025.11.26	02:10:00.913		0.93449			4
2025.11.26	02:10:01.774	0.93438				2
2025.11.26	02:10:03.348	0.93439				2
2025.11.26	02:10:03.976	0.93440	0.93451			6
2025.11.26	02:10:04.358	0.93439				2
2025.11.26	02:10:05.104	0.93440				2
2025.11.26	02:10:06.227	0.93441				2
2025.11.26	02:10:06.966	0.93440				2
2025.11.26	02:10:09.636	0.93441	0.93452			6
2025.11.26	02:10:10.269	0.93440				2
2025.11.26	02:10:10.734	0.93441				2
2025.11.26	02:10:11.314	0.93440				2
2025.11.26	02:10:11.734	0.93441				2
2025.11.26	02:10:18.396	0.93440				2
2025.11.26	02:10:20.588	0.93441				2
2025.11.26	02:10:22.314	0.93440				2
2025.11.26	02:10:25.577	0.93441				2
2025.11.26	02:10:25.880	0.93442	0.93453			6
2025.11.26	02:10:29.294	0.93441				2
2025.11.26	02:10:30.517	0.93442				2
2025.11.26	02:10:38.248	0.93443	0.93454			6
2025.11.26	02:10:40.996	0.93442	0.93453			6
2025.11.26	02:10:42.143	0.93443				2
2025.11.26	02:10:44.519	0.93442				2
2025.11.26	02:10:44.878	0.93443				2
2025.11.26	02:10:46.870	0.93441				2
2025.11.26	02:10:47.890		0.93452			4
2025.11.26	02:10:49.530	0.93442				2
2025.11.26	02:10:50.429	0.93441				2
2025.11.26	02:10:54.264	0.93439	0.93449			6
2025.11.26	02:10:54.589	0.93440				2
2025.11.26	02:10:55.648	0.93439				2
2025.11.26	02:11:00.482	0.93439				2
2025.11.26	02:11:00.802	0.93438				2
2025.11.26	02:11:03.538	0.93437	0.93447			6
2025.11.26	02:11:05.234	0.93439	0.93449			6
2025.11.26	02:11:06.304	0.93438				2
2025.11.26	02:11:10.250	0.93440	0.93450			6
2025.11.26	02:11:13.023		0.93451			4
2025.11.26	02:11:17.716	0.93439				2
2025.11.26	02:11:19.990		0.93450			4
2025.11.26	02:11:23.169	0.93438	0.93449			6
2025.11.26	02:11:24.408	0.93439	0.93450			6
2025.11.26	02:11:35.364	0.93440				2
2025.11.26	02:11:42.037	0.93439				2
2025.11.26	02:11:42.341	0.93438	0.93449			6
2025.11.26	02:11:43.304	0.93439				2
2025.11.26	02:11:51.560	0.93441	0.93451			6
2025.11.26	02:11:52.697	0.93439	0.93450			6
2025.11.26	02:11:55.804		0.93451			4
2025.11.26	02:11:57.384	0.93440				2
2025.11.26	02:12:00.443	0.93440				2
2025.11.26	02:12:30.590		0.93450			4
2025.11.26	02:12:38.221		0.93451			4
2025.11.26	02:12:41.597	0.93441				2
2025.11.26	02:12:46.376	0.93440				2
2025.11.26	02:12:51.030	0.93441				2
2025.11.26	02:12:58.683	0.93442	0.93453			6
2025.11.26	02:12:59.483	0.93441				2
2025.11.26	02:13:02.239	0.93441				2
2025.11.26	02:13:11.166	0.93442				2
2025.11.26	02:13:22.823	0.93441				2
2025.11.26	02:13:24.916	0.93442				2
2025.11.26	02:13:34.017	0.93443	0.93454			6
2025.11.26	02:13:46.549		0.93455			4
2025.11.26	02:13:47.243	0.93442				2
2025.11.26	02:13:47.563		0.93453			4
2025.11.26	02:13:55.590		0.93452			4
2025.11.26	02:13:56.575	0.93441				2
2025.11.26	02:14:00.362	0.93441				2
2025.11.26	02:14:04.017	0.93442				2
2025.11.26	02:14:04.745	0.93441				2
2025.11.26	02:14:05.060	0.93442				2
2025.11.26	02:14:09.817	0.93441				2
2025.11.26	02:14:10.929	0.93442				2
2025.11.26	02:14:19.075	0.93443	0.93454			6
2025.11.26	02:14:19.412	0.93442	0.93453			6
2025.11.26	02:14:19.982		0.93454			4
2025.11.26	02:14:23.911	0.93441	0.93453			6
2025.11.26	02:14:24.314	0.93442				2
2025.11.26	02:14:35.076		0.93452			4
2025.11.26	02:14:40.344	0.93441				2
2025.11.26	02:14:41.997	0.93442				2
2025.11.26	02:14:43.451		0.93453			4
2025.11.26	02:14:52.742	0.93441				2
2025.11.26	02:15:00.305	0.93441	0.93451			6
2025.11.26	02:15:01.441	0.93440	0.93450			6
2025.11.26	02:15:01.760	0.93439	0.93447			6
2025.11.26	02:15:02.753		0.93448			4
2025.11.26	02:15:03.055		0.93449			4
2025.11.26	02:15:03.403	0.93440	0.93448			6
2025.11.26	02:15:03.967	0.93439				2
2025.11.26	02:15:05.664	0.93440				2
2025.11.26	02:15:06.833		0.93449			4
2025.11.26	02:15:07.784		0.93448			4
2025.11.26	02:15:08.777	0.93441	0.93449			6
2025.11.26	02:15:09.583	0.93440				2
2025.11.26	02:15:11.331		0.93450			4
2025.11.26	02:15:11.764	0.93441				2
2025.11.26	02:15:13.946	0.93442				2
2025.11.26	02:15:14.797	0.93441				2
2025.11.26	02:15:21.181		0.93451			4
2025.11.26	02:15:22.837	0.93440	0.93450			6
2025.11.26	02:15:23.972	0.93441				2
2025.11.26	02:15:24.322		0.93451			4
2025.11.26	02:15:28.856		0.93450			4
2025.11.26	02:15:29.196		0.93451			4
2025.11.26	02:15:29.501	0.93440	0.93449			6
2025.11.26	02:15:31.617		0.93450			4
2025.11.26	02:15:36.300	0.93441				2
2025.11.26	02:15:37.432	0.93440				2
2025.11.26	02:15:39.390		0.93452			4
2025.11.26	02:15:39.838	0.93441				2
2025.11.26	02:15:40.985	0.93440				2
2025.11.26	02:15:41.705		0.93450			4
2025.11.26	02:15:42.167	0.93439				2
2025.11.26	02:15:45.006	0.93440				2
2025.11.26	02:15:49.714	0.93441				2
2025.11.26	02:15:52.581		0.93451			4
2025.11.26	02:15:54.347		0.93452			4
2025.11.26	02:15:55.005	0.93440	0.93451			6
2025.11.26	02:15:56.579	0.93442	0.93453			6
2025.11.26	02:16:00.150	0.93442				2
2025.11.26	02:16:01.293		0.93454			4
2025.11.26	02:16:01.765	0.93443				2
2025.11.26	02:16:06.875		0.93455			4
2025.11.26	02:16:12.311	0.93444				2
2025.11.26	02:16:12.780		0.93456			4
2025.11.26	02:16:14.905	0.93443				2
2025.11.26	02:16:15.420	0.93444				2
2025.11.26	02:16:15.777		0.93457			4
2025.11.26	02:16:16.096	0.93445				2
2025.11.26	02:16:17.813	0.93444	0.93454			6
2025.11.26	02:16:19.367	0.93443				2
2025.11.26	02:16:21.085	0.93442	0.93452			6
2025.11.26	02:16:24.683	0.93443				2
2025.11.26	02:16:27.613	0.93442				2
2025.11.26	02:16:30.028	0.93443				2
2025.11.26	02:16:31.543	0.93444	0.93453			6
2025.11.26	02:16:34.815	0.93445	0.93456			6
2025.11.26	02:16:35.121	0.93447	0.93455			6
2025.11.26	02:16:35.453	0.93446				2
2025.11.26	02:16:35.881	0.93448	0.93457			6
2025.11.26	02:16:36.184	0.93447				2
2025.11.26	02:16:37.559	0.93448	0.93458			6
2025.11.26	02:16:39.018	0.93447	0.93457			6
2025.11.26	02:16:39.341	0.93448				2
2025.11.26	02:16:40.316	0.93447	0.93456			6
2025.11.26	02:16:42.171	0.93448	0.93457			6
2025.11.26	02:16:46.713	0.93449	0.93458			6
2025.11.26	02:16:48.836	0.93447	0.93457			6
2025.11.26	02:16:50.384	0.93445	0.93453			6
2025.11.26	02:16:52.397	0.93446				2
2025.11.26	02:16:54.318	0.93447	0.93456			6
2025.11.26	02:16:55.070	0.93446				2
2025.11.26	02:17:00.349	0.93446	0.93454			6
2025.11.26	02:17:02.959	0.93445				2
2025.11.26	02:17:07.025	0.93446				2
2025.11.26	02:17:13.691	0.93447				2
2025.11.26	02:17:14.346	0.93446				2
2025.11.26	02:17:15.422	0.93445				2
2025.11.26	02:17:18.594	0.93446				2
2025.11.26	02:17:18.978	0.93445				2
2025.11.26	02:17:22.503	0.93446				2
2025.11.26	02:17:26.805		0.93455			4
2025.11.26	02:17:27.780	0.93447	0.93456			6
2025.11.26	02:17:33.511		0.93455			4
2025.11.26	02:17:37.147		0.93456			4
2025.11.26	02:17:41.833	0.93448				2
2025.11.26	02:17:46.949	0.93449	0.93458			6
2025.11.26	02:17:48.659	0.93448				2
2025.11.26	02:18:00.309	0.93448				2
2025.11.26	02:18:03.862	0.93449				2
2025.11.26	02:18:04.240	0.93448				2
2025.11.26	02:18:10.992	0.93449				2
2025.11.26	02:18:11.642	0.93448				2
2025.11.26	02:18:13.169	0.93449				2
2025.11.26	02:18:15.018	0.93447				2
2025.11.26	02:18:15.381	0.93448				2
2025.11.26	02:18:20.400	0.93447				2
2025.11.26	02:18:20.704	0.93448				2
2025.11.26	02:18:26.105	0.93447				2
2025.11.26	02:18:27.272	0.93448				2
2025.11.26	02:18:45.263	0.93447				2
2025.11.26	02:18:47.193		0.93458			4
2025.11.26	02:18:47.940	0.93449				2
2025.11.26	02:18:50.145	0.93448				2
2025.11.26	02:18:50.661	0.93449	0.93459			6
2025.11.26	02:18:58.275	0.93448	0.93458			6
2025.11.26	02:19:00.205	0.93450	0.93459			6
2025.11.26	02:19:04.062	0.93449				2
2025.11.26	02:19:05.848	0.93450				2
2025.11.26	02:19:06.204	0.93449				2
2025.11.26	02:19:10.234	0.93450	0.93461			6
2025.11.26	02:19:16.980		0.93462			4
2025.11.26	02:19:23.900		0.93461			4
2025.11.26	02:19:32.710	0.93449				2
2025.11.26	02:19:36.840		0.93458			4
2025.11.26	02:19:40.381	0.93446	0.93455			6
2025.11.26	02:19:42.783	0.93447	0.93456			6
2025.11.26	02:19:43.170	0.93446	0.93455			6
2025.11.26	02:19:46.462	0.93447	0.93456			6
2025.11.26	02:19:52.261	0.93446	0.93455			6
2025.11.26	02:19:55.050	0.93447				2
2025.11.26	02:19:55.398	0.93446				2
2025.11.26	02:20:00.313	0.93446	0.93457			6
2025.11.26	02:20:01.564	0.93447				2
2025.11.26	02:20:04.123	0.93438	0.93450			6
2025.11.26	02:20:04.759		0.93451			4
2025.11.26	02:20:15.377	0.93437				2
2025.11.26	02:20:16.862		0.93449			4
2025.11.26	02:20:21.526	0.93436	0.93448			6
2025.11.26	02:20:22.531	0.93437	0.93449			6
2025.11.26	02:20:27.586	0.93436	0.93448			6
2025.11.26	02:20:27.899	0.93437				2
2025.11.26	02:20:28.406		0.93447			4
2025.11.26	02:20:29.072	0.93436				2
2025.11.26	02:20:35.719	0.93437				2
2025.11.26	02:20:50.269		0.93448			4
2025.11.26	02:20:51.507	0.93436				2
2025.11.26	02:20:52.205	0.93437				2
2025.11.26	02:20:58.962	0.93436	0.93447			6
2025.11.26	02:21:00.042	0.93435				2
2025.11.26	02:21:01.183	0.93436				2
2025.11.26	02:21:03.084	0.93435				2
2025.11.26	02:21:04.333	0.93436				2
2025.11.26	02:21:04.740	0.93435				2
2025.11.26	02:21:05.498	0.93436				2
2025.11.26	02:21:09.616	0.93437				2
2025.11.26	02:21:10.011	0.93438	0.93450			6
2025.11.26	02:21:11.592	0.93437	0.93448			6
2025.11.26	02:21:13.014	0.93438				2
2025.11.26	02:21:15.660	0.93437				2
2025.11.26	02:21:16.097		0.93447			4
2025.11.26	02:21:16.433	0.93436				2
2025.11.26	02:21:21.734	0.93435				2
2025.11.26	02:21:22.086		0.93446			4
2025.11.26	02:21:22.436	0.93436	0.93447			6
2025.11.26	02:21:27.351	0.93435				2
2025.11.26	02:21:27.982	0.93434				2
2025.11.26	02:21:28.331	0.93435				2
2025.11.26	02:21:33.665	0.93434				2
2025.11.26	02:21:34.083	0.93433	0.93446			6
2025.11.26	02:21:39.844	0.93434				2
2025.11.26	02:21:44.266	0.93436	0.93447			6
2025.11.26	02:21:48.657	0.93435				2
2025.11.26	02:21:49.436	0.93436				2
2025.11.26	02:21:50.173	0.93437				2
2025.11.26	02:21:51.140	0.93436				2
2025.11.26	02:22:00.670	0.93436				2
2025.11.26	02:22:07.520	0.93435				2
2025.11.26	02:22:15.388	0.93434				2
2025.11.26	02:22:20.431		0.93446			4
2025.11.26	02:22:26.873	0.93435				2
2025.11.26	02:22:30.425	0.93434				2
2025.11.26	02:22:35.979	0.93435				2
2025.11.26	02:22:38.040	0.93433	0.93444			6
2025.11.26	02:22:39.150	0.93432				2
2025.11.26	02:22:41.030	0.93433				2
2025.11.26	02:22:42.308	0.93432				2
2025.11.26	02:22:50.460	0.93434	0.93446			6
2025.11.26	02:22:52.191	0.93435				2
2025.11.26	02:23:00.025	0.93435				2
2025.11.26	02:23:00.690	0.93436				2
2025.11.26	02:23:20.852		0.93447			4
2025.11.26	02:23:23.394		0.93446			4
2025.11.26	02:23:26.229		0.93447			4
2025.11.26	02:23:28.319	0.93437				2
2025.11.26	02:23:30.195	0.93436				2
2025.11.26	02:23:30.549		0.93446			4
2025.11.26	02:23:33.921	0.93435	0.93444			6
2025.11.26	02:23:34.226	0.93434				2
2025.11.26	02:23:35.331	0.93436	0.93445			6
2025.11.26	02:23:35.721	0.93435				2
2025.11.26	02:23:37.237		0.93444			4
2025.11.26	02:23:37.947		0.93445			4
2025.11.26	02:23:47.739	0.93433	0.93443			6
2025.11.26	02:23:48.102	0.93434				2
2025.11.26	02:23:49.861	0.93435				2
2025.11.26	02:23:52.881	0.93436				2
2025.11.26	02:23:54.617	0.93437	0.93446			6
2025.11.26	02:23:55.019	0.93436				2
2025.11.26	02:23:55.798	0.93437				2
2025.11.26	02:24:00.492	0.93436				2
2025.11.26	02:24:06.248	0.93435				2
2025.11.26	02:24:11.361	0.93437	0.93447			6
2025.11.26	02:24:11.757	0.93438				2
2025.11.26	02:24:12.399	0.93437				2
2025.11.26	02:24:15.851	0.93438				2
2025.11.26	02:24:20.648	0.93439				2
2025.11.26	02:24:20.968	0.93438				2
2025.11.26	02:24:21.899	0.93439				2
2025.11.26	02:24:27.158	0.93438				2
2025.11.26	02:24:28.145	0.93439				2
2025.11.26	02:24:28.571	0.93438				2
2025.11.26	02:24:31.456	0.93439				2
2025.11.26	02:24:38.962		0.93448			4
2025.11.26	02:24:49.259	0.93437	0.93447			6
2025.11.26	02:24:51.237	0.93436				2
2025.11.26	02:24:51.541	0.93437				2
2025.11.26	02:24:52.986		0.93446			4
2025.11.26	02:24:59.248		0.93447			4
2025.11.26	02:24:59.727	0.93436				2
2025.11.26	02:25:00.506	0.93438				2
2025.11.26	02:25:03.653	0.93437				2
2025.11.26	02:25:05.060	0.93439	0.93449			6
2025.11.26	02:25:10.344	0.93438				2
2025.11.26	02:25:11.334	0.93439				2
2025.11.26	02:25:14.465	0.93438				2
2025.11.26	02:25:26.413		0.93447			4
2025.11.26	02:25:26.718		0.93448			4
2025.11.26	02:25:27.730	0.93437				2
2025.11.26	02:25:29.545	0.93438				2
2025.11.26	02:25:42.892	0.93437				2
2025.11.26	02:25:45.802	0.93438				2
2025.11.26	02:25:56.429		0.93449			4
2025.11.26	02:26:00.422	0.93438				2
2025.11.26	02:26:02.571	0.93437				2
2025.11.26	02:26:04.278	0.93438				2
2025.11.26	02:26:12.011	0.93437	0.93448			6
2025.11.26	02:26:12.779		0.93447			4
2025.11.26	02:26:18.304	0.93436				2
2025.11.26	02:26:20.029		0.93446			4
2025.11.26	02:26:21.743	0.93435				2
2025.11.26	02:26:22.065	0.93436	0.93447			6
2025.11.26	02:26:22.417	0.93435				2
2025.11.26	02:26:22.754		0.93446			4
2025.11.26	02:26:23.830		0.93447			4
2025.11.26	02:26:26.767		0.93446			4
2025.11.26	02:26:27.452	0.93437	0.93447			6
2025.11.26	02:26:28.398		0.93448			4
2025.11.26	02:26:28.945		0.93447			4
2025.11.26	02:26:31.370	0.93438	0.93449			6
2025.11.26	02:26:31.688	0.93437	0.93448			6
2025.11.26	02:26:32.283	0.93435	0.93445			6
2025.11.26	02:26:35.331		0.93446			4
2025.11.26	02:26:42.402	0.93436				2
2025.11.26	02:26:45.229	0.93435				2
2025.11.26	02:26:50.094	0.93436				2
2025.11.26	02:26:52.797	0.93435				2
2025.11.26	02:26:53.099	0.93436				2
2025.11.26	02:26:54.832	0.93435				2
2025.11.26	02:27:00.589	0.93435	0.93445			6
2025.11.26	02:27:03.670		0.93446			4
2025.11.26	02:27:04.925		0.93445			4
2025.11.26	02:27:08.360		0.93446			4
2025.11.26	02:27:09.398		0.93445			4
2025.11.26	02:27:09.891	0.93434				2
2025.11.26	02:27:10.248	0.93435				2
2025.11.26	02:27:13.921		0.93446			4
2025.11.26	02:27:14.777	0.93438	0.93447			6
2025.11.26	02:27:15.088	0.93436	0.93449			6
2025.11.26	02:27:15.479		0.93448			4
2025.11.26	02:27:16.300		0.93449			4
2025.11.26	02:27:18.770	0.93435	0.93447			6
2025.11.26	02:27:22.445		0.93446			4
2025.11.26	02:27:23.372		0.93447			4
2025.11.26	02:27:24.168	0.93436				2
2025.11.26	02:27:24.722	0.93435				2
2025.11.26	02:27:25.134		0.93446			4
2025.11.26	02:27:25.534		0.93447			4
2025.11.26	02:27:26.154	0.93434	0.93445			6
2025.11.26	02:27:30.788	0.93436	0.93447			6
2025.11.26	02:27:31.496		0.93446			4
2025.11.26	02:27:32.356		0.93447			4
2025.11.26	02:27:32.913	0.93434	0.93445			6
2025.11.26	02:27:33.872	0.93435	0.93446			6
2025.11.26	02:27:38.731	0.93436				2
2025.11.26	02:27:44.379	0.93437				2
2025.11.26	02:27:44.700		0.93447			4
2025.11.26	02:27:53.772	0.93436				2
2025.11.26	02:27:57.249		0.93446			4
2025.11.26	02:28:00.421	0.93436				2
2025.11.26	02:28:02.762		0.93444			4
2025.11.26	02:28:06.387		0.93445			4
2025.11.26	02:28:07.453	0.93438	0.93447			6
2025.11.26	02:28:13.153		0.93446			4
2025.11.26	02:28:17.147	0.93437				2
2025.11.26	02:28:25.172	0.93438	0.93445			6
2025.11.26	02:28:27.255		0.93447			4
2025.11.26	02:28:30.438	0.93437				2
2025.11.26	02:28:34.662	0.93438				2
2025.11.26	02:28:37.370	0.93437				2
2025.11.26	02:28:37.684	0.93438				2
2025.11.26	02:28:42.295	0.93437				2
2025.11.26	02:28:42.673	0.93438	0.93448			6
2025.11.26	02:28:47.791	0.93437	0.93447			6
2025.11.26	02:28:48.530		0.93446			4
2025.11.26	02:29:00.049	0.93437				2
2025.11.26	02:29:01.453	0.93438	0.93449			6
2025.11.26	02:29:03.288	0.93433	0.93442			6
2025.11.26	02:29:03.612	0.93432				2
2025.11.26	02:29:04.359	0.93433	0.93443			6
2025.11.26	02:29:04.754		0.93444			4
2025.11.26	02:29:05.158	0.93434	0.93443			6
2025.11.26	02:29:05.989	0.93433	0.93444			6
2025.11.26	02:29:06.442	0.93434	0.93443			6
2025.11.26	02:29:06.743		0.93444			4
2025.11.26	02:29:07.222	0.93433	0.93443			6
2025.11.26	02:29:07.573	0.93435	0.93446			6
2025.11.26	02:29:07.923	0.93434	0.93447			6
2025.11.26	02:29:10.129		0.93445			4
2025.11.26	02:29:12.885	0.93435				2
2025.11.26	02:29:13.637	0.93433	0.93444			6
2025.11.26	02:29:16.014	0.93434	0.93445			6
2025.11.26	02:29:21.627	0.93432	0.93443			6
2025.11.26	02:29:26.314	0.93433	0.93444			6
2025.11.26	02:29:26.623	0.93434				2
2025.11.26	02:29:27.273		0.93443			4
2025.11.26	02:29:28.022	0.93433				2
2025.11.26	02:29:28.727		0.93444			4
2025.11.26	02:29:29.193		0.93443			4
2025.11.26	02:29:29.852	0.93432				2
2025.11.26	02:29:34.753	0.93433				2
2025.11.26	02:29:35.617	0.93432	0.93442			6
2025.11.26	02:29:36.373	0.93435	0.93443			6
2025.11.26	02:29:40.527	0.93434	0.93445			6
2025.11.26	02:29:40.849	0.93433	0.93443			6
2025.11.26	02:29:42.825		0.93442			4
2025.11.26	02:29:43.140		0.93443			4
2025.11.26	02:29:43.443		0.93444			4
2025.11.26	02:29:45.165	0.93432	0.93443			6
2025.11.26	02:29:45.553	0.93434	0.93444			6
2025.11.26	02:29:45.862	0.93435				2
2025.11.26	02:29:48.621		0.93445			4
2025.11.26	02:29:49.371	0.93434				2
2025.11.26	02:29:51.592	0.93433	0.93444			6
2025.11.26	02:29:52.048	0.93432	0.93442			6
2025.11.26	02:29:54.314	0.93434	0.93445			6
2025.11.26	02:29:56.327	0.93433	0.93444			6
2025.11.26	02:29:56.673	0.93434	0.93445			6
2025.11.26	02:29:58.092	0.93433	0.93444			6
2025.11.26	02:29:58.615	0.93434	0.93445			6
2025.11.26	02:30:00.381	0.93432	0.93443			6
2025.11.26	02:30:00.734	0.93435	0.93438			6
2025.11.26	02:30:01.042	0.93432	0.93441			6
2025.11.26	02:30:01.363	0.93433				2
2025.11.26	02:30:01.680	0.93432				2
2025.11.26	02:30:02.037	0.93431	0.93440			6
2025.11.26	02:30:02.366		0.93442			4
2025.11.26	02:30:02.690		0.93441			4
2025.11.26	02:30:02.999		0.93442			4
2025.11.26	02:30:03.394	0.93430	0.93441			6
2025.11.26	02:30:03.773	0.93431				2
2025.11.26	02:30:04.904	0.93428	0.93438			6
2025.11.26	02:30:06.426	0.93427				2
2025.11.26	02:30:06.771	0.93428				2
2025.11.26	02:30:07.447	0.93427				2
2025.11.26	02:30:07.760	0.93428	0.93437			6
2025.11.26	02:30:08.281		0.93438			4
2025.11.26	02:30:09.395	0.93427				2
2025.11.26	02:30:11.431	0.93428				2
2025.11.26	02:30:11.784	0.93427				2
2025.11.26	02:30:12.138	0.93425	0.93435			6
2025.11.26	02:30:13.117	0.93424				2
2025.11.26	02:30:14.063	0.93425				2
2025.11.26	02:30:15.130	0.93424				2
2025.11.26	02:30:16.480	0.93425	0.93436			6
2025.11.26	02:30:17.112	0.93426	0.93435			6
2025.11.26	02:30:20.200	0.93424	0.93433			6
2025.11.26	02:30:20.832	0.93423	0.93432			6
2025.11.26	02:30:21.816		0.93431			4
2025.11.26	02:30:22.178	0.93424	0.93433			6
2025.11.26	02:30:22.491		0.93434			4
2025.11.26	02:30:23.737		0.93433			4
2025.11.26	02:30:24.244		0.93434			4
2025.11.26	02:30:25.154		0.93435			4
2025.11.26	02:30:26.064		0.93434			4
2025.11.26	02:30:26.549		0.93435			4
2025.11.26	02:30:27.139	0.93425				2
2025.11.26	02:30:27.464	0.93424				2
2025.11.26	02:30:27.783	0.93425				2
2025.11.26	02:30:28.360		0.93436			4
2025.11.26	02:30:29.020	0.93424	0.93435			6
2025.11.26	02:30:30.120	0.93425				2
2025.11.26	02:30:30.433	0.93424				2
2025.11.26	02:30:30.739	0.93425				2
2025.11.26	02:30:31.115	0.93424	0.93434			6
2025.11.26	02:30:31.427	0.93425	0.93433			6
2025.11.26	02:30:32.491		0.93436			4
2025.11.26	02:30:33.664	0.93424				2
2025.11.26	02:30:33.974	0.93423	0.93435			6
2025.11.26	02:30:34.278	0.93424				2
2025.11.26	02:30:35.331	0.93422	0.93433			6
2025.11.26	02:30:35.634	0.93423	0.93435			6
2025.11.26	02:30:35.935	0.93422	0.93433			6
2025.11.26	02:30:36.560	0.93423				2
2025.11.26	02:30:37.447	0.93422				2
2025.11.26	02:30:38.905		0.93431			4
2025.11.26	02:30:40.091		0.93432			4
2025.11.26	02:30:41.148		0.93431			4
2025.11.26	02:30:41.518	0.93421				2
2025.11.26	02:30:43.387	0.93420	0.93432			6
2025.11.26	02:30:44.760	0.93421	0.93430			6
2025.11.26	02:30:45.069		0.93429			4
2025.11.26	02:30:45.443	0.93420	0.93430			6
2025.11.26	02:30:46.514	0.93422				2
2025.11.26	02:30:47.632		0.93431			4
2025.11.26	02:30:48.267		0.93432			4
2025.11.26	02:30:49.706	0.93423				2
2025.11.26	02:30:52.345	0.93424				2
2025.11.26	02:30:53.365	0.93423				2
2025.11.26	02:30:54.409	0.93424	0.93433			6
2025.11.26	02:30:55.244	0.93423				2
2025.11.26	02:30:55.725		0.93432			4
2025.11.26	02:30:58.435	0.93424				2
2025.11.26	02:30:58.932	0.93422	0.93433			6
2025.11.26	02:30:59.741	0.93425	0.93431			6
2025.11.26	02:31:00.047	0.93424	0.93433			6
2025.11.26	02:31:00.353	0.93425				2
2025.11.26	02:31:01.425	0.93424	0.93432			6
2025.11.26	02:31:03.407	0.93426	0.93434			6
2025.11.26	02:31:04.350	0.93427	0.93436			6
2025.11.26	02:31:04.754		0.93435			4
2025.11.26	02:31:05.761	0.93426				2
2025.11.26	02:31:06.080		0.93434			4
2025.11.26	02:31:06.930	0.93427	0.93435			6
2025.11.26	02:31:09.086		0.93434			4
2025.11.26	02:31:09.849	0.93426	0.93433			6
2025.11.26	02:31:10.160	0.93425	0.93432			6
2025.11.26	02:31:10.513	0.93424				2
2025.11.26	02:31:10.997	0.93426	0.93434			6
2025.11.26	02:31:11.300	0.93427				2
2025.11.26	02:31:12.122	0.93425	0.93433			6
2025.11.26	02:31:12.443		0.93432			4
2025.11.26	02:31:12.777	0.93422	0.93429			6
2025.11.26	02:31:13.079		0.93430			4
2025.11.26	02:31:14.036	0.93423				2
2025.11.26	02:31:14.827	0.93422				2
2025.11.26	02:31:16.089	0.93421	0.93429			6
2025.11.26	02:31:16.401		0.93430			4
2025.11.26	02:31:16.744	0.93419	0.93429			6
2025.11.26	02:31:17.073	0.93420	0.93428			6
2025.11.26	02:31:17.868	0.93422	0.93430			6
2025.11.26	02:31:18.183	0.93423	0.93431			6
2025.11.26	02:31:19.516		0.93430			4
2025.11.26	02:31:22.268	0.93422				2
2025.11.26	02:31:23.408	0.93423	0.93432			6
2025.11.26	02:31:23.720	0.93424				2
2025.11.26	02:31:24.124	0.93425				2
2025.11.26	02:31:24.596	0.93423	0.93431			6
2025.11.26	02:31:25.616		0.93430			4
2025.11.26	02:31:26.076	0.93421				2
2025.11.26	02:31:26.385	0.93422	0.93429			6
2025.11.26	02:31:27.731	0.93421	0.93428			6
2025.11.26	02:31:28.433		0.93429			4
2025.11.26	02:31:29.225	0.93422				2
2025.11.26	02:31:30.150	0.93421				2
2025.11.26	02:31:30.712	0.93422	0.93431			6
2025.11.26	02:31:31.328	0.93421	0.93429			6
2025.11.26	02:31:33.811		0.93428			4
2025.11.26	02:31:34.617		0.93429			4
2025.11.26	02:31:38.022	0.93422	0.93430			6
2025.11.26	02:31:39.373	0.93424	0.93433			6
2025.11.26	02:31:39.738	0.93423	0.93432			6
2025.11.26	02:31:40.404	0.93424				2
2025.11.26	02:31:41.931	0.93423	0.93431			6
2025.11.26	02:31:42.979	0.93422				2
2025.11.26	02:31:43.564	0.93423				2
2025.11.26	02:31:44.705	0.93421				2
2025.11.26	02:31:45.021	0.93423				2
2025.11.26	02:31:46.900	0.93421				2
2025.11.26	02:31:47.738	0.93423	0.93430			6
2025.11.26	02:31:49.020	0.93422	0.93431			6
2025.11.26	02:31:49.960	0.93423				2
2025.11.26	02:31:50.684	0.93422	0.93430			6
2025.11.26	02:31:51.223		0.93431			4
2025.11.26	02:31:52.084		0.93432			4
2025.11.26	02:31:52.404	0.93424	0.93431			6
2025.11.26	02:31:54.316	0.93423				2
2025.11.26	02:31:59.268		0.93430			4
2025.11.26	02:31:59.969	0.93424	0.93432			6
2025.11.26	02:32:01.123	0.93424				2
2025.11.26	02:32:01.791		0.93431			4
2025.11.26	02:32:02.224		0.93433			4
2025.11.26	02:32:03.226	0.93425	0.93432			6
2025.11.26	02:32:03.899	0.93424	0.93433			6
2025.11.26	02:32:04.212	0.93425	0.93432			6
2025.11.26	02:32:04.549	0.93424				2
2025.11.26	02:32:06.074	0.93425				2
2025.11.26	02:32:06.377	0.93424				2
2025.11.26	02:32:09.593	0.93426	0.93433			6
2025.11.26	02:32:10.392	0.93425				2
2025.11.26	02:32:11.273	0.93426	0.93434			6
2025.11.26	02:32:11.599	0.93425	0.93433			6
2025.11.26	02:32:12.141	0.93426				2
2025.11.26	02:32:12.723	0.93425				2
2025.11.26	02:32:13.383	0.93426	0.93434			6
2025.11.26	02:32:16.462		0.93433			4
2025.11.26	02:32:17.384	0.93427	0.93434			6
2025.11.26	02:32:19.136	0.93425				2
2025.11.26	02:32:22.419	0.93426	0.93433			6
2025.11.26	02:32:22.784		0.93434			4
2025.11.26	02:32:24.444	0.93427				2
2025.11.26	02:32:31.615	0.93426				2
2025.11.26	02:32:32.982	0.93427				2
2025.11.26	02:32:33.449	0.93425				2
2025.11.26	02:32:35.186	0.93433	0.93441			6
2025.11.26	02:32:36.656	0.93434	0.93443			6
2025.11.26	02:32:37.779	0.93432	0.93442			6
2025.11.26	02:32:38.819		0.93441			4
2025.11.26	02:32:39.145	0.93431				2
2025.11.26	02:32:39.599	0.93433				2
2025.11.26	02:32:40.421	0.93432				2
2025.11.26	02:32:40.762	0.93434				2
2025.11.26	02:32:43.142	0.93432	0.93440			6
2025.11.26	02:32:44.344	0.93431	0.93438			6
2025.11.26	02:32:45.379	0.93432				2
2025.11.26	02:32:45.882	0.93434	0.93441			6
2025.11.26	02:32:46.196	0.93435	0.93442			6
2025.11.26	02:32:48.724	0.93434				2
2025.11.26	02:32:49.038	0.93432	0.93441			6
2025.11.26	02:32:51.010	0.93433				2
2025.11.26	02:32:52.024	0.93435	0.93443			6
2025.11.26	02:32:56.546	0.93433	0.93441			6
2025.11.26	02:32:57.172	0.93432				2
2025.11.26	02:32:57.481		0.93440			4
2025.11.26	02:32:59.363		0.93439			4
2025.11.26	02:33:00.425	0.93430	0.93440			6
2025.11.26	02:33:01.287	0.93431				2
2025.11.26	02:33:01.745	0.93432				2
2025.11.26	02:33:02.783	0.93433				2
2025.11.26	02:33:03.117	0.93434	0.93441			6
2025.11.26	02:33:03.645	0.93432	0.93440			6
2025.11.26	02:33:04.340	0.93434	0.93441			6
2025.11.26	02:33:05.449	0.93432	0.93440			6
2025.11.26	02:33:06.723	0.93431				2
2025.11.26	02:33:07.097	0.93429	0.93437			6
2025.11.26	02:33:08.466	0.93430				2
2025.11.26	02:33:10.353	0.93431				2
2025.11.26	02:33:11.636	0.93430	0.93438			6
2025.11.26	02:33:11.983	0.93432	0.93439			6
2025.11.26	02:33:14.944	0.93431	0.93438			6
2025.11.26	02:33:15.252	0.93432	0.93440			6
2025.11.26	02:33:15.563		0.93439			4
2025.11.26	02:33:18.878	0.93431				2
2025.11.26	02:33:28.078	0.93432				2
2025.11.26	02:33:28.924		0.93440			4
2025.11.26	02:33:29.261	0.93433				2
2025.11.26	02:33:31.009	0.93434				2
2025.11.26	02:33:31.502	0.93432				2
2025.11.26	02:33:32.351	0.93433				2
2025.11.26	02:33:33.816	0.93432				2
2025.11.26	02:33:34.127	0.93433				2
2025.11.26	02:33:34.492	0.93434	0.93441			6
2025.11.26	02:33:36.196	0.93432	0.93440			6
2025.11.26	02:33:36.609	0.93433				2
2025.11.26	02:33:37.680	0.93432				2
2025.11.26	02:33:38.020	0.93431				2
2025.11.26	02:33:38.344	0.93433				2
2025.11.26	02:33:38.747		0.93441			4
2025.11.26	02:33:39.050	0.93435				2
2025.11.26	02:33:41.965	0.93433				2
2025.11.26	02:33:42.277	0.93434				2
2025.11.26	02:33:42.963	0.93435				2
2025.11.26	02:33:43.632	0.93433				2
2025.11.26	02:33:43.955	0.93434				2
2025.11.26	02:33:44.519	0.93432	0.93442			6
2025.11.26	02:33:44.833	0.93433	0.93443			6
2025.11.26	02:33:46.898	0.93434				2
2025.11.26	02:33:48.302	0.93435	0.93442			6
2025.11.26	02:33:48.632	0.93436	0.93443			6
