<DATE>	<TIME>	<BID>	<ASK>	<LAST>	<VOLUME>	<FLAGS>
2025.08.20	00:03:30.562	0.93980	0.94205			6
2025.08.20	00:04:01.190	0.93980				2
2025.08.20	00:04:37.547		0.94205			4
2025.08.20	00:05:00.681	0.93983	0.94161			6
2025.08.20	00:06:00.382	0.93983				2
2025.08.20	00:06:00.856		0.94161			4
2025.08.20	00:07:00.363	0.93983				2
2025.08.20	00:07:01.188		0.94161			4
2025.08.20	00:08:01.083	0.93983				2
2025.08.20	00:08:07.103		0.94161			4
2025.08.20	00:09:00.459	0.93983				2
2025.08.20	00:09:08.364		0.94161			4
2025.08.20	00:10:00.336	0.93983	0.94149			6
2025.08.20	00:10:00.812		0.94150			4
2025.08.20	00:10:11.608	0.93996	0.94111			6
2025.08.20	00:10:21.451	0.93997				2
2025.08.20	00:10:23.428	0.93986	0.94089			6
2025.08.20	00:10:28.549	0.93987	0.94096			6
2025.08.20	00:10:38.335		0.94095			4
2025.08.20	00:10:46.488	0.93981				2
2025.08.20	00:11:02.551	0.93981				2
2025.08.20	00:11:06.021	0.93983	0.94136			6
2025.08.20	00:11:12.585	0.93981	0.94095			6
2025.08.20	00:11:13.546	0.93983	0.94136			6
2025.08.20	00:11:20.111	0.93989	0.94095			6
2025.08.20	00:11:21.102	0.93983	0.94137			6
2025.08.20	00:11:23.262		0.94138			4
2025.08.20	00:11:27.677	0.93988	0.94094			6
2025.08.20	00:11:28.699	0.93983	0.94138			6
2025.08.20	00:11:35.043	0.93988	0.94094			6
2025.08.20	00:11:36.002	0.93983	0.94135			6
2025.08.20	00:11:38.040		0.94144			4
2025.08.20	00:11:38.834		0.94142			4
2025.08.20	00:11:40.033		0.94140			4
2025.08.20	00:12:00.164	0.93983				2
2025.08.20	00:12:05.056		0.94142			4
2025.08.20	00:12:06.423		0.94143			4
2025.08.20	00:12:08.241		0.94141			4
2025.08.20	00:12:19.359		0.94142			4
2025.08.20	00:12:20.859		0.94141			4
2025.08.20	00:12:23.260		0.94142			4
2025.08.20	00:12:33.078		0.94139			4
2025.08.20	00:12:56.830		0.94140			4
2025.08.20	00:13:02.261	0.93983				2
2025.08.20	00:13:07.361		0.94141			4
2025.08.20	00:13:31.060		0.94142			4
2025.08.20	00:13:48.766		0.94143			4
2025.08.20	00:14:00.163	0.93983				2
2025.08.20	00:14:16.060		0.94144			4
2025.08.20	00:14:28.152		0.94142			4
2025.08.20	00:14:30.220		0.94144			4
2025.08.20	00:14:30.995		0.94145			4
2025.08.20	00:14:51.517		0.94144			4
2025.08.20	00:14:51.902		0.94145			4
2025.08.20	00:15:00.307	0.93983	0.94161			6
2025.08.20	00:15:01.858		0.94155			4
2025.08.20	00:15:02.834		0.94157			4
2025.08.20	00:15:06.920		0.94156			4
2025.08.20	00:15:20.157		0.94155			4
2025.08.20	00:15:20.859	0.93991				2
2025.08.20	00:15:25.661	0.93992				2
2025.08.20	00:15:26.740	0.93991				2
2025.08.20	00:15:30.785	0.93992	0.94157			6
2025.08.20	00:15:31.959		0.94155			4
2025.08.20	00:15:32.267		0.94160			4
2025.08.20	00:15:33.756		0.94155			4
2025.08.20	00:15:34.884	0.93994	0.94158			6
2025.08.20	00:15:35.833	0.93992	0.94159			6
2025.08.20	00:15:37.633		0.94160			4
2025.08.20	00:15:38.730	0.93993	0.94155			6
2025.08.20	00:15:41.259	0.93992	0.94154			6
2025.08.20	00:15:44.179	0.93997	0.94161			6
2025.08.20	00:15:45.834	0.93999				2
2025.08.20	00:15:47.267	0.94001				2
2025.08.20	00:15:53.628	0.93996				2
2025.08.20	00:15:54.774	0.93997				2
2025.08.20	00:15:56.870	0.93996				2
2025.08.20	00:15:57.613	0.93997				2
2025.08.20	00:16:00.388	0.93995				2
2025.08.20	00:16:02.035	0.93994				2
2025.08.20	00:16:07.024	0.93993				2
2025.08.20	00:16:07.326	0.93995				2
2025.08.20	00:16:09.123	0.93999				2
2025.08.20	00:16:10.631	0.94000				2
2025.08.20	00:16:12.057	0.94001				2
2025.08.20	00:16:14.260	0.94000				2
2025.08.20	00:16:17.049	0.94001				2
2025.08.20	00:16:19.936	0.94002				2
2025.08.20	00:16:21.739	0.94003				2
2025.08.20	00:16:22.048	0.94004				2
2025.08.20	00:16:31.004	0.94005				2
2025.08.20	00:16:37.404	0.94011				2
2025.08.20	00:16:37.859		0.94154			4
2025.08.20	00:16:38.833	0.94013				2
2025.08.20	00:16:47.413	0.94014				2
2025.08.20	00:16:52.961	0.94016				2
2025.08.20	00:16:53.741	0.94018				2
2025.08.20	00:17:00.128	0.94019				2
2025.08.20	00:17:00.783	0.94018				2
2025.08.20	00:17:08.138	0.94022				2
2025.08.20	00:17:23.349	0.94023				2
2025.08.20	00:17:26.560	0.94022				2
2025.08.20	00:17:30.284	0.94024				2
2025.08.20	00:17:37.307	0.94027				2
2025.08.20	00:17:37.944	0.94032	0.94154			6
2025.08.20	00:17:38.563	0.94029				2
2025.08.20	00:17:45.176	0.94030				2
2025.08.20	00:18:00.289	0.94037	0.94144			6
2025.08.20	00:18:00.605	0.94041				2
2025.08.20	00:18:14.834	0.94040				2
2025.08.20	00:18:15.592	0.94045				2
2025.08.20	00:18:16.032	0.94044				2
2025.08.20	00:18:16.845	0.94048				2
2025.08.20	00:18:17.584	0.94046				2
2025.08.20	00:18:18.083	0.94048				2
2025.08.20	00:18:18.587	0.94046				2
2025.08.20	00:18:19.085	0.94048				2
2025.08.20	00:18:19.583	0.94046				2
2025.08.20	00:18:19.924	0.94048				2
2025.08.20	00:18:20.588	0.94046				2
2025.08.20	00:18:21.083	0.94048				2
2025.08.20	00:18:21.584	0.94046				2
2025.08.20	00:18:22.083	0.94048				2
2025.08.20	00:18:22.587	0.94046				2
2025.08.20	00:18:23.090	0.94048				2
2025.08.20	00:18:24.160	0.94049				2
2025.08.20	00:18:28.881	0.94047				2
2025.08.20	00:18:30.287	0.94042				2
2025.08.20	00:18:31.835	0.94040				2
2025.08.20	00:18:35.151	0.94029	0.94154			6
2025.08.20	00:18:36.654	0.94026				2
2025.08.20	00:18:37.029	0.94027				2
2025.08.20	00:18:38.560	0.94026				2
2025.08.20	00:18:50.184	0.94024				2
2025.08.20	00:18:51.848	0.93996	0.94153			6
2025.08.20	00:18:56.134	0.93985	0.94161			6
2025.08.20	00:19:00.370	0.93985				2
2025.08.20	00:19:30.150	0.93983				2
2025.08.20	00:19:56.226		0.94161			4
2025.08.20	00:20:00.319	0.93983				2
2025.08.20	00:20:56.663	0.93980	0.94161			6
2025.08.20	00:21:00.817	0.93980				2
2025.08.20	00:21:57.296		0.94161			4
2025.08.20	00:22:00.732	0.93980				2
2025.08.20	00:23:01.066	0.93980	0.94161			6
2025.08.20	00:24:00.053	0.93980				2
2025.08.20	00:24:01.564		0.94161			4
2025.08.20	00:24:28.410		0.94160			4
2025.08.20	00:24:31.101		0.94159			4
2025.08.20	00:24:37.239		0.94158			4
2025.08.20	00:24:47.264		0.94157			4
2025.08.20	00:24:48.564		0.94161			4
2025.08.20	00:24:49.840		0.94160			4
2025.08.20	00:24:53.117		0.94159			4
2025.08.20	00:24:54.985		0.94155			4
2025.08.20	00:24:55.835		0.94156			4
2025.08.20	00:24:57.834		0.94155			4
2025.08.20	00:24:58.850		0.94157			4
2025.08.20	00:25:00.158	0.93980				2
2025.08.20	00:25:02.872		0.94156			4
2025.08.20	00:25:04.435		0.94155			4
2025.08.20	00:25:05.203		0.94154			4
2025.08.20	00:25:14.564		0.94156			4
2025.08.20	00:25:22.300		0.94158			4
2025.08.20	00:25:27.163		0.94157			4
2025.08.20	00:25:29.112		0.94155			4
2025.08.20	00:25:30.367		0.94156			4
2025.08.20	00:25:32.575		0.94155			4
2025.08.20	00:25:37.060		0.94156			4
2025.08.20	00:25:46.671		0.94159			4
2025.08.20	00:25:54.705		0.94160			4
2025.08.20	00:25:55.809		0.94161			4
2025.08.20	00:26:02.202	0.93980				2
2025.08.20	00:26:58.061		0.94161			4
2025.08.20	00:27:01.361	0.93980				2
2025.08.20	00:27:58.068		0.94161			4
2025.08.20	00:28:00.312	0.93980				2
2025.08.20	00:28:58.380		0.94161			4
2025.08.20	00:29:00.171	0.93980	0.94163			6
2025.08.20	00:29:01.170		0.94162			4
2025.08.20	00:29:02.562		0.94161			4
2025.08.20	00:29:06.160		0.94160			4
2025.08.20	00:29:10.038		0.94161			4
2025.08.20	00:29:15.182		0.94162			4
2025.08.20	00:29:18.767		0.94164			4
2025.08.20	00:29:21.833		0.94165			4
2025.08.20	00:29:27.628		0.94164			4
2025.08.20	00:29:28.833		0.94162			4
2025.08.20	00:29:30.203		0.94161			4
2025.08.20	00:29:38.261		0.94160			4
2025.08.20	00:29:44.963		0.94159			4
2025.08.20	00:29:51.110		0.94160			4
2025.08.20	00:30:00.201	0.93980	0.94158			6
2025.08.20	00:30:00.522		0.94157			4
2025.08.20	00:30:01.467		0.94153			4
2025.08.20	00:30:01.770		0.94158			4
2025.08.20	00:30:03.424		0.94159			4
2025.08.20	00:30:03.837		0.94154			4
2025.08.20	00:30:05.219		0.94155			4
2025.08.20	00:30:05.852		0.94159			4
2025.08.20	00:30:09.119		0.94158			4
2025.08.20	00:30:10.134		0.94154			4
2025.08.20	00:30:12.019	0.93965	0.94151			6
2025.08.20	00:30:12.492		0.94149			4
2025.08.20	00:30:13.258		0.94147			4
2025.08.20	00:30:15.764	0.93980				2
2025.08.20	00:30:18.693		0.94146			4
2025.08.20	00:30:23.140		0.94145			4
2025.08.20	00:30:26.820		0.94144			4
2025.08.20	00:30:27.764		0.94145			4
2025.08.20	00:30:29.826		0.94146			4
2025.08.20	00:30:35.538		0.94145			4
2025.08.20	00:30:35.859		0.94146			4
2025.08.20	00:30:36.602		0.94145			4
2025.08.20	00:30:41.482		0.94146			4
2025.08.20	00:30:42.405		0.94147			4
2025.08.20	00:30:43.300		0.94146			4
2025.08.20	00:30:53.226		0.94145			4
2025.08.20	00:30:55.834		0.94146			4
2025.08.20	00:30:58.665		0.94145			4
2025.08.20	00:31:00.018	0.93980				2
2025.08.20	00:31:01.421		0.94144			4
2025.08.20	00:31:02.833		0.94145			4
2025.08.20	00:31:06.421		0.94146			4
2025.08.20	00:31:06.755		0.94144			4
2025.08.20	00:31:11.143		0.94143			4
2025.08.20	00:31:12.545		0.94144			4
2025.08.20	00:31:12.945		0.94143			4
2025.08.20	00:31:14.261		0.94144			4
2025.08.20	00:31:16.834		0.94145			4
2025.08.20	00:31:18.871		0.94144			4
2025.08.20	00:31:20.776		0.94145			4
2025.08.20	00:31:22.681		0.94143			4
2025.08.20	00:31:23.733		0.94146			4
2025.08.20	00:31:27.126		0.94145			4
2025.08.20	00:31:30.624		0.94144			4
2025.08.20	00:31:34.941		0.94145			4
2025.08.20	00:31:35.482		0.94144			4
2025.08.20	00:31:36.108		0.94143			4
2025.08.20	00:31:36.541		0.94141			4
2025.08.20	00:31:40.837		0.94144			4
2025.08.20	00:31:42.493		0.94143			4
2025.08.20	00:31:43.179		0.94142			4
2025.08.20	00:31:54.727		0.94141			4
2025.08.20	00:31:56.325		0.94142			4
2025.08.20	00:31:58.381		0.94141			4
2025.08.20	00:31:59.442		0.94142			4
2025.08.20	00:32:00.522	0.93980				2
2025.08.20	00:32:01.638		0.94141			4
2025.08.20	00:32:12.625		0.94140			4
2025.08.20	00:32:17.247		0.94139			4
2025.08.20	00:32:27.238		0.94137			4
2025.08.20	00:32:28.353		0.94140			4
2025.08.20	00:32:28.838		0.94139			4
2025.08.20	00:32:32.859		0.94140			4
2025.08.20	00:32:36.114		0.94137			4
2025.08.20	00:32:36.703		0.94138			4
2025.08.20	00:32:38.130		0.94137			4
2025.08.20	00:32:44.096		0.94136			4
2025.08.20	00:32:50.826		0.94138			4
2025.08.20	00:32:51.133		0.94137			4
2025.08.20	00:33:00.381	0.93980				2
2025.08.20	00:33:04.458		0.94136			4
2025.08.20	00:33:06.481		0.94135			4
2025.08.20	00:33:08.000		0.94136			4
2025.08.20	00:33:08.308		0.94137			4
2025.08.20	00:33:08.860		0.94136			4
2025.08.20	00:33:12.497		0.94133			4
2025.08.20	00:33:13.645		0.94132			4
2025.08.20	00:33:18.227		0.94131			4
2025.08.20	00:33:19.263		0.94132			4
2025.08.20	00:33:21.121		0.94131			4
2025.08.20	00:33:22.644		0.94130			4
2025.08.20	00:33:25.182		0.94128			4
2025.08.20	00:33:25.484		0.94129			4
2025.08.20	00:33:28.527		0.94127			4
2025.08.20	00:33:28.840		0.94128			4
2025.08.20	00:33:30.324		0.94127			4
2025.08.20	00:33:32.425		0.94125			4
2025.08.20	00:33:33.114		0.94126			4
2025.08.20	00:33:33.598		0.94127			4
2025.08.20	00:33:34.253		0.94126			4
2025.08.20	00:33:35.890		0.94129			4
2025.08.20	00:33:38.357		0.94130			4
2025.08.20	00:33:39.929		0.94129			4
2025.08.20	00:33:43.067		0.94130			4
2025.08.20	00:33:57.557		0.94129			4
2025.08.20	00:34:00.051	0.93980				2
2025.08.20	00:34:05.113		0.94128			4
2025.08.20	00:34:07.520		0.94129			4
2025.08.20	00:34:08.352		0.94128			4
2025.08.20	00:34:12.492		0.94130			4
2025.08.20	00:34:17.512		0.94128			4
2025.08.20	00:34:32.595		0.94126			4
2025.08.20	00:34:34.335		0.94125			4
2025.08.20	00:34:36.117		0.94128			4
2025.08.20	00:34:40.059		0.94127			4
2025.08.20	00:34:49.367		0.94126			4
2025.08.20	00:34:49.999		0.94127			4
2025.08.20	00:34:57.493		0.94129			4
2025.08.20	00:35:02.359	0.93980				2
2025.08.20	00:35:03.359		0.94130			4
2025.08.20	00:35:05.623		0.94129			4
2025.08.20	00:35:17.549		0.94130			4
2025.08.20	00:35:18.464	0.93967	0.94127			6
2025.08.20	00:35:18.836	0.93975				2
2025.08.20	00:35:19.653	0.93980	0.94122			6
2025.08.20	00:35:24.070		0.94125			4
2025.08.20	00:35:24.579		0.94124			4
2025.08.20	00:35:26.823		0.94125			4
2025.08.20	00:35:29.839	0.93968				2
2025.08.20	00:35:35.328	0.93980	0.94126			6
2025.08.20	00:35:45.524	0.93981	0.94127			6
2025.08.20	00:35:45.843	0.93980	0.94130			6
2025.08.20	00:35:49.066		0.94129			4
2025.08.20	00:35:51.162		0.94128			4
2025.08.20	00:35:51.624		0.94130			4
2025.08.20	00:35:56.578		0.94129			4
2025.08.20	00:36:00.465	0.93980				2
2025.08.20	00:36:00.826		0.94127			4
2025.08.20	00:36:03.989		0.94126			4
2025.08.20	00:36:11.914		0.94125			4
2025.08.20	00:36:12.671		0.94126			4
2025.08.20	00:36:13.835		0.94125			4
2025.08.20	00:36:16.063		0.94124			4
2025.08.20	00:36:19.463		0.94123			4
2025.08.20	00:36:22.074		0.94124			4
2025.08.20	00:36:23.117		0.94126			4
2025.08.20	00:36:23.903		0.94125			4
2025.08.20	00:36:25.965		0.94126			4
2025.08.20	00:36:33.131		0.94127			4
2025.08.20	00:36:33.888		0.94125			4
2025.08.20	00:36:36.415		0.94126			4
2025.08.20	00:36:37.600	0.93981				2
2025.08.20	00:36:39.461		0.94125			4
2025.08.20	00:36:50.357	0.93982				2
2025.08.20	00:36:57.025		0.94124			4
2025.08.20	00:36:57.949		0.94126			4
2025.08.20	00:36:58.783		0.94125			4
2025.08.20	00:36:59.862		0.94126			4
2025.08.20	00:37:00.426	0.93986	0.94127			6
2025.08.20	00:37:00.732		0.94126			4
2025.08.20	00:37:03.107	0.93990	0.94127			6
2025.08.20	00:37:03.443		0.94128			4
2025.08.20	00:37:08.276		0.94127			4
2025.08.20	00:37:19.435		0.94128			4
2025.08.20	00:37:26.899		0.94129			4
2025.08.20	00:37:29.260		0.94128			4
2025.08.20	00:37:29.872		0.94127			4
2025.08.20	00:37:31.001		0.94126			4
2025.08.20	00:37:32.926		0.94127			4
2025.08.20	00:37:35.821		0.94126			4
2025.08.20	00:37:38.188		0.94127			4
2025.08.20	00:37:40.750		0.94126			4
2025.08.20	00:37:44.481	0.93984	0.94125			6
2025.08.20	00:37:49.430		0.94127			4
2025.08.20	00:37:51.184		0.94126			4
2025.08.20	00:37:53.141		0.94125			4
2025.08.20	00:37:54.768		0.94126			4
2025.08.20	00:38:00.145	0.93984	0.94125			6
2025.08.20	00:38:07.664		0.94124			4
2025.08.20	00:38:08.104	0.93981	0.94122			6
2025.08.20	00:38:08.943	0.93982	0.94123			6
2025.08.20	00:38:09.268	0.93987	0.94124			6
2025.08.20	00:38:25.824		0.94123			4
2025.08.20	00:38:26.948	0.93980	0.94121			6
2025.08.20	00:38:27.309	0.93989	0.94122			6
2025.08.20	00:38:31.012		0.94123			4
2025.08.20	00:38:36.256		0.94125			4
2025.08.20	00:38:36.740		0.94124			4
2025.08.20	00:38:51.716		0.94125			4
2025.08.20	00:38:52.082	0.93992				2
2025.08.20	00:38:59.118		0.94126			4
2025.08.20	00:39:00.369	0.93992				2
2025.08.20	00:39:03.764		0.94125			4
2025.08.20	00:39:08.358	0.93985	0.94124			6
2025.08.20	00:39:08.858	0.93989	0.94125			6
2025.08.20	00:39:11.716		0.94124			4
2025.08.20	00:39:12.355		0.94125			4
2025.08.20	00:39:20.560		0.94126			4
2025.08.20	00:39:20.897		0.94125			4
2025.08.20	00:39:21.835		0.94126			4
2025.08.20	00:39:25.854		0.94127			4
2025.08.20	00:39:27.149		0.94126			4
2025.08.20	00:39:31.462		0.94125			4
2025.08.20	00:39:33.388		0.94124			4
2025.08.20	00:39:36.367		0.94125			4
2025.08.20	00:39:36.999		0.94124			4
2025.08.20	00:39:39.837	0.93988	0.94123			6
2025.08.20	00:39:43.967		0.94124			4
2025.08.20	00:39:45.462		0.94123			4
2025.08.20	00:39:48.975		0.94122			4
2025.08.20	00:39:49.328		0.94121			4
2025.08.20	00:39:51.852	0.93984				2
2025.08.20	00:39:52.884		0.94120			4
2025.08.20	00:39:53.833		0.94121			4
2025.08.20	00:39:54.201		0.94120			4
2025.08.20	00:40:00.854	0.93984				2
2025.08.20	00:40:05.663		0.94123			4
2025.08.20	00:40:08.895		0.94122			4
2025.08.20	00:40:17.421	0.93980	0.94120			6
2025.08.20	00:40:18.460		0.94121			4
2025.08.20	00:40:26.627		0.94120			4
2025.08.20	00:40:30.160		0.94121			4
2025.08.20	00:40:31.541	0.93987	0.94123			6
2025.08.20	00:40:32.896		0.94122			4
2025.08.20	00:40:37.115		0.94121			4
2025.08.20	00:40:43.661		0.94120			4
2025.08.20	00:40:47.140		0.94118			4
2025.08.20	00:40:48.658		0.94119			4
2025.08.20	00:40:51.763		0.94120			4
2025.08.20	00:40:58.966		0.94119			4
2025.08.20	00:40:59.373		0.94120			4
2025.08.20	00:41:00.106	0.93987				2
2025.08.20	00:41:02.431		0.94121			4
2025.08.20	00:41:04.664		0.94120			4
2025.08.20	00:41:05.183		0.94121			4
2025.08.20	00:41:07.359		0.94120			4
2025.08.20	00:41:13.779		0.94119			4
2025.08.20	00:41:14.825		0.94121			4
2025.08.20	00:41:19.958		0.94122			4
2025.08.20	00:41:23.262		0.94121			4
2025.08.20	00:41:41.833		0.94120			4
2025.08.20	00:41:42.291		0.94118			4
2025.08.20	00:41:45.856		0.94117			4
2025.08.20	00:41:47.101		0.94118			4
2025.08.20	00:41:55.114		0.94117			4
2025.08.20	00:41:56.990		0.94115			4
2025.08.20	00:42:00.481	0.93987				2
2025.08.20	00:42:03.072		0.94117			4
2025.08.20	00:42:03.754		0.94116			4
2025.08.20	00:42:09.600		0.94117			4
2025.08.20	00:42:11.866		0.94120			4
2025.08.20	00:42:15.601		0.94119			4
2025.08.20	00:42:17.046		0.94118			4
2025.08.20	00:42:19.924		0.94119			4
2025.08.20	00:42:21.629		0.94122			4
2025.08.20	00:42:22.961		0.94121			4
2025.08.20	00:42:26.264		0.94122			4
2025.08.20	00:42:26.927		0.94121			4
2025.08.20	00:42:27.995		0.94122			4
2025.08.20	00:42:28.656		0.94121			4
2025.08.20	00:42:28.994		0.94123			4
2025.08.20	00:42:29.302		0.94122			4
2025.08.20	00:42:29.960		0.94123			4
2025.08.20	00:42:30.266		0.94119			4
2025.08.20	00:42:33.115		0.94118			4
2025.08.20	00:42:37.190		0.94119			4
2025.08.20	00:42:40.357		0.94120			4
2025.08.20	00:42:41.766		0.94119			4
2025.08.20	00:42:42.194		0.94118			4
2025.08.20	00:42:43.424		0.94117			4
2025.08.20	00:42:43.933		0.94118			4
2025.08.20	00:42:48.699	0.93980	0.94116			6
2025.08.20	00:42:49.194	0.93982	0.94115			6
2025.08.20	00:42:50.206	0.93980				2
2025.08.20	00:42:52.801	0.93982	0.94118			6
2025.08.20	00:42:53.116	0.93980	0.94119			6
2025.08.20	00:42:54.337	0.93981				2
2025.08.20	00:43:01.048	0.93980				2
2025.08.20	00:43:17.188		0.94118			4
2025.08.20	00:43:17.666		0.94119			4
2025.08.20	00:43:19.285		0.94118			4
2025.08.20	00:43:24.163		0.94119			4
2025.08.20	00:43:25.477		0.94118			4
2025.08.20	00:43:35.241		0.94119			4
2025.08.20	00:43:44.425		0.94117			4
2025.08.20	00:43:46.045		0.94119			4
2025.08.20	00:43:47.141		0.94118			4
2025.08.20	00:43:49.895		0.94119			4
2025.08.20	00:43:55.065		0.94118			4
2025.08.20	00:43:59.631		0.94119			4
2025.08.20	00:44:00.090	0.93980	0.94118			6
2025.08.20	00:44:04.061		0.94117			4
2025.08.20	00:44:05.835		0.94118			4
2025.08.20	00:44:07.945		0.94119			4
2025.08.20	00:44:25.514		0.94117			4
2025.08.20	00:44:25.908		0.94118			4
2025.08.20	00:44:30.457		0.94117			4
2025.08.20	00:44:35.164		0.94118			4
2025.08.20	00:44:44.386		0.94116			4
2025.08.20	00:44:46.896		0.94121			4
2025.08.20	00:44:53.311		0.94120			4
2025.08.20	00:44:57.117		0.94121			4
2025.08.20	00:45:00.425	0.93980				2
2025.08.20	00:45:01.405		0.94122			4
2025.08.20	00:45:03.353	0.94021	0.94094			6
2025.08.20	00:45:07.221	0.93980	0.94123			6
2025.08.20	00:45:10.084	0.93998	0.94105			6
2025.08.20	00:45:12.647		0.94103			4
2025.08.20	00:45:24.624		0.94104			4
2025.08.20	00:45:24.942		0.94103			4
2025.08.20	00:45:25.404		0.94105			4
2025.08.20	00:45:25.904		0.94103			4
2025.08.20	00:45:32.555		0.94102			4
2025.08.20	00:45:35.313		0.94103			4
2025.08.20	00:45:45.723		0.94102			4
2025.08.20	00:45:47.346		0.94103			4
2025.08.20	00:45:50.921		0.94102			4
2025.08.20	00:45:54.891		0.94103			4
2025.08.20	00:46:00.090	0.93998				2
2025.08.20	00:46:06.355		0.94104			4
2025.08.20	00:46:06.672		0.94103			4
2025.08.20	00:46:06.975		0.94104			4
2025.08.20	00:46:10.084		0.94103			4
2025.08.20	00:46:15.296		0.94104			4
2025.08.20	00:46:24.392		0.94105			4
2025.08.20	00:46:25.110	0.94001	0.94106			6
2025.08.20	00:46:25.418		0.94104			4
2025.08.20	00:46:28.962	0.93998	0.94102			6
2025.08.20	00:46:35.013		0.94104			4
2025.08.20	00:46:41.375		0.94105			4
2025.08.20	00:46:44.834		0.94104			4
2025.08.20	00:46:46.838		0.94103			4
2025.08.20	00:46:50.083		0.94104			4
2025.08.20	00:47:00.130	0.93998				2
2025.08.20	00:47:03.287	0.94039	0.94078			6
2025.08.20	00:47:07.294	0.93998	0.94104			6
2025.08.20	00:47:10.106		0.94102			4
2025.08.20	00:47:13.374		0.94101			4
2025.08.20	00:47:15.883		0.94102			4
2025.08.20	00:47:19.362		0.94103			4
2025.08.20	00:47:20.116		0.94105			4
2025.08.20	00:47:29.017		0.94104			4
2025.08.20	00:47:30.882		0.94105			4
2025.08.20	00:47:31.819		0.94104			4
2025.08.20	00:47:40.885		0.94101			4
2025.08.20	00:47:44.818		0.94104			4
2025.08.20	00:47:47.370		0.94105			4
2025.08.20	00:47:53.065	0.94001	0.94106			6
2025.08.20	00:48:00.084	0.94001	0.94107			6
2025.08.20	00:48:00.651		0.94109			4
2025.08.20	00:48:04.887		0.94108			4
2025.08.20	00:48:06.254		0.94107			4
2025.08.20	00:48:08.479		0.94106			4
2025.08.20	00:48:15.058		0.94107			4
2025.08.20	00:48:19.923	0.93998	0.94104			6
2025.08.20	00:48:25.471		0.94105			4
2025.08.20	00:48:26.671		0.94106			4
2025.08.20	00:48:27.579		0.94105			4
2025.08.20	00:48:30.546		0.94106			4
2025.08.20	00:48:33.720		0.94107			4
2025.08.20	00:48:34.924		0.94108			4
2025.08.20	00:48:35.475		0.94107			4
2025.08.20	00:48:42.357		0.94106			4
2025.08.20	00:48:47.136		0.94107			4
2025.08.20	00:48:51.123		0.94106			4
2025.08.20	00:48:55.637		0.94107			4
2025.08.20	00:48:57.181		0.94106			4
2025.08.20	00:49:00.882	0.93998				2
2025.08.20	00:49:05.500		0.94105			4
2025.08.20	00:49:11.214		0.94106			4
2025.08.20	00:49:13.955		0.94105			4
2025.08.20	00:49:25.062		0.94102			4
2025.08.20	00:49:28.719		0.94103			4
2025.08.20	00:49:31.122		0.94105			4
2025.08.20	00:49:39.120		0.94104			4
2025.08.20	00:49:40.546		0.94105			4
2025.08.20	00:49:43.506		0.94104			4
2025.08.20	00:49:44.016		0.94103			4
2025.08.20	00:49:48.123		0.94104			4
2025.08.20	00:49:58.485	0.94008	0.94107			6
2025.08.20	00:50:00.156	0.94008				2
2025.08.20	00:50:00.501		0.94109			4
2025.08.20	00:50:01.135		0.94108			4
2025.08.20	00:50:01.822		0.94109			4
2025.08.20	00:50:02.769		0.94108			4
2025.08.20	00:50:05.093		0.94110			4
2025.08.20	00:50:11.595		0.94111			4
2025.08.20	00:50:14.903		0.94110			4
2025.08.20	00:50:15.294		0.94109			4
2025.08.20	00:50:15.835		0.94111			4
2025.08.20	00:50:16.835		0.94110			4
2025.08.20	00:50:17.446		0.94109			4
2025.08.20	00:50:21.126		0.94110			4
2025.08.20	00:50:21.436		0.94111			4
2025.08.20	00:50:25.786	0.94003	0.94109			6
2025.08.20	00:50:26.316	0.94008	0.94111			6
2025.08.20	00:50:28.221		0.94110			4
2025.08.20	00:50:30.505		0.94109			4
2025.08.20	00:50:33.867		0.94110			4
2025.08.20	00:50:34.482		0.94116			4
2025.08.20	00:50:43.430		0.94119			4
2025.08.20	00:50:43.833		0.94120			4
2025.08.20	00:50:44.213	0.94010				2
2025.08.20	00:50:45.987		0.94116			4
2025.08.20	00:50:46.357		0.94117			4
2025.08.20	00:50:46.835		0.94116			4
2025.08.20	00:50:47.275		0.94114			4
2025.08.20	00:50:48.835		0.94112			4
2025.08.20	00:50:50.434		0.94113			4
2025.08.20	00:50:50.771		0.94114			4
2025.08.20	00:50:51.106		0.94111			4
2025.08.20	00:50:51.736		0.94116			4
2025.08.20	00:50:52.422		0.94113			4
2025.08.20	00:50:52.746		0.94111			4
2025.08.20	00:51:00.867	0.94010				2
2025.08.20	00:51:13.212		0.94112			4
2025.08.20	00:51:13.781		0.94114			4
2025.08.20	00:51:14.146		0.94112			4
2025.08.20	00:51:17.448		0.94111			4
2025.08.20	00:51:26.028		0.94113			4
2025.08.20	00:51:26.430		0.94112			4
2025.08.20	00:51:26.835		0.94111			4
2025.08.20	00:51:27.277		0.94113			4
2025.08.20	00:51:27.834		0.94116			4
2025.08.20	00:51:30.041		0.94115			4
2025.08.20	00:51:31.360		0.94114			4
2025.08.20	00:51:33.718		0.94117			4
2025.08.20	00:51:35.175		0.94116			4
2025.08.20	00:51:35.479		0.94113			4
2025.08.20	00:51:36.367		0.94111			4
2025.08.20	00:51:37.120		0.94114			4
2025.08.20	00:51:37.830		0.94116			4
2025.08.20	00:51:39.176		0.94112			4
2025.08.20	00:51:39.501		0.94114			4
2025.08.20	00:51:40.380		0.94113			4
2025.08.20	00:51:40.837		0.94110			4
2025.08.20	00:51:43.341		0.94111			4
2025.08.20	00:51:44.834	0.94003	0.94113			6
2025.08.20	00:51:45.837		0.94111			4
2025.08.20	00:51:50.172	0.93999				2
2025.08.20	00:51:50.849		0.94112			4
2025.08.20	00:51:51.652		0.94115			4
2025.08.20	00:51:52.679		0.94114			4
2025.08.20	00:51:55.251		0.94118			4
2025.08.20	00:51:55.618		0.94114			4
2025.08.20	00:51:56.021		0.94113			4
2025.08.20	00:51:57.202		0.94114			4
2025.08.20	00:52:02.057	0.93999				2
2025.08.20	00:52:04.343		0.94113			4
2025.08.20	00:52:04.939	0.94005				2
2025.08.20	00:52:08.857		0.94115			4
2025.08.20	00:52:09.180		0.94113			4
2025.08.20	00:52:10.863		0.94114			4
2025.08.20	00:52:11.835		0.94116			4
2025.08.20	00:52:17.939		0.94115			4
2025.08.20	00:52:19.742		0.94116			4
2025.08.20	00:52:20.054	0.94007				2
2025.08.20	00:52:20.873		0.94115			4
2025.08.20	00:52:21.836		0.94112			4
2025.08.20	00:52:25.857		0.94110			4
2025.08.20	00:52:31.061		0.94111			4
2025.08.20	00:52:35.876		0.94113			4
2025.08.20	00:52:36.178		0.94115			4
2025.08.20	00:52:36.836		0.94118			4
2025.08.20	00:52:40.190	0.93998	0.94116			6
2025.08.20	00:52:43.836	0.94010	0.94118			6
2025.08.20	00:52:44.325	0.94007				2
2025.08.20	00:52:44.710		0.94119			4
2025.08.20	00:52:45.029		0.94118			4
2025.08.20	00:52:45.336		0.94119			4
2025.08.20	00:52:45.835		0.94118			4
2025.08.20	00:52:46.363		0.94119			4
2025.08.20	00:52:46.866		0.94118			4
2025.08.20	00:52:55.553		0.94117			4
2025.08.20	00:52:58.056		0.94118			4
2025.08.20	00:53:00.785	0.94007				2
2025.08.20	00:53:02.013		0.94119			4
2025.08.20	00:53:06.512		0.94115			4
2025.08.20	00:53:06.941		0.94114			4
2025.08.20	00:53:08.835		0.94113			4
2025.08.20	00:53:13.628		0.94108			4
2025.08.20	00:53:24.138		0.94111			4
2025.08.20	00:53:26.561		0.94110			4
2025.08.20	00:53:26.897		0.94111			4
2025.08.20	00:53:30.162		0.94110			4
2025.08.20	00:53:33.117		0.94109			4
2025.08.20	00:53:37.120		0.94111			4
2025.08.20	00:53:37.837		0.94113			4
2025.08.20	00:53:41.130		0.94111			4
2025.08.20	00:53:42.837		0.94110			4
2025.08.20	00:53:43.441		0.94112			4
2025.08.20	00:53:44.834		0.94114			4
2025.08.20	00:53:50.172		0.94115			4
2025.08.20	00:53:52.611		0.94120			4
2025.08.20	00:53:54.005		0.94122			4
2025.08.20	00:53:54.331		0.94123			4
2025.08.20	00:53:57.329		0.94119			4
2025.08.20	00:53:57.833		0.94116			4
2025.08.20	00:53:58.353		0.94118			4
2025.08.20	00:53:58.837		0.94121			4
2025.08.20	00:53:59.236		0.94122			4
2025.08.20	00:54:00.266	0.94007				2
2025.08.20	00:54:01.064		0.94121			4
2025.08.20	00:54:02.517		0.94120			4
2025.08.20	00:54:09.367		0.94119			4
2025.08.20	00:54:09.835		0.94121			4
2025.08.20	00:54:12.833		0.94120			4
2025.08.20	00:54:16.361		0.94119			4
2025.08.20	00:54:17.214		0.94118			4
2025.08.20	00:54:22.284		0.94117			4
2025.08.20	00:54:23.028		0.94116			4
2025.08.20	00:54:25.664		0.94117			4
2025.08.20	00:54:26.477		0.94116			4
2025.08.20	00:54:29.795		0.94114			4
2025.08.20	00:54:30.200		0.94112			4
2025.08.20	00:54:37.471		0.94113			4
2025.08.20	00:54:40.358		0.94114			4
2025.08.20	00:54:40.669		0.94116			4
2025.08.20	00:54:40.981		0.94114			4
2025.08.20	00:54:41.784	0.94001	0.94112			6
2025.08.20	00:54:42.099	0.94008	0.94113			6
2025.08.20	00:54:42.834		0.94111			4
2025.08.20	00:54:45.117	0.94013	0.94112			6
2025.08.20	00:54:45.837		0.94114			4
2025.08.20	00:54:47.582		0.94113			4
2025.08.20	00:54:49.113		0.94115			4
2025.08.20	00:54:50.176		0.94116			4
2025.08.20	00:54:50.598		0.94115			4
2025.08.20	00:54:52.064		0.94116			4
2025.08.20	00:54:53.996		0.94117			4
2025.08.20	00:54:59.762		0.94118			4
2025.08.20	00:55:00.380	0.94013	0.94119			6
2025.08.20	00:55:00.697		0.94120			4
2025.08.20	00:55:02.064		0.94119			4
2025.08.20	00:55:04.361		0.94118			4
2025.08.20	00:55:05.040		0.94119			4
2025.08.20	00:55:05.822		0.94116			4
2025.08.20	00:55:07.584		0.94127			4
2025.08.20	00:55:08.227		0.94128			4
2025.08.20	00:55:08.563		0.94125			4
2025.08.20	00:55:09.157		0.94124			4
2025.08.20	00:55:09.536		0.94129			4
2025.08.20	00:55:15.760		0.94120			4
2025.08.20	00:55:16.080		0.94117			4
2025.08.20	00:55:16.595		0.94116			4
2025.08.20	00:55:19.920		0.94115			4
2025.08.20	00:55:20.424		0.94114			4
2025.08.20	00:55:22.256	0.93998	0.94107			6
2025.08.20	00:55:28.495		0.94113			4
2025.08.20	00:55:28.798		0.94111			4
2025.08.20	00:55:47.416		0.94112			4
2025.08.20	00:55:50.836		0.94115			4
2025.08.20	00:55:53.383		0.94116			4
2025.08.20	00:56:00.422	0.93998				2
2025.08.20	00:56:03.762		0.94115			4
2025.08.20	00:56:10.097		0.94112			4
2025.08.20	00:56:11.183		0.94113			4
2025.08.20	00:56:16.662		0.94114			4
2025.08.20	00:56:17.864		0.94113			4
2025.08.20	00:56:19.661		0.94114			4
2025.08.20	00:56:20.090		0.94116			4
2025.08.20	00:56:21.489		0.94115			4
2025.08.20	00:56:22.333		0.94114			4
2025.08.20	00:56:23.837		0.94116			4
2025.08.20	00:56:29.360		0.94115			4
2025.08.20	00:56:32.057		0.94116			4
2025.08.20	00:56:37.489		0.94117			4
2025.08.20	00:56:38.057		0.94119			4
2025.08.20	00:56:39.061	0.94011	0.94124			6
2025.08.20	00:56:46.660		0.94125			4
2025.08.20	00:56:47.189		0.94124			4
2025.08.20	00:56:47.519	0.94013				2
2025.08.20	00:56:47.838		0.94127			4
2025.08.20	00:56:48.364		0.94124			4
2025.08.20	00:56:48.763		0.94125			4
2025.08.20	00:56:49.435		0.94126			4
2025.08.20	00:56:52.389		0.94124			4
2025.08.20	00:56:53.862		0.94125			4
2025.08.20	00:57:00.360	0.94013	0.94126			6
2025.08.20	00:57:02.477	0.94019	0.94128			6
2025.08.20	00:57:03.715		0.94129			4
2025.08.20	00:57:04.508		0.94136			4
2025.08.20	00:57:05.835		0.94137			4
2025.08.20	00:57:09.257	0.94020	0.94139			6
2025.08.20	00:57:18.721		0.94136			4
2025.08.20	00:57:19.171	0.94018	0.94135			6
2025.08.20	00:57:19.640		0.94130			4
2025.08.20	00:57:20.037		0.94131			4
2025.08.20	00:57:20.835		0.94134			4
2025.08.20	00:57:25.593		0.94133			4
2025.08.20	00:57:29.578		0.94125			4
2025.08.20	00:57:30.363		0.94127			4
2025.08.20	00:57:31.524		0.94126			4
2025.08.20	00:57:32.617	0.94019	0.94128			6
2025.08.20	00:57:35.406	0.94021	0.94131			6
2025.08.20	00:57:35.835		0.94129			4
2025.08.20	00:57:39.614		0.94128			4
2025.08.20	00:57:40.942		0.94129			4
2025.08.20	00:57:42.461		0.94128			4
2025.08.20	00:57:43.657		0.94127			4
2025.08.20	00:57:45.030	0.94020				2
2025.08.20	00:57:46.950	0.94019				2
2025.08.20	00:57:47.555	0.94020				2
2025.08.20	00:57:50.805	0.94019				2
2025.08.20	00:57:51.799	0.94021	0.94128			6
2025.08.20	00:57:55.168		0.94129			4
2025.08.20	00:57:57.460		0.94128			4
2025.08.20	00:58:01.526	0.94021	0.94129			6
2025.08.20	00:58:04.060		0.94128			4
2025.08.20	00:58:04.385		0.94134			4
2025.08.20	00:58:04.813		0.94131			4
2025.08.20	00:58:08.000		0.94124			4
2025.08.20	00:58:08.834		0.94126			4
2025.08.20	00:58:09.257	0.94017				2
2025.08.20	00:58:10.504		0.94124			4
2025.08.20	00:58:16.635	0.94021	0.94125			6
2025.08.20	00:58:18.783		0.94126			4
2025.08.20	00:58:20.834		0.94125			4
2025.08.20	00:58:27.761		0.94126			4
2025.08.20	00:58:29.156		0.94122			4
2025.08.20	00:58:29.968		0.94126			4
2025.08.20	00:58:31.357		0.94124			4
2025.08.20	00:58:39.259		0.94126			4
2025.08.20	00:58:40.221		0.94127			4
2025.08.20	00:58:41.737		0.94126			4
2025.08.20	00:58:49.347	0.94023				2
2025.08.20	00:58:59.220		0.94122			4
2025.08.20	00:59:00.418	0.94023				2
2025.08.20	00:59:01.322		0.94121			4
2025.08.20	00:59:03.491	0.94021				2
2025.08.20	00:59:05.399		0.94122			4
2025.08.20	00:59:06.763		0.94121			4
2025.08.20	00:59:09.202		0.94125			4
2025.08.20	00:59:11.861		0.94124			4
2025.08.20	00:59:12.714	0.94010	0.94119			6
2025.08.20	00:59:13.495		0.94118			4
2025.08.20	00:59:13.799		0.94119			4
2025.08.20	00:59:14.358		0.94118			4
2025.08.20	00:59:15.882		0.94119			4
2025.08.20	00:59:16.417		0.94122			4
2025.08.20	00:59:16.836		0.94121			4
2025.08.20	00:59:17.463		0.94122			4
2025.08.20	00:59:23.103		0.94120			4
2025.08.20	00:59:24.258	0.94001	0.94119			6
2025.08.20	00:59:25.165		0.94125			4
2025.08.20	00:59:33.210	0.93998	0.94130			6
2025.08.20	00:59:33.540		0.94135			4
2025.08.20	00:59:34.192		0.94139			4
2025.08.20	00:59:34.497		0.94137			4
2025.08.20	00:59:34.835		0.94138			4
2025.08.20	00:59:35.250		0.94126			4
2025.08.20	00:59:35.627		0.94127			4
2025.08.20	00:59:37.806		0.94128			4
2025.08.20	00:59:38.407		0.94130			4
2025.08.20	00:59:40.085		0.94132			4
2025.08.20	00:59:41.494		0.94128			4
2025.08.20	00:59:42.075		0.94124			4
2025.08.20	00:59:43.664		0.94125			4
2025.08.20	00:59:44.194		0.94126			4
2025.08.20	00:59:47.369		0.94125			4
2025.08.20	00:59:47.684		0.94123			4
2025.08.20	00:59:49.360		0.94124			4
2025.08.20	00:59:49.998		0.94125			4
2025.08.20	00:59:50.301		0.94124			4
2025.08.20	00:59:50.957		0.94125			4
2025.08.20	00:59:52.540		0.94122			4
2025.08.20	00:59:54.710		0.94123			4
2025.08.20	00:59:55.077		0.94122			4
2025.08.20	00:59:56.836		0.94132			4
2025.08.20	00:59:58.020		0.94131			4
2025.08.20	00:59:59.571		0.94132			4
2025.08.20	01:00:00.013	0.93998	0.94131			6
2025.08.20	01:00:00.318		0.94147			4
2025.08.20	01:00:00.627	0.94019	0.94130			6
2025.08.20	01:00:00.938	0.94025	0.94147			6
2025.08.20	01:00:01.242	0.94033	0.94151			6
2025.08.20	01:00:01.559	0.94044	0.94149			6
2025.08.20	01:00:02.174	0.94042	0.94145			6
2025.08.20	01:00:02.479	0.94040	0.94144			6
2025.08.20	01:00:02.788		0.94147			4
2025.08.20	01:00:03.287	0.94042				2
2025.08.20	01:00:03.594	0.94021				2
2025.08.20	01:00:03.913	0.94046	0.94076			6
2025.08.20	01:00:04.249	0.94047				2
2025.08.20	01:00:05.142	0.94050				2
2025.08.20	01:00:05.779	0.94040	0.94086			6
2025.08.20	01:00:06.085	0.94027	0.94077			6
2025.08.20	01:00:06.546	0.94028				2
2025.08.20	01:00:07.360	0.94023	0.94076			6
2025.08.20	01:00:07.664	0.94019	0.94121			6
2025.08.20	01:00:09.418	0.94017	0.94123			6
2025.08.20	01:00:16.153	0.94018	0.94119			6
2025.08.20	01:00:17.611		0.94120			4
2025.08.20	01:00:18.259	0.94019				2
2025.08.20	01:00:18.589	0.94039	0.94119			6
2025.08.20	01:00:19.322	0.94018	0.94118			6
2025.08.20	01:00:19.666	0.94017	0.94117			6
2025.08.20	01:00:20.380		0.94101			4
2025.08.20	01:00:20.705	0.94018	0.94120			6
2025.08.20	01:00:21.149	0.94045	0.94102			6
2025.08.20	01:00:21.490	0.94043	0.94120			6
2025.08.20	01:00:21.898		0.94101			4
2025.08.20	01:00:22.222		0.94118			4
2025.08.20	01:00:23.262	0.94044	0.94098			6
2025.08.20	01:00:23.566		0.94097			4
2025.08.20	01:00:23.958	0.94045				2
2025.08.20	01:00:24.264		0.94098			4
2025.08.20	01:00:25.077	0.94047	0.94097			6
2025.08.20	01:00:25.712		0.94096			4
2025.08.20	01:00:26.424	0.94048				2
2025.08.20	01:00:31.059	0.94051	0.94095			6
2025.08.20	01:00:33.021	0.94052	0.94094			6
2025.08.20	01:00:39.140		0.94090			4
2025.08.20	01:00:39.466	0.94047	0.94092			6
2025.08.20	01:00:39.782	0.94040	0.94089			6
2025.08.20	01:00:40.095	0.94047	0.94090			6
2025.08.20	01:00:40.413	0.94040	0.94092			6
2025.08.20	01:00:40.748	0.94043	0.94096			6
2025.08.20	01:00:41.058	0.94039	0.94092			6
2025.08.20	01:00:41.369	0.94042				2
2025.08.20	01:00:41.690	0.94044				2
2025.08.20	01:00:42.250	0.94041	0.94091			6
2025.08.20	01:00:42.969		0.94093			4
2025.08.20	01:00:44.078	0.94040	0.94092			6
2025.08.20	01:00:44.401	0.94043	0.94091			6
2025.08.20	01:00:45.598		0.94096			4
2025.08.20	01:00:50.104	0.94045				2
2025.08.20	01:00:50.904	0.94042	0.94091			6
2025.08.20	01:00:51.218	0.94041				2
2025.08.20	01:00:52.952	0.94039	0.94090			6
2025.08.20	01:00:53.258		0.94088			4
2025.08.20	01:00:55.064	0.94023	0.94080			6
2025.08.20	01:00:55.396	0.94022				2
2025.08.20	01:00:59.305	0.94024	0.94087			6
2025.08.20	01:00:59.790	0.94041	0.94091			6
2025.08.20	01:01:00.123	0.94041				2
2025.08.20	01:01:03.142		0.94092			4
2025.08.20	01:01:03.467	0.94022	0.94091			6
2025.08.20	01:01:04.395	0.94023	0.94087			6
2025.08.20	01:01:04.736		0.94088			4
2025.08.20	01:01:07.550	0.94021	0.94091			6
2025.08.20	01:01:13.093	0.94023	0.94087			6
2025.08.20	01:01:15.803	0.94011	0.94085			6
2025.08.20	01:01:16.253		0.94087			4
2025.08.20	01:01:18.276	0.94018				2
2025.08.20	01:01:18.597	0.94016				2
2025.08.20	01:01:23.374		0.94086			4
2025.08.20	01:01:23.686	0.94018				2
2025.08.20	01:01:23.994	0.94016				2
2025.08.20	01:01:34.418	0.94034	0.94089			6
2025.08.20	01:01:34.727	0.94008	0.94090			6
2025.08.20	01:01:35.038	0.94013	0.94088			6
2025.08.20	01:01:38.004	0.94034	0.94090			6
2025.08.20	01:01:38.334	0.94033	0.94092			6
2025.08.20	01:01:38.778	0.94034				2
2025.08.20	01:01:39.240	0.94011	0.94091			6
2025.08.20	01:01:39.558		0.94090			4
2025.08.20	01:01:40.068	0.94013	0.94087			6
2025.08.20	01:01:46.618		0.94086			4
2025.08.20	01:01:50.220	0.94015				2
2025.08.20	01:01:50.658		0.94085			4
2025.08.20	01:01:53.898		0.94086			4
2025.08.20	01:01:55.553		0.94085			4
2025.08.20	01:01:57.574	0.94016				2
2025.08.20	01:01:57.880	0.94033				2
2025.08.20	01:01:58.184	0.94032				2
2025.08.20	01:01:58.487	0.94034	0.94089			6
2025.08.20	01:01:58.811	0.94032	0.94088			6
2025.08.20	01:01:59.119		0.94086			4
2025.08.20	01:01:59.443	0.94035	0.94088			6
2025.08.20	01:01:59.772	0.94033	0.94089			6
2025.08.20	01:02:00.079	0.94032				2
2025.08.20	01:02:00.383	0.94031	0.94083			6
2025.08.20	01:02:01.388		0.94084			4
2025.08.20	01:02:04.733	0.94024	0.94078			6
2025.08.20	01:02:05.220	0.94015	0.94077			6
2025.08.20	01:02:08.174	0.94016				2
2025.08.20	01:02:15.209	0.94025	0.94074			6
2025.08.20	01:02:15.518	0.94017	0.94077			6
2025.08.20	01:02:16.828		0.94081			4
2025.08.20	01:02:22.949	0.94016	0.94083			6
2025.08.20	01:02:23.274	0.94036	0.94084			6
2025.08.20	01:02:23.810	0.94035	0.94082			6
2025.08.20	01:02:25.733	0.94034				2
2025.08.20	01:02:28.507	0.94037	0.94086			6
2025.08.20	01:02:28.807	0.94035	0.94087			6
2025.08.20	01:02:29.508	0.94034				2
2025.08.20	01:02:30.162	0.94036				2
2025.08.20	01:02:31.664		0.94086			4
2025.08.20	01:02:35.970		0.94084			4
2025.08.20	01:02:39.565	0.94035				2
2025.08.20	01:02:41.186	0.94036				2
2025.08.20	01:02:41.817	0.94037				2
2025.08.20	01:02:42.149	0.94012	0.94074			6
2025.08.20	01:02:42.457	0.94015	0.94073			6
2025.08.20	01:02:43.373	0.94013	0.94075			6
2025.08.20	01:02:45.161	0.94015	0.94073			6
2025.08.20	01:02:45.508	0.94012	0.94074			6
2025.08.20	01:02:45.834		0.94071			4
2025.08.20	01:02:48.041	0.94015				2
2025.08.20	01:02:48.494	0.94012				2
2025.08.20	01:02:51.764	0.94020	0.94072			6
2025.08.20	01:02:52.543	0.94019	0.94073			6
2025.08.20	01:02:55.914	0.94034	0.94076			6
2025.08.20	01:02:56.233		0.94077			4
2025.08.20	01:02:57.260	0.94039				2
2025.08.20	01:02:57.762		0.94080			4
2025.08.20	01:02:58.756	0.94037				2
2025.08.20	01:02:59.377	0.94029	0.94066			6
2025.08.20	01:03:00.308	0.94029	0.94076			6
2025.08.20	01:03:00.640	0.94027				2
2025.08.20	01:03:01.292		0.94072			4
2025.08.20	01:03:01.598	0.94024	0.94076			6
2025.08.20	01:03:03.162	0.94032				2
2025.08.20	01:03:04.664	0.94033				2
2025.08.20	01:03:05.524	0.94035	0.94077			6
2025.08.20	01:03:05.827	0.94039	0.94080			6
2025.08.20	01:03:06.139	0.94038	0.94079			6
2025.08.20	01:03:06.442		0.94080			4
2025.08.20	01:03:06.938	0.94033	0.94079			6
2025.08.20	01:03:07.562	0.94034				2
2025.08.20	01:03:08.128	0.94040				2
2025.08.20	01:03:08.769	0.94039				2
2025.08.20	01:03:09.162	0.94040	0.94080			6
2025.08.20	01:03:09.477	0.94039				2
2025.08.20	01:03:10.559	0.94037	0.94079			6
2025.08.20	01:03:12.095	0.94028	0.94083			6
2025.08.20	01:03:12.399	0.94027	0.94085			6
2025.08.20	01:03:13.147	0.94031				2
2025.08.20	01:03:14.221	0.94032	0.94084			6
2025.08.20	01:03:14.612	0.94026	0.94082			6
2025.08.20	01:03:15.866		0.94081			4
2025.08.20	01:03:17.610		0.94080			4
2025.08.20	01:03:18.630		0.94079			4
2025.08.20	01:03:21.899		0.94080			4
2025.08.20	01:03:22.436	0.94025				2
2025.08.20	01:03:22.977	0.94026				2
2025.08.20	01:03:27.064		0.94079			4
2025.08.20	01:03:27.377	0.94024				2
2025.08.20	01:03:47.044	0.94023				2
2025.08.20	01:03:47.376	0.94021	0.94078			6
2025.08.20	01:04:00.679	0.94022				2
2025.08.20	01:04:12.264	0.94024				2
2025.08.20	01:04:18.053	0.94023				2
2025.08.20	01:04:19.097	0.94024				2
2025.08.20	01:04:20.256		0.94077			4
2025.08.20	01:04:23.774		0.94076			4
2025.08.20	01:04:45.081	0.94029	0.94077			6
2025.08.20	01:04:47.079	0.94036	0.94082			6
2025.08.20	01:04:48.093	0.94035				2
2025.08.20	01:04:58.799	0.94023	0.94073			6
2025.08.20	01:04:59.309	0.94024	0.94074			6
2025.08.20	01:05:00.073	0.94024				2
2025.08.20	01:05:00.381	0.94040	0.94088			6
2025.08.20	01:05:00.701	0.94041	0.94087			6
2025.08.20	01:05:01.072	0.94042	0.94085			6
2025.08.20	01:05:01.379	0.94041	0.94086			6
2025.08.20	01:05:03.014		0.94087			4
2025.08.20	01:05:03.714	0.94040	0.94088			6
2025.08.20	01:05:04.018		0.94086			4
2025.08.20	01:05:04.457	0.94041	0.94084			6
2025.08.20	01:05:05.219		0.94085			4
2025.08.20	01:05:12.098		0.94083			4
2025.08.20	01:05:13.896		0.94081			4
2025.08.20	01:05:15.761	0.94046				2
2025.08.20	01:05:18.936		0.94082			4
2025.08.20	01:05:19.850	0.94042	0.94087			6
2025.08.20	01:05:20.302		0.94086			4
2025.08.20	01:05:22.852	0.94046				2
2025.08.20	01:05:24.466		0.94085			4
2025.08.20	01:05:25.962		0.94086			4
2025.08.20	01:05:33.377	0.94042	0.94085			6
2025.08.20	01:05:33.680		0.94082			4
2025.08.20	01:05:34.063		0.94081			4
2025.08.20	01:05:38.861		0.94082			4
2025.08.20	01:05:40.638		0.94088			4
2025.08.20	01:05:45.363	0.94041				2
2025.08.20	01:05:47.203		0.94092			4
2025.08.20	01:05:49.482	0.94044	0.94091			6
2025.08.20	01:05:49.805	0.94043	0.94090			6
2025.08.20	01:05:50.130		0.94091			4
2025.08.20	01:05:50.448		0.94090			4
2025.08.20	01:05:50.768		0.94091			4
2025.08.20	01:05:51.399		0.94088			4
2025.08.20	01:05:52.700		0.94087			4
2025.08.20	01:05:54.369	0.94041	0.94088			6
2025.08.20	01:05:54.985		0.94089			4
2025.08.20	01:05:55.645		0.94090			4
2025.08.20	01:05:55.980		0.94089			4
2025.08.20	01:05:59.837		0.94090			4
2025.08.20	01:06:01.661	0.94039				2
2025.08.20	01:06:02.700	0.94031				2
2025.08.20	01:06:03.161	0.94040				2
2025.08.20	01:06:03.581		0.94081			4
2025.08.20	01:06:03.887		0.94083			4
2025.08.20	01:06:06.522	0.94042	0.94082			6
2025.08.20	01:06:06.840	0.94040	0.94081			6
2025.08.20	01:06:07.173		0.94083			4
2025.08.20	01:06:07.503		0.94081			4
2025.08.20	01:06:08.168		0.94083			4
2025.08.20	01:06:09.170		0.94082			4
2025.08.20	01:06:13.649		0.94083			4
2025.08.20	01:06:16.962	0.94039	0.94081			6
2025.08.20	01:06:17.288	0.94041	0.94082			6
2025.08.20	01:06:17.612	0.94039	0.94081			6
2025.08.20	01:06:17.954		0.94082			4
2025.08.20	01:06:18.277	0.94041	0.94083			6
2025.08.20	01:06:25.075		0.94082			4
2025.08.20	01:06:25.386		0.94083			4
2025.08.20	01:06:26.672	0.94040	0.94077			6
2025.08.20	01:06:26.990	0.94042				2
2025.08.20	01:06:27.324	0.94040	0.94076			6
2025.08.20	01:06:28.639		0.94075			4
2025.08.20	01:06:32.984	0.94044				2
2025.08.20	01:06:33.301	0.94043				2
2025.08.20	01:06:33.604	0.94041				2
2025.08.20	01:06:33.918		0.94074			4
2025.08.20	01:06:34.251	0.94040				2
2025.08.20	01:06:34.583		0.94073			4
2025.08.20	01:06:36.256		0.94074			4
2025.08.20	01:06:36.557	0.94041				2
2025.08.20	01:06:37.854		0.94073			4
2025.08.20	01:06:45.897	0.94042				2
2025.08.20	01:06:46.224	0.94041				2
2025.08.20	01:06:47.844	0.94043	0.94074			6
2025.08.20	01:06:48.149	0.94042	0.94073			6
2025.08.20	01:06:48.462	0.94041	0.94074			6
2025.08.20	01:06:48.769	0.94042				2
2025.08.20	01:06:49.424	0.94041				2
2025.08.20	01:06:49.742	0.94042				2
2025.08.20	01:06:50.745	0.94041	0.94075			6
2025.08.20	01:06:51.058	0.94043				2
2025.08.20	01:06:52.647		0.94074			4
2025.08.20	01:06:53.653		0.94075			4
2025.08.20	01:06:57.704		0.94074			4
2025.08.20	01:06:59.958		0.94075			4
2025.08.20	01:07:00.278	0.94042	0.94074			6
2025.08.20	01:07:00.588		0.94075			4
2025.08.20	01:07:00.939	0.94043				2
2025.08.20	01:07:01.280	0.94042				2
2025.08.20	01:07:01.933	0.94041				2
2025.08.20	01:07:02.933	0.94040	0.94074			6
2025.08.20	01:07:03.292	0.94041				2
2025.08.20	01:07:04.203		0.94075			4
2025.08.20	01:07:05.205		0.94074			4
2025.08.20	01:07:09.376	0.94040				2
2025.08.20	01:07:09.677	0.94037	0.94075			6
2025.08.20	01:07:09.979	0.94041	0.94074			6
2025.08.20	01:07:15.335	0.94038				2
2025.08.20	01:07:15.638	0.94042				2
2025.08.20	01:07:15.972	0.94041				2
2025.08.20	01:07:17.606		0.94075			4
2025.08.20	01:07:18.593		0.94074			4
2025.08.20	01:07:24.878	0.94042				2
2025.08.20	01:07:25.247	0.94041				2
2025.08.20	01:07:26.872		0.94075			4
2025.08.20	01:07:29.045		0.94074			4
2025.08.20	01:07:30.074		0.94075			4
2025.08.20	01:07:36.592		0.94074			4
2025.08.20	01:07:41.596	0.94040				2
2025.08.20	01:07:43.242	0.94041				2
2025.08.20	01:07:45.236	0.94042				2
2025.08.20	01:07:49.038	0.94040	0.94073			6
2025.08.20	01:07:49.659	0.94042				2
2025.08.20	01:07:50.354		0.94074			4
2025.08.20	01:07:53.968		0.94084			4
2025.08.20	01:07:57.291	0.94044	0.94085			6
2025.08.20	01:07:57.917	0.94043				2
2025.08.20	01:07:58.701		0.94087			4
2025.08.20	01:08:00.030	0.94043				2
2025.08.20	01:08:02.701	0.94045				2
2025.08.20	01:08:03.038	0.94044				2
2025.08.20	01:08:10.251	0.94041				2
2025.08.20	01:08:32.365	0.94046				2
2025.08.20	01:08:49.224	0.94045				2
2025.08.20	01:08:49.560	0.94046				2
2025.08.20	01:08:50.198	0.94045				2
2025.08.20	01:08:58.945		0.94087			4
2025.08.20	01:09:00.036	0.94045				2
2025.08.20	01:09:00.351	0.94047				2
2025.08.20	01:09:00.673		0.94086			4
2025.08.20	01:09:00.978	0.94046	0.94087			6
2025.08.20	01:09:01.322	0.94047	0.94086			6
2025.08.20	01:09:01.654	0.94046				2
2025.08.20	01:09:01.957		0.94087			4
2025.08.20	01:09:02.290	0.94047				2
2025.08.20	01:09:02.625	0.94046				2
2025.08.20	01:09:16.929	0.94047				2
2025.08.20	01:09:17.258	0.94046				2
2025.08.20	01:09:19.675		0.94088			4
2025.08.20	01:09:20.621		0.94087			4
2025.08.20	01:09:31.653		0.94088			4
2025.08.20	01:09:39.640		0.94087			4
2025.08.20	01:09:45.577		0.94086			4
2025.08.20	01:09:45.879	0.94047	0.94087			6
2025.08.20	01:09:46.707	0.94046				2
2025.08.20	01:09:49.696	0.94045				2
2025.08.20	01:09:50.011		0.94088			4
2025.08.20	01:09:53.022		0.94087			4
2025.08.20	01:09:55.597	0.94047				2
2025.08.20	01:09:55.901	0.94046				2
2025.08.20	01:09:57.043		0.94086			4
2025.08.20	01:09:59.709		0.94087			4
2025.08.20	01:10:00.036	0.94046				2
2025.08.20	01:10:00.354	0.94044	0.94086			6
2025.08.20	01:10:01.319	0.94048				2
2025.08.20	01:10:15.324	0.94047				2
2025.08.20	01:10:28.369	0.94049	0.94079			6
2025.08.20	01:10:31.509	0.94048	0.94077			6
2025.08.20	01:10:36.847		0.94078			4
2025.08.20	01:10:41.154	0.94049	0.94079			6
2025.08.20	01:10:42.143	0.94050	0.94080			6
2025.08.20	01:10:46.659	0.94049	0.94079			6
2025.08.20	01:10:47.665	0.94048	0.94077			6
2025.08.20	01:10:48.330	0.94047	0.94078			6
2025.08.20	01:10:50.002		0.94077			4
2025.08.20	01:10:52.679	0.94048	0.94079			6
2025.08.20	01:10:56.508	0.94049	0.94080			6
2025.08.20	01:10:57.826	0.94048	0.94078			6
2025.08.20	01:11:00.106	0.94048				2
2025.08.20	01:11:02.078		0.94076			4
2025.08.20	01:11:02.698		0.94078			4
2025.08.20	01:11:03.015	0.94047	0.94077			6
2025.08.20	01:11:03.319	0.94046	0.94078			6
2025.08.20	01:11:03.659		0.94077			4
2025.08.20	01:11:07.464	0.94048	0.94079			6
2025.08.20	01:11:08.101	0.94049				2
2025.08.20	01:11:09.737	0.94048	0.94078			6
2025.08.20	01:11:11.951	0.94046	0.94077			6
2025.08.20	01:11:13.289		0.94074			4
2025.08.20	01:11:15.113		0.94075			4
2025.08.20	01:11:17.424		0.94077			4
2025.08.20	01:11:18.092	0.94047	0.94079			6
2025.08.20	01:11:21.059	0.94052	0.94083			6
2025.08.20	01:11:22.151	0.94049	0.94085			6
2025.08.20	01:11:22.453	0.94056				2
2025.08.20	01:11:22.770	0.94058				2
2025.08.20	01:11:23.729	0.94050				2
2025.08.20	01:11:24.068	0.94048				2
2025.08.20	01:11:25.025	0.94047				2
2025.08.20	01:11:25.696		0.94084			4
2025.08.20	01:11:26.030	0.94048				2
2025.08.20	01:11:26.339	0.94049	0.94083			6
2025.08.20	01:11:26.644	0.94046				2
2025.08.20	01:11:27.015	0.94048				2
2025.08.20	01:11:28.188	0.94045	0.94082			6
2025.08.20	01:11:28.497	0.94048	0.94083			6
2025.08.20	01:11:28.804	0.94047	0.94084			6
2025.08.20	01:11:29.143	0.94048	0.94083			6
2025.08.20	01:11:29.481	0.94045	0.94082			6
2025.08.20	01:11:29.786		0.94083			4
2025.08.20	01:11:30.107	0.94048	0.94081			6
2025.08.20	01:11:30.448	0.94046	0.94084			6
2025.08.20	01:11:30.759	0.94047				2
2025.08.20	01:11:31.078	0.94046				2
2025.08.20	01:11:31.379	0.94047				2
2025.08.20	01:11:31.708	0.94046	0.94085			6
2025.08.20	01:11:32.018		0.94084			4
2025.08.20	01:11:32.669	0.94045				2
2025.08.20	01:11:32.979	0.94047	0.94085			6
2025.08.20	01:11:33.298	0.94046				2
2025.08.20	01:11:34.061	0.94045	0.94086			6
2025.08.20	01:11:34.432	0.94046	0.94085			6
2025.08.20	01:11:34.738	0.94047				2
2025.08.20	01:11:35.061	0.94045				2
2025.08.20	01:11:35.399	0.94047	0.94084			6
2025.08.20	01:11:35.715	0.94046				2
2025.08.20	01:11:36.023	0.94045	0.94085			6
2025.08.20	01:11:36.359	0.94046				2
2025.08.20	01:11:36.678	0.94045				2
2025.08.20	01:11:36.978	0.94046				2
2025.08.20	01:11:37.312		0.94084			4
2025.08.20	01:11:37.943	0.94045				2
2025.08.20	01:11:38.280	0.94046				2
2025.08.20	01:11:38.584		0.94085			4
2025.08.20	01:11:39.214	0.94047				2
2025.08.20	01:11:39.525	0.94046	0.94084			6
2025.08.20	01:11:40.180	0.94045	0.94085			6
2025.08.20	01:11:40.494	0.94046	0.94084			6
2025.08.20	01:11:40.797	0.94045	0.94085			6
2025.08.20	01:11:41.162	0.94046				2
2025.08.20	01:11:41.820		0.94086			4
2025.08.20	01:11:42.131		0.94084			4
2025.08.20	01:11:42.443	0.94045	0.94085			6
2025.08.20	01:11:42.761	0.94047	0.94084			6
2025.08.20	01:11:43.440	0.94046				2
2025.08.20	01:11:43.752	0.94045				2
2025.08.20	01:11:44.085	0.94047				2
2025.08.20	01:11:44.398		0.94085			4
2025.08.20	01:11:45.032	0.94050	0.94084			6
2025.08.20	01:11:45.350	0.94046				2
2025.08.20	01:11:45.702	0.94045	0.94083			6
2025.08.20	01:11:46.023	0.94046				2
2025.08.20	01:11:46.372		0.94082			4
2025.08.20	01:11:46.708	0.94047				2
2025.08.20	01:11:47.043		0.94081			4
2025.08.20	01:11:47.361	0.94046	0.94084			6
2025.08.20	01:11:47.682		0.94085			4
2025.08.20	01:11:48.016	0.94047	0.94084			6
2025.08.20	01:11:48.319	0.94046	0.94085			6
2025.08.20	01:11:49.274		0.94083			4
2025.08.20	01:11:49.901	0.94045				2
2025.08.20	01:11:50.236	0.94047				2
2025.08.20	01:11:50.856	0.94046	0.94084			6
2025.08.20	01:11:56.404	0.94048	0.94081			6
2025.08.20	01:12:00.456	0.94046	0.94084			6
2025.08.20	01:12:00.950	0.94045				2
2025.08.20	01:12:02.354	0.94047				2
2025.08.20	01:12:03.744	0.94045				2
2025.08.20	01:12:10.626		0.94083			4
2025.08.20	01:12:15.156		0.94074			4
2025.08.20	01:12:15.918		0.94073			4
2025.08.20	01:12:16.419		0.94074			4
2025.08.20	01:12:16.907		0.94073			4
2025.08.20	01:12:20.236	0.94047				2
2025.08.20	01:12:21.165	0.94045				2
2025.08.20	01:12:24.135	0.94048				2
2025.08.20	01:12:30.311	0.94047				2
2025.08.20	01:12:32.865	0.94046				2
2025.08.20	01:12:33.370	0.94044				2
2025.08.20	01:12:34.171	0.94046				2
2025.08.20	01:12:37.122	0.94044				2
2025.08.20	01:12:39.502	0.94047				2
2025.08.20	01:12:42.306	0.94043				2
2025.08.20	01:12:46.504	0.94042				2
2025.08.20	01:12:51.463		0.94072			4
2025.08.20	01:12:52.661		0.94073			4
2025.08.20	01:12:53.006	0.94045				2
2025.08.20	01:12:54.330	0.94039				2
2025.08.20	01:12:57.352	0.94041	0.94072			6
2025.08.20	01:12:57.682	0.94039	0.94070			6
2025.08.20	01:12:58.353	0.94040	0.94069			6
2025.08.20	01:13:01.060	0.94040				2
2025.08.20	01:13:10.397	0.94039	0.94068			6
2025.08.20	01:13:12.359	0.94043				2
2025.08.20	01:13:20.262	0.94044				2
2025.08.20	01:13:27.436	0.94043				2
2025.08.20	01:13:34.351	0.94042	0.94069			6
2025.08.20	01:13:40.695	0.94043	0.94072			6
2025.08.20	01:13:42.354		0.94071			4
2025.08.20	01:13:45.214	0.94044				2
2025.08.20	01:13:51.526		0.94069			4
2025.08.20	01:13:58.439	0.94043				2
2025.08.20	01:13:58.923	0.94051	0.94080			6
2025.08.20	01:13:59.252		0.94079			4
2025.08.20	01:14:00.054	0.94051				2
2025.08.20	01:14:00.761	0.94050	0.94077			6
2025.08.20	01:14:01.123	0.94051				2
2025.08.20	01:14:01.882	0.94049				2
2025.08.20	01:14:02.202	0.94050				2
2025.08.20	01:14:03.763	0.94044				2
2025.08.20	01:14:04.080	0.94048				2
2025.08.20	01:14:04.486		0.94076			4
2025.08.20	01:14:10.362	0.94046				2
2025.08.20	01:14:11.916	0.94044	0.94077			6
2025.08.20	01:14:12.219	0.94048				2
2025.08.20	01:14:17.264		0.94076			4
2025.08.20	01:14:18.687	0.94050	0.94077			6
2025.08.20	01:14:19.195	0.94049				2
2025.08.20	01:14:22.356	0.94050				2
2025.08.20	01:14:26.456	0.94051				2
2025.08.20	01:14:28.479	0.94053				2
2025.08.20	01:14:28.997	0.94054				2
2025.08.20	01:14:29.672	0.94053				2
2025.08.20	01:14:31.363		0.94076			4
2025.08.20	01:14:32.348	0.94052	0.94075			6
2025.08.20	01:14:41.913	0.94051				2
2025.08.20	01:14:42.352	0.94050	0.94074			6
2025.08.20	01:14:45.378		0.94073			4
2025.08.20	01:15:00.036	0.94050				2
2025.08.20	01:15:00.341	0.94043	0.94062			6
2025.08.20	01:15:00.815		0.94063			4
2025.08.20	01:15:01.408	0.94045	0.94059			6
2025.08.20	01:15:01.880	0.94043	0.94061			6
2025.08.20	01:15:02.187	0.94045	0.94066			6
2025.08.20	01:15:02.498		0.94065			4
2025.08.20	01:15:03.332	0.94044				2
2025.08.20	01:15:04.277		0.94064			4
2025.08.20	01:15:04.590		0.94065			4
2025.08.20	01:15:04.916	0.94046	0.94064			6
2025.08.20	01:15:05.604	0.94044				2
2025.08.20	01:15:06.623	0.94045	0.94063			6
2025.08.20	01:15:06.937		0.94064			4
2025.08.20	01:15:07.305	0.94044				2
2025.08.20	01:15:07.617	0.94041	0.94063			6
2025.08.20	01:15:07.921	0.94040				2
2025.08.20	01:15:08.597		0.94062			4
2025.08.20	01:15:08.919		0.94061			4
2025.08.20	01:15:10.028		0.94062			4
2025.08.20	01:15:10.345	0.94039	0.94061			6
2025.08.20	01:15:11.033		0.94062			4
2025.08.20	01:15:11.693		0.94064			4
2025.08.20	01:15:11.998		0.94062			4
2025.08.20	01:15:12.315		0.94061			4
2025.08.20	01:15:12.645		0.94060			4
2025.08.20	01:15:12.985		0.94062			4
2025.08.20	01:15:13.313		0.94060			4
2025.08.20	01:15:13.996		0.94062			4
2025.08.20	01:15:14.300	0.94043	0.94060			6
2025.08.20	01:15:15.207		0.94061			4
2025.08.20	01:15:16.245		0.94059			4
2025.08.20	01:15:18.179		0.94060			4
2025.08.20	01:15:18.505		0.94059			4
2025.08.20	01:15:18.858	0.94042	0.94060			6
2025.08.20	01:15:19.661		0.94061			4
2025.08.20	01:15:20.383		0.94060			4
2025.08.20	01:15:20.779	0.94038	0.94056			6
2025.08.20	01:15:21.103	0.94041	0.94058			6
2025.08.20	01:15:21.433		0.94060			4
2025.08.20	01:15:21.741	0.94040	0.94058			6
2025.08.20	01:15:22.322	0.94041	0.94057			6
2025.08.20	01:15:22.635	0.94042	0.94058			6
2025.08.20	01:15:23.049		0.94060			4
2025.08.20	01:15:23.358	0.94040	0.94058			6
2025.08.20	01:15:23.735		0.94059			4
2025.08.20	01:15:24.058	0.94041	0.94058			6
2025.08.20	01:15:24.404	0.94040				2
2025.08.20	01:15:25.566		0.94060			4
2025.08.20	01:15:25.866		0.94059			4
2025.08.20	01:15:26.202		0.94058			4
2025.08.20	01:15:26.581	0.94039				2
2025.08.20	01:15:27.025		0.94059			4
2025.08.20	01:15:27.341	0.94040	0.94061			6
2025.08.20	01:15:27.801		0.94058			4
2025.08.20	01:15:32.139		0.94057			4
2025.08.20	01:15:32.446	0.94041				2
2025.08.20	01:15:32.860	0.94038	0.94054			6
2025.08.20	01:15:33.175	0.94036	0.94055			6
2025.08.20	01:15:33.836		0.94056			4
2025.08.20	01:15:34.642		0.94058			4
2025.08.20	01:15:34.957		0.94055			4
2025.08.20	01:15:35.551		0.94056			4
2025.08.20	01:15:35.865		0.94058			4
2025.08.20	01:15:36.180		0.94056			4
2025.08.20	01:15:36.560	0.94034	0.94057			6
2025.08.20	01:15:36.906	0.94036	0.94059			6
2025.08.20	01:15:37.221	0.94035	0.94057			6
2025.08.20	01:15:37.643	0.94036	0.94055			6
2025.08.20	01:15:38.376		0.94057			4
2025.08.20	01:15:38.687	0.94035	0.94054			6
2025.08.20	01:15:39.013		0.94058			4
2025.08.20	01:15:39.337	0.94036	0.94054			6
2025.08.20	01:15:39.638	0.94037	0.94059			6
2025.08.20	01:15:39.944	0.94036	0.94057			6
2025.08.20	01:15:40.665		0.94054			4
2025.08.20	01:15:41.123		0.94055			4
2025.08.20	01:15:41.599	0.94035	0.94056			6
2025.08.20	01:15:41.916		0.94057			4
2025.08.20	01:15:42.253		0.94055			4
2025.08.20	01:15:42.570	0.94036				2
2025.08.20	01:15:42.896		0.94057			4
2025.08.20	01:15:43.200		0.94056			4
2025.08.20	01:15:43.878		0.94057			4
2025.08.20	01:15:44.252		0.94059			4
2025.08.20	01:15:44.563		0.94057			4
2025.08.20	01:15:45.274		0.94059			4
2025.08.20	01:15:45.693		0.94056			4
2025.08.20	01:15:46.008		0.94055			4
2025.08.20	01:15:46.320		0.94058			4
2025.08.20	01:15:46.643		0.94056			4
2025.08.20	01:15:47.064		0.94055			4
2025.08.20	01:15:47.409	0.94037	0.94056			6
2025.08.20	01:15:47.726	0.94036	0.94058			6
2025.08.20	01:15:48.039		0.94054			4
2025.08.20	01:15:48.522	0.94035	0.94056			6
2025.08.20	01:15:48.828	0.94037	0.94058			6
2025.08.20	01:15:49.153	0.94036	0.94056			6
2025.08.20	01:15:49.458		0.94054			4
2025.08.20	01:15:49.815		0.94056			4
2025.08.20	01:15:50.125		0.94054			4
2025.08.20	01:15:50.474	0.94037				2
2025.08.20	01:15:50.784	0.94036	0.94059			6
2025.08.20	01:15:51.133		0.94057			4
2025.08.20	01:15:52.201		0.94056			4
2025.08.20	01:15:52.926		0.94058			4
2025.08.20	01:15:53.234		0.94056			4
2025.08.20	01:15:53.921		0.94057			4
2025.08.20	01:15:54.287		0.94056			4
2025.08.20	01:15:55.288		0.94055			4
2025.08.20	01:15:56.037		0.94056			4
2025.08.20	01:15:58.418	0.94038	0.94055			6
2025.08.20	01:15:58.724	0.94036	0.94057			6
2025.08.20	01:15:59.037		0.94054			4
2025.08.20	01:15:59.351	0.94040				2
2025.08.20	01:16:00.289	0.94040				2
2025.08.20	01:16:00.611		0.94056			4
2025.08.20	01:16:00.960		0.94054			4
2025.08.20	01:16:01.277		0.94055			4
2025.08.20	01:16:01.588		0.94056			4
2025.08.20	01:16:01.904		0.94057			4
2025.08.20	01:16:02.218		0.94054			4
2025.08.20	01:16:02.550		0.94055			4
2025.08.20	01:16:02.860		0.94056			4
2025.08.20	01:16:03.163		0.94054			4
2025.08.20	01:16:03.832		0.94055			4
2025.08.20	01:16:04.928		0.94056			4
2025.08.20	01:16:05.238		0.94054			4
2025.08.20	01:16:05.550		0.94055			4
2025.08.20	01:16:06.175		0.94054			4
2025.08.20	01:16:06.481		0.94055			4
2025.08.20	01:16:07.088		0.94056			4
2025.08.20	01:16:07.397		0.94054			4
2025.08.20	01:16:07.713	0.94037	0.94051			6
2025.08.20	01:16:08.023	0.94036	0.94050			6
2025.08.20	01:16:08.336	0.94037				2
2025.08.20	01:16:08.649		0.94053			4
2025.08.20	01:16:09.002	0.94036	0.94051			6
2025.08.20	01:16:09.640		0.94053			4
2025.08.20	01:16:10.340	0.94035	0.94050			6
2025.08.20	01:16:11.084		0.94049			4
2025.08.20	01:16:11.470	0.94034	0.94048			6
2025.08.20	01:16:12.374		0.94051			4
2025.08.20	01:16:12.697		0.94048			4
2025.08.20	01:16:13.461	0.94038	0.94056			6
2025.08.20	01:16:13.766		0.94055			4
2025.08.20	01:16:14.110		0.94056			4
2025.08.20	01:16:14.446	0.94037	0.94055			6
2025.08.20	01:16:14.748	0.94038	0.94057			6
2025.08.20	01:16:15.092	0.94037	0.94056			6
2025.08.20	01:16:16.177	0.94038				2
2025.08.20	01:16:16.507	0.94037	0.94055			6
2025.08.20	01:16:16.808		0.94056			4
2025.08.20	01:16:17.118	0.94038				2
2025.08.20	01:16:18.518	0.94037	0.94055			6
2025.08.20	01:16:18.895		0.94056			4
2025.08.20	01:16:19.246	0.94038	0.94055			6
2025.08.20	01:16:19.562		0.94056			4
2025.08.20	01:16:19.873		0.94057			4
2025.08.20	01:16:20.233	0.94037				2
2025.08.20	01:16:20.538		0.94056			4
2025.08.20	01:16:20.839	0.94038				2
2025.08.20	01:16:21.182	0.94037				2
2025.08.20	01:16:21.482	0.94035	0.94057			6
2025.08.20	01:16:21.825	0.94037	0.94055			6
2025.08.20	01:16:22.215		0.94056			4
2025.08.20	01:16:22.599	0.94038	0.94057			6
2025.08.20	01:16:22.986	0.94037	0.94056			6
2025.08.20	01:16:23.768		0.94057			4
2025.08.20	01:16:24.164		0.94056			4
2025.08.20	01:16:24.594	0.94036	0.94055			6
2025.08.20	01:16:24.927	0.94037				2
2025.08.20	01:16:25.228	0.94036				2
2025.08.20	01:16:25.558		0.94056			4
2025.08.20	01:16:25.859	0.94037	0.94057			6
2025.08.20	01:16:26.186		0.94056			4
2025.08.20	01:16:26.498	0.94036				2
2025.08.20	01:16:26.875		0.94054			4
2025.08.20	01:16:27.192	0.94037	0.94055			6
2025.08.20	01:16:27.853		0.94056			4
2025.08.20	01:16:28.224	0.94036	0.94055			6
2025.08.20	01:16:28.607	0.94037	0.94056			6
2025.08.20	01:16:29.011	0.94036				2
2025.08.20	01:16:29.335	0.94037				2
2025.08.20	01:16:30.242		0.94057			4
2025.08.20	01:16:30.581		0.94055			4
2025.08.20	01:16:30.940		0.94054			4
2025.08.20	01:16:31.270		0.94057			4
2025.08.20	01:16:31.597	0.94036	0.94056			6
2025.08.20	01:16:31.925		0.94054			4
2025.08.20	01:16:32.241	0.94037	0.94057			6
2025.08.20	01:16:32.550		0.94056			4
2025.08.20	01:16:32.890	0.94036	0.94055			6
2025.08.20	01:16:33.197		0.94054			4
2025.08.20	01:16:33.520		0.94056			4
2025.08.20	01:16:33.851		0.94055			4
2025.08.20	01:16:34.660		0.94054			4
2025.08.20	01:16:35.035		0.94055			4
2025.08.20	01:16:35.417		0.94056			4
2025.08.20	01:16:35.805		0.94057			4
2025.08.20	01:16:36.118		0.94056			4
2025.08.20	01:16:36.849	0.94035				2
2025.08.20	01:16:37.540		0.94057			4
2025.08.20	01:16:37.864		0.94056			4
2025.08.20	01:16:41.778	0.94034	0.94057			6
2025.08.20	01:16:42.085		0.94056			4
2025.08.20	01:16:46.760	0.94033				2
2025.08.20	01:16:48.274	0.94036				2
2025.08.20	01:16:51.212		0.94057			4
2025.08.20	01:16:52.060		0.94055			4
2025.08.20	01:16:52.410		0.94056			4
2025.08.20	01:16:53.322	0.94035				2
2025.08.20	01:16:54.161		0.94055			4
2025.08.20	01:16:57.160	0.94037	0.94054			6
2025.08.20	01:16:58.498		0.94055			4
2025.08.20	01:16:59.246		0.94054			4
2025.08.20	01:17:00.112	0.94037	0.94055			6
2025.08.20	01:17:02.731	0.94034				2
2025.08.20	01:17:07.664	0.94035	0.94056			6
2025.08.20	01:17:08.940	0.94036	0.94055			6
2025.08.20	01:17:09.762		0.94056			4
2025.08.20	01:17:11.938		0.94055			4
2025.08.20	01:17:12.421	0.94038				2
2025.08.20	01:17:15.322		0.94056			4
2025.08.20	01:17:18.147	0.94037	0.94055			6
2025.08.20	01:17:18.496	0.94038	0.94054			6
2025.08.20	01:17:21.162	0.94037	0.94055			6
2025.08.20	01:17:21.477	0.94038	0.94054			6
2025.08.20	01:17:22.432	0.94037	0.94055			6
2025.08.20	01:17:24.422	0.94038				2
2025.08.20	01:17:26.479		0.94054			4
2025.08.20	01:17:28.430	0.94036				2
2025.08.20	01:17:28.737		0.94055			4
2025.08.20	01:17:33.991		0.94056			4
2025.08.20	01:17:34.659		0.94055			4
2025.08.20	01:17:36.069		0.94056			4
2025.08.20	01:17:36.971		0.94055			4
2025.08.20	01:17:39.237	0.94035	0.94054			6
2025.08.20	01:17:39.950		0.94053			4
2025.08.20	01:17:40.976		0.94055			4
2025.08.20	01:17:41.673	0.94036	0.94056			6
2025.08.20	01:17:42.052	0.94040				2
2025.08.20	01:17:45.228		0.94057			4
2025.08.20	01:17:46.262	0.94039				2
2025.08.20	01:17:49.360		0.94056			4
2025.08.20	01:17:49.663		0.94057			4
2025.08.20	01:17:52.194	0.94041				2
2025.08.20	01:17:53.373	0.94042	0.94061			6
2025.08.20	01:17:53.718		0.94062			4
2025.08.20	01:17:54.353		0.94061			4
2025.08.20	01:17:55.060		0.94062			4
2025.08.20	01:17:55.403	0.94041	0.94063			6
2025.08.20	01:17:56.592	0.94042				2
2025.08.20	01:17:57.709	0.94040				2
2025.08.20	01:17:58.021		0.94061			4
2025.08.20	01:17:58.729		0.94062			4
2025.08.20	01:17:59.477	0.94039				2
2025.08.20	01:18:00.257	0.94041				2
2025.08.20	01:18:01.040		0.94061			4
2025.08.20	01:18:01.815	0.94040	0.94060			6
2025.08.20	01:18:02.513		0.94061			4
2025.08.20	01:18:03.491		0.94060			4
2025.08.20	01:18:05.971	0.94035	0.94062			6
2025.08.20	01:18:07.013	0.94036				2
2025.08.20	01:18:07.639	0.94037	0.94061			6
2025.08.20	01:18:08.883	0.94038	0.94060			6
2025.08.20	01:18:09.184	0.94037	0.94062			6
2025.08.20	01:18:09.782		0.94059			4
2025.08.20	01:18:10.163		0.94063			4
2025.08.20	01:18:10.865		0.94061			4
2025.08.20	01:18:11.187		0.94063			4
2025.08.20	01:18:11.523	0.94036				2
2025.08.20	01:18:12.234	0.94037	0.94062			6
2025.08.20	01:18:12.541		0.94063			4
2025.08.20	01:18:13.482	0.94036				2
2025.08.20	01:18:13.787		0.94062			4
2025.08.20	01:18:15.553		0.94063			4
2025.08.20	01:18:16.061		0.94062			4
2025.08.20	01:18:18.178	0.94037				2
2025.08.20	01:18:18.494	0.94036	0.94061			6
2025.08.20	01:18:18.798	0.94037	0.94062			6
2025.08.20	01:18:19.219	0.94036				2
2025.08.20	01:18:20.346	0.94037				2
2025.08.20	01:18:21.307	0.94036				2
2025.08.20	01:18:22.351		0.94061			4
2025.08.20	01:18:22.703		0.94062			4
2025.08.20	01:18:24.160		0.94063			4
2025.08.20	01:18:24.513		0.94062			4
2025.08.20	01:18:25.148	0.94037				2
2025.08.20	01:18:26.300		0.94063			4
2025.08.20	01:18:26.632		0.94062			4
2025.08.20	01:18:27.274		0.94063			4
2025.08.20	01:18:27.603		0.94062			4
2025.08.20	01:18:28.371		0.94063			4
2025.08.20	01:18:28.684		0.94062			4
2025.08.20	01:18:30.703		0.94061			4
2025.08.20	01:18:31.091		0.94062			4
2025.08.20	01:18:33.835		0.94060			4
2025.08.20	01:18:35.234		0.94061			4
2025.08.20	01:18:36.969	0.94038	0.94060			6
2025.08.20	01:18:37.276	0.94037				2
2025.08.20	01:18:40.101		0.94058			4
2025.08.20	01:18:40.960		0.94059			4
2025.08.20	01:18:41.352		0.94060			4
2025.08.20	01:18:41.973		0.94059			4
2025.08.20	01:18:43.064		0.94058			4
2025.08.20	01:18:43.962		0.94059			4
2025.08.20	01:18:45.832		0.94062			4
2025.08.20	01:18:46.361		0.94061			4
2025.08.20	01:18:46.882		0.94059			4
2025.08.20	01:18:47.209		0.94062			4
2025.08.20	01:18:47.513		0.94060			4
2025.08.20	01:18:48.231		0.94061			4
2025.08.20	01:18:49.495		0.94060			4
2025.08.20	01:18:50.963		0.94058			4
2025.08.20	01:18:51.285		0.94059			4
2025.08.20	01:18:51.688	0.94038	0.94058			6
2025.08.20	01:18:52.025	0.94037	0.94059			6
2025.08.20	01:18:56.461		0.94060			4
2025.08.20	01:19:00.648	0.94037	0.94059			6
2025.08.20	01:19:01.322		0.94060			4
2025.08.20	01:19:03.379		0.94059			4
2025.08.20	01:19:04.120	0.94038	0.94058			6
2025.08.20	01:19:04.491		0.94059			4
2025.08.20	01:19:04.814	0.94037	0.94060			6
2025.08.20	01:19:06.517	0.94039	0.94054			6
2025.08.20	01:19:06.820	0.94036	0.94057			6
2025.08.20	01:19:07.245		0.94055			4
2025.08.20	01:19:07.792	0.94042				2
2025.08.20	01:19:08.289	0.94041	0.94054			6
2025.08.20	01:19:18.734	0.94046	0.94057			6
2025.08.20	01:19:19.058	0.94045				2
2025.08.20	01:19:19.670	0.94046	0.94056			6
2025.08.20	01:19:20.817	0.94047				2
2025.08.20	01:19:21.166		0.94057			4
2025.08.20	01:19:22.749	0.94049	0.94058			6
2025.08.20	01:19:23.060	0.94050	0.94062			6
2025.08.20	01:19:23.733	0.94049				2
2025.08.20	01:19:24.356		0.94061			4
2025.08.20	01:19:24.946	0.94048	0.94058			6
2025.08.20	01:19:25.825	0.94047	0.94057			6
2025.08.20	01:19:26.171	0.94048				2
2025.08.20	01:19:26.865	0.94051	0.94059			6
2025.08.20	01:19:27.248	0.94049				2
2025.08.20	01:19:28.967		0.94058			4
2025.08.20	01:19:30.765		0.94059			4
2025.08.20	01:19:31.260	0.94053	0.94061			6
2025.08.20	01:19:35.086	0.94048	0.94059			6
2025.08.20	01:19:36.015	0.94049				2
2025.08.20	01:19:37.266		0.94058			4
2025.08.20	01:19:37.577		0.94055			4
2025.08.20	01:19:38.577		0.94057			4
2025.08.20	01:19:38.880	0.94048	0.94056			6
2025.08.20	01:19:39.447	0.94049	0.94058			6
2025.08.20	01:19:39.764		0.94057			4
2025.08.20	01:19:40.459	0.94050				2
2025.08.20	01:19:41.490	0.94049				2
2025.08.20	01:19:41.845	0.94050				2
2025.08.20	01:19:43.064		0.94058			4
2025.08.20	01:19:51.579	0.94051				2
2025.08.20	01:19:52.661	0.94050				2
2025.08.20	01:19:53.487	0.94051				2
2025.08.20	01:19:54.705	0.94050				2
2025.08.20	01:19:55.610	0.94051				2
2025.08.20	01:19:56.794	0.94055	0.94065			6
2025.08.20	01:19:57.437		0.94064			4
2025.08.20	01:19:57.758		0.94065			4
2025.08.20	01:19:58.174		0.94066			4
2025.08.20	01:19:58.482		0.94064			4
2025.08.20	01:19:58.805		0.94066			4
2025.08.20	01:19:59.510		0.94064			4
2025.08.20	01:19:59.820		0.94066			4
2025.08.20	01:20:00.148	0.94052	0.94063			6
2025.08.20	01:20:00.458	0.94054				2
2025.08.20	01:20:00.883	0.94055				2
2025.08.20	01:20:01.641		0.94064			4
2025.08.20	01:20:01.960		0.94063			4
2025.08.20	01:20:02.687	0.94056				2
2025.08.20	01:20:03.583		0.94064			4
2025.08.20	01:20:09.053	0.94055	0.94067			6
2025.08.20	01:20:09.881		0.94068			4
2025.08.20	01:20:10.189		0.94067			4
2025.08.20	01:20:10.498	0.94052	0.94068			6
2025.08.20	01:20:10.861	0.94051	0.94067			6
2025.08.20	01:20:12.538	0.94050	0.94068			6
2025.08.20	01:20:16.121		0.94070			4
2025.08.20	01:20:17.205	0.94052	0.94069			6
2025.08.20	01:20:17.582	0.94053	0.94068			6
2025.08.20	01:20:20.037		0.94066			4
2025.08.20	01:20:22.576		0.94065			4
2025.08.20	01:20:23.158		0.94066			4
2025.08.20	01:20:23.605		0.94067			4
2025.08.20	01:20:25.172		0.94065			4
2025.08.20	01:20:25.717		0.94066			4
2025.08.20	01:20:27.592		0.94067			4
2025.08.20	01:20:28.071		0.94066			4
2025.08.20	01:20:28.827		0.94067			4
2025.08.20	01:20:30.926		0.94068			4
2025.08.20	01:20:31.619		0.94067			4
2025.08.20	01:20:31.962		0.94068			4
2025.08.20	01:20:32.765		0.94067			4
2025.08.20	01:20:34.487	0.94052	0.94066			6
2025.08.20	01:20:35.643	0.94053				2
2025.08.20	01:20:37.683	0.94052				2
2025.08.20	01:20:39.904		0.94065			4
2025.08.20	01:20:40.362	0.94053				2
2025.08.20	01:20:43.975	0.94052				2
2025.08.20	01:20:44.565	0.94053				2
2025.08.20	01:20:45.809	0.94052				2
2025.08.20	01:20:46.352	0.94053				2
2025.08.20	01:20:47.981	0.94052				2
2025.08.20	01:20:48.987	0.94053				2
2025.08.20	01:20:49.694		0.94066			4
2025.08.20	01:20:51.833	0.94054				2
2025.08.20	01:20:55.874	0.94053				2
2025.08.20	01:20:56.560	0.94054				2
2025.08.20	01:21:00.339	0.94052	0.94068			6
2025.08.20	01:21:01.961		0.94067			4
2025.08.20	01:21:03.574	0.94055	0.94068			6
2025.08.20	01:21:03.883	0.94054				2
2025.08.20	01:21:04.361	0.94055				2
2025.08.20	01:21:04.801	0.94054				2
2025.08.20	01:21:05.627	0.94055	0.94069			6
2025.08.20	01:21:07.061		0.94068			4
2025.08.20	01:21:16.871	0.94054	0.94067			6
2025.08.20	01:21:17.268	0.94055	0.94068			6
2025.08.20	01:21:17.872	0.94054	0.94067			6
2025.08.20	01:21:24.162	0.94055	0.94068			6
2025.08.20	01:21:25.812	0.94056				2
2025.08.20	01:21:27.458	0.94055				2
2025.08.20	01:21:27.941	0.94054				2
2025.08.20	01:21:28.275	0.94055				2
2025.08.20	01:21:28.599	0.94054				2
2025.08.20	01:21:31.462		0.94069			4
2025.08.20	01:21:32.491	0.94055	0.94068			6
2025.08.20	01:21:35.217		0.94067			4
2025.08.20	01:21:36.461	0.94054				2
2025.08.20	01:21:38.261		0.94068			4
2025.08.20	01:21:39.812		0.94067			4
2025.08.20	01:21:46.996	0.94053				2
2025.08.20	01:21:49.372	0.94054				2
2025.08.20	01:21:58.692		0.94066			4
2025.08.20	01:22:00.760	0.94054	0.94068			6
2025.08.20	01:22:01.095		0.94067			4
2025.08.20	01:22:03.769		0.94068			4
2025.08.20	01:22:04.070		0.94067			4
2025.08.20	01:22:06.764		0.94068			4
2025.08.20	01:22:07.735		0.94067			4
2025.08.20	01:22:08.864		0.94068			4
2025.08.20	01:22:15.215	0.94053				2
2025.08.20	01:22:15.697	0.94054				2
2025.08.20	01:22:21.236		0.94067			4
2025.08.20	01:22:23.263		0.94068			4
2025.08.20	01:22:23.869		0.94069			4
2025.08.20	01:22:24.554		0.94068			4
2025.08.20	01:22:25.361		0.94069			4
2025.08.20	01:22:27.066		0.94068			4
2025.08.20	01:22:29.015		0.94069			4
2025.08.20	01:22:29.361		0.94068			4
2025.08.20	01:22:31.541	0.94055				2
2025.08.20	01:22:32.342	0.94054	0.94067			6
2025.08.20	01:22:32.775		0.94068			4
2025.08.20	01:22:33.141		0.94067			4
2025.08.20	01:22:34.172		0.94068			4
2025.08.20	01:22:34.516		0.94067			4
2025.08.20	01:22:34.836		0.94068			4
2025.08.20	01:22:35.315		0.94067			4
2025.08.20	01:22:36.164		0.94068			4
2025.08.20	01:22:37.328		0.94067			4
2025.08.20	01:22:37.894	0.94055	0.94068			6
2025.08.20	01:22:39.401	0.94054				2
2025.08.20	01:22:39.782	0.94055				2
2025.08.20	01:22:40.096	0.94054	0.94067			6
2025.08.20	01:22:44.916		0.94068			4
2025.08.20	01:22:46.164		0.94067			4
2025.08.20	01:22:47.103		0.94069			4
2025.08.20	01:22:48.060	0.94055	0.94068			6
2025.08.20	01:22:51.747	0.94052	0.94065			6
2025.08.20	01:22:55.199	0.94050				2
2025.08.20	01:22:56.564	0.94051	0.94064			6
2025.08.20	01:23:00.163	0.94051	0.94065			6
2025.08.20	01:23:01.453		0.94064			4
2025.08.20	01:23:02.072		0.94065			4
2025.08.20	01:23:03.525		0.94064			4
2025.08.20	01:23:04.361		0.94065			4
2025.08.20	01:23:05.601		0.94064			4
2025.08.20	01:23:06.462		0.94065			4
2025.08.20	01:23:07.672		0.94064			4
2025.08.20	01:23:08.562		0.94065			4
2025.08.20	01:23:08.945		0.94064			4
2025.08.20	01:23:16.995		0.94065			4
2025.08.20	01:23:18.113	0.94050				2
2025.08.20	01:23:18.813		0.94064			4
2025.08.20	01:23:21.185		0.94065			4
2025.08.20	01:23:22.061		0.94064			4
2025.08.20	01:23:23.349		0.94065			4
2025.08.20	01:23:24.164		0.94064			4
2025.08.20	01:23:25.217	0.94051				2
2025.08.20	01:23:26.364	0.94050	0.94065			6
2025.08.20	01:23:28.529	0.94051				2
2025.08.20	01:23:29.565		0.94064			4
2025.08.20	01:23:30.384		0.94065			4
2025.08.20	01:23:31.363	0.94050	0.94064			6
2025.08.20	01:23:33.062	0.94051				2
2025.08.20	01:23:37.334		0.94065			4
2025.08.20	01:23:38.177	0.94050				2
2025.08.20	01:23:47.049	0.94051	0.94064			6
2025.08.20	01:23:58.579		0.94065			4
2025.08.20	01:24:00.389	0.94051				2
2025.08.20	01:24:01.360	0.94050				2
2025.08.20	01:24:02.396	0.94051				2
2025.08.20	01:24:03.160	0.94050				2
2025.08.20	01:24:04.277	0.94051				2
2025.08.20	01:24:05.218	0.94050	0.94066			6
2025.08.20	01:24:07.409	0.94051	0.94065			6
2025.08.20	01:24:09.464	0.94050				2
2025.08.20	01:24:09.799		0.94064			4
2025.08.20	01:24:10.756	0.94051	0.94065			6
2025.08.20	01:24:11.919	0.94050	0.94066			6
2025.08.20	01:24:14.901	0.94051	0.94065			6
2025.08.20	01:24:15.416	0.94053	0.94070			6
2025.08.20	01:24:15.720	0.94054	0.94068			6
2025.08.20	01:24:16.172	0.94053	0.94069			6
2025.08.20	01:24:16.767		0.94068			4
2025.08.20	01:24:17.557		0.94070			4
2025.08.20	01:24:17.867	0.94055	0.94068			6
2025.08.20	01:24:18.235	0.94054	0.94069			6
2025.08.20	01:24:18.900	0.94055	0.94068			6
2025.08.20	01:24:19.241		0.94069			4
2025.08.20	01:24:19.672	0.94054	0.94070			6
2025.08.20	01:24:21.118	0.94053				2
2025.08.20	01:24:22.032	0.94054				2
2025.08.20	01:24:22.383	0.94053				2
2025.08.20	01:24:23.078	0.94054				2
2025.08.20	01:24:23.418	0.94053				2
2025.08.20	01:24:24.113	0.94054				2
2025.08.20	01:24:24.454	0.94053				2
2025.08.20	01:24:25.158	0.94054	0.94069			6
2025.08.20	01:24:25.490	0.94053	0.94070			6
2025.08.20	01:24:26.203	0.94054				2
2025.08.20	01:24:26.523	0.94053				2
2025.08.20	01:24:27.105	0.94054				2
2025.08.20	01:24:28.292	0.94055	0.94069			6
2025.08.20	01:24:29.536	0.94054	0.94070			6
2025.08.20	01:24:30.349	0.94055	0.94069			6
2025.08.20	01:24:30.669	0.94054	0.94070			6
2025.08.20	01:24:33.552	0.94055	0.94069			6
2025.08.20	01:24:37.689		0.94070			4
2025.08.20	01:24:39.771		0.94069			4
2025.08.20	01:24:40.715		0.94070			4
2025.08.20	01:24:47.819	0.94050	0.94067			6
2025.08.20	01:24:48.604	0.94048	0.94068			6
2025.08.20	01:24:49.063		0.94067			4
2025.08.20	01:24:50.034	0.94049				2
2025.08.20	01:24:51.463	0.94048				2
2025.08.20	01:24:53.227	0.94049				2
2025.08.20	01:24:58.214	0.94048	0.94065			6
2025.08.20	01:25:00.342	0.94048				2
2025.08.20	01:25:02.734		0.94067			4
2025.08.20	01:25:03.067	0.94047				2
2025.08.20	01:25:03.772	0.94048	0.94066			6
2025.08.20	01:25:05.717	0.94047	0.94067			6
2025.08.20	01:25:10.746	0.94048				2
2025.08.20	01:25:13.707	0.94047				2
2025.08.20	01:25:14.091	0.94048	0.94066			6
2025.08.20	01:25:14.758		0.94068			4
2025.08.20	01:25:16.060		0.94067			4
2025.08.20	01:25:17.862		0.94068			4
2025.08.20	01:25:19.566		0.94067			4
2025.08.20	01:25:24.954	0.94047				2
2025.08.20	01:25:27.661	0.94048				2
2025.08.20	01:25:31.687		0.94068			4
2025.08.20	01:25:32.494		0.94067			4
2025.08.20	01:25:35.499	0.94047				2
2025.08.20	01:25:36.106	0.94048	0.94066			6
2025.08.20	01:25:36.477		0.94067			4
2025.08.20	01:25:39.160		0.94066			4
2025.08.20	01:25:39.490	0.94047	0.94068			6
2025.08.20	01:25:39.802	0.94048	0.94067			6
2025.08.20	01:25:40.305		0.94066			4
2025.08.20	01:25:40.653	0.94047				2
2025.08.20	01:25:41.350		0.94067			4
2025.08.20	01:25:42.856		0.94066			4
2025.08.20	01:25:43.750	0.94048				2
2025.08.20	01:25:51.602	0.94047	0.94067			6
2025.08.20	01:25:52.662	0.94046	0.94064			6
2025.08.20	01:25:53.706		0.94063			4
2025.08.20	01:25:54.747	0.94045	0.94065			6
2025.08.20	01:25:55.696		0.94064			4
2025.08.20	01:25:58.606	0.94044	0.94065			6
2025.08.20	01:25:58.930	0.94045	0.94064			6
2025.08.20	01:25:59.262	0.94046				2
2025.08.20	01:25:59.870		0.94063			4
2025.08.20	01:26:00.796	0.94045	0.94064			6
2025.08.20	01:26:01.104		0.94062			4
2025.08.20	01:26:01.975	0.94046	0.94063			6
2025.08.20	01:26:02.973	0.94045				2
2025.08.20	01:26:03.925	0.94046	0.94062			6
2025.08.20	01:26:06.124	0.94045	0.94063			6
2025.08.20	01:26:06.652	0.94046	0.94062			6
2025.08.20	01:26:07.419	0.94045	0.94064			6
2025.08.20	01:26:08.039	0.94044	0.94063			6
2025.08.20	01:26:08.348	0.94045	0.94062			6
2025.08.20	01:26:09.146		0.94063			4
2025.08.20	01:26:10.192		0.94061			4
2025.08.20	01:26:15.225	0.94044	0.94063			6
2025.08.20	01:26:15.538		0.94062			4
2025.08.20	01:26:16.442	0.94045	0.94060			6
2025.08.20	01:26:19.269		0.94061			4
2025.08.20	01:26:19.620	0.94044				2
2025.08.20	01:26:20.888	0.94045				2
2025.08.20	01:26:21.947	0.94044				2
2025.08.20	01:26:27.119		0.94062			4
2025.08.20	01:26:27.436	0.94045	0.94061			6
2025.08.20	01:26:28.281	0.94044	0.94062			6
2025.08.20	01:26:28.584		0.94059			4
2025.08.20	01:26:28.887		0.94061			4
2025.08.20	01:26:29.370	0.94045				2
2025.08.20	01:26:30.414	0.94044				2
2025.08.20	01:26:30.750	0.94045				2
2025.08.20	01:26:33.546		0.94060			4
2025.08.20	01:26:35.016		0.94061			4
2025.08.20	01:26:36.761		0.94060			4
2025.08.20	01:26:39.562		0.94061			4
2025.08.20	01:26:41.280		0.94060			4
2025.08.20	01:26:45.370		0.94061			4
2025.08.20	01:26:46.060		0.94060			4
2025.08.20	01:26:47.441	0.94046				2
2025.08.20	01:26:47.835	0.94045	0.94061			6
2025.08.20	01:26:51.091		0.94060			4
2025.08.20	01:26:58.965	0.94046	0.94059			6
2025.08.20	01:26:59.288	0.94045	0.94061			6
2025.08.20	01:27:00.356	0.94045				2
2025.08.20	01:27:05.699	0.94046	0.94060			6
2025.08.20	01:27:09.647	0.94045	0.94061			6
2025.08.20	01:27:11.313	0.94044	0.94062			6
2025.08.20	01:27:15.160	0.94045	0.94061			6
2025.08.20	01:27:16.653	0.94044	0.94062			6
2025.08.20	01:27:17.189	0.94045	0.94061			6
2025.08.20	01:27:18.662	0.94044				2
2025.08.20	01:27:20.585	0.94045				2
2025.08.20	01:27:25.973	0.94044				2
2025.08.20	01:27:30.160		0.94062			4
2025.08.20	01:27:30.483	0.94045	0.94061			6
2025.08.20	01:27:32.285	0.94044				2
2025.08.20	01:27:42.971	0.94045				2
2025.08.20	01:28:01.363	0.94046	0.94060			6
2025.08.20	01:28:02.861	0.94045				2
2025.08.20	01:28:04.662	0.94046				2
2025.08.20	01:28:05.045	0.94047	0.94061			6
2025.08.20	01:28:06.096		0.94059			4
2025.08.20	01:28:07.163		0.94060			4
2025.08.20	01:28:08.161		0.94059			4
2025.08.20	01:28:11.334	0.94046				2
2025.08.20	01:28:11.640	0.94047				2
2025.08.20	01:28:13.563		0.94060			4
2025.08.20	01:28:14.515	0.94046				2
2025.08.20	01:28:14.816	0.94047	0.94059			6
2025.08.20	01:28:17.744	0.94046				2
2025.08.20	01:28:18.584	0.94047	0.94060			6
2025.08.20	01:28:19.823	0.94048				2
2025.08.20	01:28:20.864	0.94047				2
2025.08.20	01:28:21.461	0.94048				2
2025.08.20	01:28:22.957	0.94047				2
2025.08.20	01:28:23.862	0.94048				2
2025.08.20	01:28:25.003	0.94047				2
2025.08.20	01:28:25.662	0.94053	0.94065			6
2025.08.20	01:28:25.970	0.94052				2
2025.08.20	01:28:26.574	0.94051	0.94067			6
2025.08.20	01:28:26.877		0.94063			4
2025.08.20	01:28:27.186		0.94062			4
2025.08.20	01:28:27.866	0.94050				2
2025.08.20	01:28:29.162	0.94051	0.94063			6
2025.08.20	01:28:30.087	0.94049				2
2025.08.20	01:28:30.400	0.94050	0.94064			6
2025.08.20	01:28:31.295	0.94052	0.94063			6
2025.08.20	01:28:33.467	0.94051				2
2025.08.20	01:28:36.512		0.94064			4
2025.08.20	01:28:37.270	0.94052				2
2025.08.20	01:28:40.504	0.94050	0.94068			6
2025.08.20	01:28:40.846	0.94052	0.94064			6
2025.08.20	01:28:42.534	0.94051	0.94065			6
2025.08.20	01:28:42.843		0.94067			4
2025.08.20	01:28:43.759	0.94052	0.94066			6
2025.08.20	01:28:44.795	0.94051	0.94067			6
2025.08.20	01:28:45.694	0.94050				2
2025.08.20	01:28:45.997	0.94052	0.94064			6
2025.08.20	01:28:46.299	0.94051				2
2025.08.20	01:28:46.930		0.94063			4
2025.08.20	01:28:51.010	0.94050	0.94064			6
2025.08.20	01:28:52.043	0.94051	0.94063			6
2025.08.20	01:28:52.430	0.94047				2
2025.08.20	01:28:52.738	0.94048	0.94060			6
2025.08.20	01:28:53.475	0.94046	0.94061			6
2025.08.20	01:28:53.858	0.94055	0.94071			6
2025.08.20	01:28:54.175	0.94054				2
2025.08.20	01:28:54.489	0.94056	0.94068			6
2025.08.20	01:28:55.414		0.94070			4
2025.08.20	01:28:56.062	0.94057	0.94073			6
2025.08.20	01:28:56.371	0.94056	0.94072			6
2025.08.20	01:28:56.700		0.94069			4
2025.08.20	01:28:57.347	0.94055				2
2025.08.20	01:29:00.205	0.94055				2
2025.08.20	01:29:00.925	0.94056	0.94068			6
2025.08.20	01:29:01.536		0.94069			4
2025.08.20	01:29:02.728	0.94055				2
2025.08.20	01:29:03.837	0.94056	0.94068			6
2025.08.20	01:29:07.157	0.94055	0.94067			6
2025.08.20	01:29:07.847	0.94056				2
2025.08.20	01:29:08.556	0.94055	0.94068			6
2025.08.20	01:29:09.072	0.94056	0.94067			6
2025.08.20	01:29:10.082	0.94055	0.94068			6
2025.08.20	01:29:11.013		0.94070			4
2025.08.20	01:29:11.317	0.94058	0.94071			6
2025.08.20	01:29:12.090	0.94056	0.94073			6
2025.08.20	01:29:12.407	0.94057	0.94070			6
2025.08.20	01:29:13.342		0.94071			4
2025.08.20	01:29:14.351	0.94056	0.94069			6
2025.08.20	01:29:16.575	0.94055	0.94070			6
2025.08.20	01:29:16.899	0.94058				2
2025.08.20	01:29:17.615	0.94056	0.94069			6
2025.08.20	01:29:18.021		0.94070			4
2025.08.20	01:29:18.511	0.94055				2
2025.08.20	01:29:20.308		0.94069			4
2025.08.20	01:29:20.645		0.94070			4
2025.08.20	01:29:20.959	0.94054				2
2025.08.20	01:29:22.200	0.94055				2
2025.08.20	01:29:22.775		0.94069			4
2025.08.20	01:29:23.196	0.94054	0.94070			6
2025.08.20	01:29:25.123	0.94055				2
2025.08.20	01:29:26.009		0.94069			4
2025.08.20	01:29:26.326	0.94054	0.94070			6
2025.08.20	01:29:26.807	0.94058	0.94072			6
2025.08.20	01:29:27.114	0.94059	0.94070			6
2025.08.20	01:29:27.831	0.94058				2
2025.08.20	01:29:29.974		0.94071			4
2025.08.20	01:29:30.644	0.94054	0.94069			6
2025.08.20	01:29:30.997		0.94068			4
2025.08.20	01:29:32.041	0.94055	0.94069			6
2025.08.20	01:29:32.361	0.94056	0.94068			6
2025.08.20	01:29:33.048	0.94055				2
2025.08.20	01:29:33.591	0.94056	0.94069			6
2025.08.20	01:29:34.150	0.94055	0.94068			6
2025.08.20	01:29:34.497	0.94056				2
2025.08.20	01:29:36.187	0.94055	0.94069			6
2025.08.20	01:29:41.477		0.94068			4
2025.08.20	01:29:43.363		0.94069			4
2025.08.20	01:29:44.391		0.94068			4
2025.08.20	01:29:45.314	0.94054	0.94069			6
2025.08.20	01:29:46.588	0.94055				2
2025.08.20	01:29:47.375	0.94056				2
2025.08.20	01:29:48.030	0.94054				2
2025.08.20	01:29:48.557		0.94068			4
2025.08.20	01:29:48.858		0.94069			4
2025.08.20	01:29:49.606	0.94055				2
2025.08.20	01:29:50.684	0.94054				2
2025.08.20	01:29:51.728	0.94055				2
2025.08.20	01:29:52.087	0.94053				2
2025.08.20	01:29:52.685	0.94054				2
2025.08.20	01:29:53.112	0.94053				2
2025.08.20	01:29:54.715	0.94054				2
2025.08.20	01:29:55.031	0.94053	0.94070			6
2025.08.20	01:29:55.736	0.94054	0.94069			6
2025.08.20	01:29:56.067	0.94053				2
2025.08.20	01:30:00.293	0.94053				2
2025.08.20	01:30:00.805	0.94054	0.94068			6
2025.08.20	01:30:01.176	0.94053	0.94069			6
2025.08.20	01:30:01.819	0.94054				2
2025.08.20	01:30:03.287	0.94057	0.94066			6
2025.08.20	01:30:03.612	0.94056	0.94065			6
2025.08.20	01:30:03.916	0.94057	0.94066			6
2025.08.20	01:30:06.946	0.94055	0.94069			6
2025.08.20	01:30:07.260	0.94053				2
2025.08.20	01:30:08.973		0.94070			4
2025.08.20	01:30:10.416		0.94069			4
2025.08.20	01:30:11.081		0.94070			4
2025.08.20	01:30:15.438		0.94069			4
2025.08.20	01:30:16.147		0.94070			4
2025.08.20	01:30:17.275	0.94055	0.94069			6
2025.08.20	01:30:17.578	0.94052	0.94070			6
2025.08.20	01:30:18.986	0.94054	0.94071			6
2025.08.20	01:30:19.730	0.94052				2
2025.08.20	01:30:20.071	0.94054				2
2025.08.20	01:30:20.709	0.94052				2
2025.08.20	01:30:23.611	0.94053	0.94070			6
2025.08.20	01:30:23.944		0.94071			4
2025.08.20	01:30:24.631	0.94052	0.94070			6
2025.08.20	01:30:25.094	0.94053	0.94071			6
2025.08.20	01:30:25.640	0.94064	0.94076			6
2025.08.20	01:30:25.969	0.94062	0.94077			6
2025.08.20	01:30:27.293	0.94063				2
2025.08.20	01:30:27.603		0.94076			4
2025.08.20	01:30:28.682	0.94062	0.94078			6
2025.08.20	01:30:28.997	0.94063				2
2025.08.20	01:30:29.679	0.94062				2
2025.08.20	01:30:30.820	0.94064	0.94076			6
2025.08.20	01:30:31.134	0.94062				2
2025.08.20	01:30:31.438	0.94063	0.94077			6
2025.08.20	01:30:31.833	0.94062	0.94078			6
2025.08.20	01:30:32.136	0.94063	0.94076			6
2025.08.20	01:30:32.453	0.94061	0.94078			6
2025.08.20	01:30:32.834	0.94062				2
2025.08.20	01:30:33.928	0.94061				2
2025.08.20	01:30:34.249	0.94062				2
2025.08.20	01:30:34.613	0.94063	0.94077			6
2025.08.20	01:30:35.777	0.94062	0.94078			6
2025.08.20	01:30:36.561	0.94064	0.94076			6
2025.08.20	01:30:36.877	0.94062	0.94078			6
2025.08.20	01:30:37.798	0.94063	0.94077			6
2025.08.20	01:30:38.563	0.94064				2
2025.08.20	01:30:38.877	0.94063				2
2025.08.20	01:30:41.858	0.94066	0.94081			6
2025.08.20	01:30:42.160	0.94065	0.94078			6
2025.08.20	01:30:42.570	0.94064	0.94079			6
2025.08.20	01:30:43.048	0.94067	0.94080			6
2025.08.20	01:30:43.355	0.94066				2
2025.08.20	01:30:43.714	0.94067				2
2025.08.20	01:30:44.186		0.94079			4
2025.08.20	01:30:44.498	0.94068	0.94080			6
2025.08.20	01:30:45.459	0.94069				2
2025.08.20	01:30:46.449	0.94068	0.94081			6
2025.08.20	01:30:46.759	0.94069				2
2025.08.20	01:30:47.071		0.94082			4
2025.08.20	01:30:48.480	0.94067				2
2025.08.20	01:30:48.916	0.94069	0.94081			6
2025.08.20	01:30:49.271		0.94082			4
2025.08.20	01:30:56.363	0.94070	0.94081			6
2025.08.20	01:30:57.370	0.94069				2
2025.08.20	01:30:57.678	0.94068	0.94083			6
2025.08.20	01:30:58.156	0.94067	0.94082			6
2025.08.20	01:31:00.657	0.94067	0.94083			6
2025.08.20	01:31:00.975		0.94082			4
2025.08.20	01:31:01.735	0.94069	0.94081			6
2025.08.20	01:31:02.081	0.94067	0.94082			6
2025.08.20	01:31:03.122	0.94066	0.94083			6
2025.08.20	01:31:03.823	0.94068	0.94082			6
2025.08.20	01:31:04.137	0.94067	0.94083			6
2025.08.20	01:31:04.867	0.94068	0.94082			6
2025.08.20	01:31:05.189	0.94066	0.94083			6
2025.08.20	01:31:05.929	0.94069	0.94081			6
2025.08.20	01:31:06.240	0.94066	0.94083			6
2025.08.20	01:31:06.984	0.94068	0.94081			6
2025.08.20	01:31:07.327	0.94065	0.94083			6
2025.08.20	01:31:07.665	0.94066				2
2025.08.20	01:31:08.224	0.94065				2
2025.08.20	01:31:08.622	0.94067				2
2025.08.20	01:31:09.261	0.94066				2
2025.08.20	01:31:11.336		0.94082			4
2025.08.20	01:31:11.638	0.94065	0.94083			6
2025.08.20	01:31:11.944	0.94067				2
2025.08.20	01:31:12.257	0.94068	0.94082			6
2025.08.20	01:31:12.580	0.94065	0.94083			6
2025.08.20	01:31:13.410		0.94082			4
2025.08.20	01:31:13.721		0.94083			4
2025.08.20	01:31:14.354	0.94066	0.94082			6
2025.08.20	01:31:14.657	0.94065	0.94083			6
2025.08.20	01:31:15.477		0.94082			4
2025.08.20	01:31:15.781		0.94083			4
2025.08.20	01:31:16.515	0.94066				2
2025.08.20	01:31:19.624		0.94082			4
2025.08.20	01:31:19.939	0.94067	0.94083			6
2025.08.20	01:31:20.664	0.94066				2
2025.08.20	01:31:21.677	0.94067	0.94082			6
2025.08.20	01:31:21.982	0.94066	0.94083			6
2025.08.20	01:31:22.710	0.94068	0.94081			6
2025.08.20	01:31:23.026	0.94067	0.94082			6
2025.08.20	01:31:26.859	0.94068	0.94081			6
2025.08.20	01:31:27.184	0.94067	0.94082			6
2025.08.20	01:31:28.236	0.94065				2
2025.08.20	01:31:30.311	0.94067				2
2025.08.20	01:31:32.054		0.94081			4
2025.08.20	01:31:32.370	0.94065	0.94082			6
2025.08.20	01:31:32.697	0.94067				2
2025.08.20	01:31:34.117	0.94068	0.94081			6
2025.08.20	01:31:34.420	0.94067	0.94082			6
2025.08.20	01:31:34.846	0.94068				2
2025.08.20	01:31:35.161	0.94067				2
2025.08.20	01:31:36.161	0.94068	0.94081			6
2025.08.20	01:31:36.492	0.94067	0.94082			6
2025.08.20	01:31:36.829	0.94065				2
2025.08.20	01:31:37.233	0.94067				2
2025.08.20	01:31:39.095	0.94068	0.94081			6
2025.08.20	01:31:39.434	0.94067	0.94082			6
2025.08.20	01:31:40.137		0.94080			4
2025.08.20	01:31:40.508	0.94065	0.94082			6
2025.08.20	01:31:40.833	0.94066				2
2025.08.20	01:31:42.412	0.94067	0.94081			6
2025.08.20	01:31:42.727	0.94066	0.94082			6
2025.08.20	01:31:43.368	0.94067				2
2025.08.20	01:31:44.535	0.94066				2
2025.08.20	01:31:45.434	0.94056	0.94070			6
2025.08.20	01:31:45.744		0.94068			4
2025.08.20	01:31:46.058	0.94057	0.94072			6
2025.08.20	01:31:46.363		0.94068			4
2025.08.20	01:31:46.667	0.94058	0.94070			6
2025.08.20	01:31:46.978	0.94055				2
2025.08.20	01:31:47.301	0.94056	0.94069			6
2025.08.20	01:31:47.611		0.94071			4
2025.08.20	01:31:47.919	0.94057	0.94070			6
2025.08.20	01:31:48.267	0.94056	0.94071			6
2025.08.20	01:31:48.578		0.94069			4
2025.08.20	01:31:48.898		0.94070			4
2025.08.20	01:31:49.207	0.94058	0.94071			6
2025.08.20	01:31:49.532	0.94057	0.94070			6
2025.08.20	01:31:49.854	0.94056	0.94071			6
2025.08.20	01:31:50.696	0.94058	0.94070			6
2025.08.20	01:31:51.741	0.94057				2
2025.08.20	01:31:52.784		0.94069			4
2025.08.20	01:31:53.098		0.94070			4
2025.08.20	01:31:53.831	0.94058				2
2025.08.20	01:31:54.139	0.94057				2
2025.08.20	01:31:55.856	0.94056				2
2025.08.20	01:31:56.157		0.94071			4
2025.08.20	01:31:56.501	0.94057	0.94070			6
2025.08.20	01:31:56.862	0.94058				2
2025.08.20	01:31:57.197	0.94057	0.94071			6
2025.08.20	01:31:57.932	0.94055	0.94069			6
2025.08.20	01:31:58.259	0.94053	0.94070			6
2025.08.20	01:31:58.597	0.94056	0.94069			6
2025.08.20	01:31:58.919	0.94054	0.94071			6
2025.08.20	01:31:59.637	0.94055	0.94070			6
2025.08.20	01:32:00.195	0.94055				2
2025.08.20	01:32:00.581	0.94060	0.94073			6
2025.08.20	01:32:00.890	0.94061	0.94072			6
2025.08.20	01:32:01.230		0.94073			4
2025.08.20	01:32:01.578		0.94074			4
2025.08.20	01:32:01.963	0.94060				2
2025.08.20	01:32:03.854	0.94059				2
2025.08.20	01:32:04.894	0.94060				2
2025.08.20	01:32:05.938	0.94061				2
2025.08.20	01:32:06.842		0.94073			4
2025.08.20	01:32:07.180	0.94059	0.94074			6
2025.08.20	01:32:07.663	0.94060				2
2025.08.20	01:32:08.026	0.94062	0.94073			6
2025.08.20	01:32:09.023	0.94065	0.94077			6
2025.08.20	01:32:09.338		0.94078			4
2025.08.20	01:32:09.780	0.94066	0.94077			6
2025.08.20	01:32:12.187	0.94064				2
2025.08.20	01:32:12.597	0.94062				2
2025.08.20	01:32:12.922	0.94061	0.94079			6
2025.08.20	01:32:13.570	0.94062	0.94078			6
2025.08.20	01:32:14.035	0.94061				2
2025.08.20	01:32:15.916	0.94062	0.94076			6
2025.08.20	01:32:16.217		0.94078			4
2025.08.20	01:32:18.746		0.94079			4
2025.08.20	01:32:19.103	0.94067	0.94082			6
2025.08.20	01:32:19.774	0.94066				2
2025.08.20	01:32:20.135	0.94068	0.94081			6
2025.08.20	01:32:21.180	0.94067	0.94082			6
2025.08.20	01:32:22.222	0.94066				2
2025.08.20	01:32:23.267	0.94061	0.94077			6
2025.08.20	01:32:24.354	0.94060				2
2025.08.20	01:32:24.758		0.94078			4
2025.08.20	01:32:25.473	0.94067	0.94082			6
2025.08.20	01:32:25.779	0.94069	0.94084			6
2025.08.20	01:32:26.102	0.94071	0.94082			6
2025.08.20	01:32:26.412	0.94069	0.94085			6
2025.08.20	01:32:26.819	0.94070	0.94083			6
2025.08.20	01:32:27.455	0.94071				2
2025.08.20	01:32:27.853	0.94070	0.94084			6
2025.08.20	01:32:28.525	0.94071	0.94082			6
2025.08.20	01:32:28.890	0.94069	0.94084			6
2025.08.20	01:32:29.778	0.94071				2
2025.08.20	01:32:30.079	0.94069	0.94085			6
2025.08.20	01:32:31.026	0.94072	0.94083			6
2025.08.20	01:32:31.415	0.94070	0.94084			6
2025.08.20	01:32:32.204	0.94071	0.94083			6
2025.08.20	01:32:34.352		0.94084			4
2025.08.20	01:32:35.220		0.94083			4
2025.08.20	01:32:36.179		0.94084			4
2025.08.20	01:32:36.535	0.94070				2
2025.08.20	01:32:37.268	0.94071				2
2025.08.20	01:32:37.629	0.94070				2
2025.08.20	01:32:40.390	0.94072	0.94083			6
2025.08.20	01:32:40.713	0.94071	0.94084			6
2025.08.20	01:32:41.349		0.94083			4
2025.08.20	01:32:41.770	0.94070	0.94084			6
2025.08.20	01:32:42.073	0.94071	0.94082			6
2025.08.20	01:32:42.392	0.94069	0.94084			6
2025.08.20	01:32:42.697		0.94083			4
2025.08.20	01:32:46.441	0.94071	0.94082			6
2025.08.20	01:32:46.798	0.94069	0.94083			6
2025.08.20	01:32:47.100	0.94070	0.94082			6
2025.08.20	01:32:47.484	0.94068	0.94084			6
2025.08.20	01:32:47.835	0.94070	0.94083			6
2025.08.20	01:32:48.153		0.94082			4
2025.08.20	01:32:48.503	0.94069	0.94083			6
2025.08.20	01:32:49.646		0.94084			4
2025.08.20	01:32:50.055	0.94071	0.94082			6
2025.08.20	01:32:50.437	0.94070				2
2025.08.20	01:32:50.771		0.94083			4
2025.08.20	01:32:51.289	0.94069	0.94084			6
2025.08.20	01:32:51.612	0.94070	0.94082			6
2025.08.20	01:32:51.938	0.94068	0.94085			6
2025.08.20	01:32:52.350	0.94070	0.94083			6
2025.08.20	01:32:52.705	0.94068	0.94084			6
2025.08.20	01:32:53.435	0.94071	0.94082			6
2025.08.20	01:32:53.750	0.94068	0.94084			6
2025.08.20	01:32:54.792	0.94069	0.94083			6
2025.08.20	01:32:55.124	0.94068	0.94084			6
2025.08.20	01:32:55.837	0.94070	0.94082			6
2025.08.20	01:32:56.141	0.94069	0.94084			6
2025.08.20	01:32:56.880	0.94070	0.94082			6
2025.08.20	01:32:57.191	0.94069	0.94083			6
2025.08.20	01:32:58.968		0.94084			4
2025.08.20	01:33:00.012	0.94069	0.94083			6
2025.08.20	01:33:00.417		0.94084			4
2025.08.20	01:33:04.260		0.94083			4
2025.08.20	01:33:07.320		0.94084			4
2025.08.20	01:33:09.384		0.94083			4
2025.08.20	01:33:10.451	0.94070	0.94081			6
2025.08.20	01:33:10.757	0.94067	0.94083			6
2025.08.20	01:33:11.278	0.94068				2
2025.08.20	01:33:11.680		0.94082			4
2025.08.20	01:33:13.753	0.94069	0.94081			6
2025.08.20	01:33:15.459	0.94068	0.94082			6
2025.08.20	01:33:16.877	0.94069	0.94081			6
2025.08.20	01:33:19.960	0.94068	0.94082			6
2025.08.20	01:33:20.830	0.94069	0.94081			6
2025.08.20	01:33:22.547	0.94068	0.94082			6
2025.08.20	01:33:23.655	0.94066				2
2025.08.20	01:33:24.370	0.94067				2
2025.08.20	01:33:26.840	0.94068	0.94081			6
2025.08.20	01:33:27.860	0.94071	0.94084			6
2025.08.20	01:33:28.163	0.94072	0.94086			6
2025.08.20	01:33:31.079	0.94068				2
2025.08.20	01:33:32.270		0.94085			4
2025.08.20	01:33:34.725		0.94082			4
2025.08.20	01:33:35.063	0.94066	0.94084			6
2025.08.20	01:33:36.970		0.94083			4
2025.08.20	01:33:39.043		0.94084			4
2025.08.20	01:33:40.962		0.94083			4
2025.08.20	01:33:43.188		0.94084			4
2025.08.20	01:33:44.229		0.94083			4
2025.08.20	01:33:54.003	0.94067				2
2025.08.20	01:33:56.050	0.94066				2
2025.08.20	01:33:59.219	0.94067				2
2025.08.20	01:34:01.420	0.94066				2
2025.08.20	01:34:03.822	0.94067				2
2025.08.20	01:34:04.298		0.94082			4
2025.08.20	01:34:05.885	0.94068	0.94083			6
2025.08.20	01:34:06.483		0.94082			4
2025.08.20	01:34:08.263	0.94067	0.94083			6
2025.08.20	01:34:17.931		0.94084			4
2025.08.20	01:34:33.159		0.94083			4
2025.08.20	01:34:38.342	0.94068	0.94082			6
2025.08.20	01:34:41.184		0.94083			4
2025.08.20	01:34:41.564	0.94067				2
2025.08.20	01:34:42.307	0.94068				2
2025.08.20	01:34:42.617	0.94067				2
2025.08.20	01:34:48.009	0.94069	0.94084			6
2025.08.20	01:34:48.351	0.94068				2
2025.08.20	01:34:50.261		0.94085			4
2025.08.20	01:34:53.492		0.94084			4
2025.08.20	01:34:55.061		0.94085			4
2025.08.20	01:34:57.761		0.94084			4
2025.08.20	01:35:00.014	0.94068	0.94085			6
2025.08.20	01:35:02.860		0.94084			4
2025.08.20	01:35:06.717		0.94082			4
2025.08.20	01:35:13.483	0.94065	0.94081			6
2025.08.20	01:35:15.657		0.94080			4
2025.08.20	01:35:19.518	0.94064				2
2025.08.20	01:35:33.476		0.94081			4
2025.08.20	01:35:34.618		0.94080			4
2025.08.20	01:35:36.682	0.94065	0.94078			6
2025.08.20	01:35:36.998	0.94061	0.94076			6
2025.08.20	01:35:40.656	0.94062	0.94075			6
2025.08.20	01:35:41.110	0.94061	0.94076			6
2025.08.20	01:35:42.730		0.94075			4
2025.08.20	01:35:43.961		0.94076			4
2025.08.20	01:35:44.850	0.94062	0.94078			6
2025.08.20	01:35:45.219	0.94063				2
2025.08.20	01:35:46.876	0.94062	0.94077			6
2025.08.20	01:35:49.960	0.94061				2
2025.08.20	01:35:52.055	0.94062	0.94076			6
2025.08.20	01:35:58.280	0.94063	0.94077			6
2025.08.20	01:35:59.361	0.94062	0.94076			6
2025.08.20	01:36:00.215	0.94061				2
2025.08.20	01:36:00.520	0.94063				2
2025.08.20	01:36:02.295		0.94075			4
2025.08.20	01:36:03.460		0.94076			4
2025.08.20	01:36:05.400		0.94075			4
2025.08.20	01:36:07.060		0.94074			4
2025.08.20	01:36:07.377	0.94061	0.94075			6
2025.08.20	01:36:08.334	0.94060	0.94076			6
2025.08.20	01:36:09.368	0.94061	0.94075			6
2025.08.20	01:36:11.345	0.94060	0.94076			6
2025.08.20	01:36:12.424	0.94059				2
2025.08.20	01:36:13.426	0.94060				2
2025.08.20	01:36:14.468	0.94059				2
2025.08.20	01:36:14.783	0.94061				2
2025.08.20	01:36:15.223	0.94060				2
2025.08.20	01:36:15.950	0.94061	0.94075			6
2025.08.20	01:36:16.258	0.94060	0.94076			6
2025.08.20	01:36:19.061	0.94062	0.94074			6
2025.08.20	01:36:19.367	0.94060	0.94076			6
2025.08.20	01:36:20.297	0.94063	0.94074			6
2025.08.20	01:36:20.599	0.94060	0.94076			6
2025.08.20	01:36:21.537	0.94061	0.94075			6
2025.08.20	01:36:22.642	0.94060				2
2025.08.20	01:36:23.649	0.94061				2
2025.08.20	01:36:24.655	0.94060	0.94076			6
2025.08.20	01:36:25.677	0.94061	0.94075			6
2025.08.20	01:36:26.675	0.94060	0.94076			6
2025.08.20	01:36:27.688		0.94075			4
2025.08.20	01:36:28.713	0.94059	0.94076			6
2025.08.20	01:36:29.740		0.94077			4
2025.08.20	01:36:31.557	0.94061	0.94074			6
2025.08.20	01:36:31.866	0.94060	0.94076			6
2025.08.20	01:36:33.797	0.94059	0.94077			6
2025.08.20	01:36:34.804		0.94076			4
2025.08.20	01:36:35.166	0.94061				2
2025.08.20	01:36:35.821		0.94077			4
2025.08.20	01:36:36.815		0.94076			4
2025.08.20	01:36:37.853		0.94075			4
2025.08.20	01:36:39.217	0.94062	0.94079			6
2025.08.20	01:36:39.565	0.94063	0.94078			6
2025.08.20	01:36:41.632	0.94064				2
2025.08.20	01:36:45.816	0.94063				2
2025.08.20	01:36:48.998	0.94062	0.94077			6
2025.08.20	01:36:49.959	0.94063	0.94078			6
2025.08.20	01:36:51.462	0.94062				2
2025.08.20	01:36:53.071	0.94063				2
2025.08.20	01:36:54.162	0.94062				2
2025.08.20	01:36:54.831	0.94061				2
2025.08.20	01:36:55.318	0.94062				2
2025.08.20	01:36:57.404	0.94063				2
2025.08.20	01:36:58.448	0.94062				2
2025.08.20	01:36:59.494	0.94063	0.94077			6
2025.08.20	01:36:59.850	0.94062	0.94078			6
2025.08.20	01:37:00.536	0.94062				2
2025.08.20	01:37:03.510		0.94077			4
2025.08.20	01:37:03.824		0.94078			4
2025.08.20	01:37:07.837	0.94063				2
2025.08.20	01:37:09.465	0.94062				2
2025.08.20	01:37:10.948	0.94063				2
2025.08.20	01:37:13.660	0.94062				2
2025.08.20	01:37:14.975	0.94063				2
2025.08.20	01:37:15.653	0.94064				2
2025.08.20	01:37:17.160	0.94065				2
2025.08.20	01:37:17.939	0.94063				2
2025.08.20	01:37:24.348		0.94077			4
2025.08.20	01:37:25.961		0.94078			4
2025.08.20	01:37:28.562		0.94077			4
2025.08.20	01:37:31.262		0.94078			4
2025.08.20	01:37:32.533	0.94064	0.94077			6
2025.08.20	01:37:33.871	0.94063	0.94078			6
2025.08.20	01:37:35.361	0.94064				2
2025.08.20	01:37:36.835	0.94065	0.94077			6
2025.08.20	01:37:38.860	0.94064	0.94078			6
