<DATE>	<TIME>	<BID>	<ASK>	<LAST>	<VOLUME>	<FLAGS>
2025.12.16	00:03:31.454	0.93429	0.93661			6
2025.12.16	00:04:06.525	0.93429				2
2025.12.16	00:04:50.950		0.93661			4
2025.12.16	00:05:05.857	0.93429				2
2025.12.16	00:05:52.425		0.93661			4
2025.12.16	00:06:05.522	0.93429				2
2025.12.16	00:06:54.893		0.93661			4
2025.12.16	00:07:01.514	0.93429				2
2025.12.16	00:07:56.792		0.93661			4
2025.12.16	00:08:00.535	0.93429				2
2025.12.16	00:08:57.511		0.93661			4
2025.12.16	00:09:00.374	0.93429				2
2025.12.16	00:09:59.182		0.93661			4
2025.12.16	00:10:00.187	0.93429	0.93630			6
2025.12.16	00:10:01.932	0.93406				2
2025.12.16	00:10:11.458	0.93427	0.93624			6
2025.12.16	00:10:11.801		0.93623			4
2025.12.16	00:10:12.109		0.93624			4
2025.12.16	00:10:12.986		0.93623			4
2025.12.16	00:10:13.320		0.93624			4
2025.12.16	00:10:13.693	0.93436				2
2025.12.16	00:10:14.014	0.93427				2
2025.12.16	00:10:14.789		0.93621			4
2025.12.16	00:10:15.090		0.93623			4
2025.12.16	00:10:15.398	0.93444				2
2025.12.16	00:10:15.705		0.93622			4
2025.12.16	00:10:16.025	0.93453	0.93623			6
2025.12.16	00:10:16.336	0.93427	0.93624			6
2025.12.16	00:10:17.109		0.93623			4
2025.12.16	00:10:17.472		0.93624			4
2025.12.16	00:10:17.790		0.93623			4
2025.12.16	00:10:18.101		0.93624			4
2025.12.16	00:10:18.792		0.93623			4
2025.12.16	00:10:19.141		0.93621			4
2025.12.16	00:10:19.474		0.93620			4
2025.12.16	00:10:19.791	0.93451	0.93621			6
2025.12.16	00:10:20.115	0.93427				2
2025.12.16	00:10:20.852	0.93436	0.93620			6
2025.12.16	00:10:21.158	0.93427	0.93622			6
2025.12.16	00:10:21.553		0.93621			4
2025.12.16	00:10:21.859		0.93619			4
2025.12.16	00:10:22.218		0.93620			4
2025.12.16	00:10:22.703	0.93437	0.93621			6
2025.12.16	00:10:23.072	0.93427	0.93622			6
2025.12.16	00:10:23.374		0.93621			4
2025.12.16	00:10:23.680	0.93444	0.93623			6
2025.12.16	00:10:23.981	0.93427	0.93625			6
2025.12.16	00:10:24.299	0.93437	0.93626			6
2025.12.16	00:10:24.790	0.93427	0.93625			6
2025.12.16	00:10:25.289	0.93437	0.93627			6
2025.12.16	00:10:26.290		0.93626			4
2025.12.16	00:10:27.172		0.93627			4
2025.12.16	00:10:28.342		0.93626			4
2025.12.16	00:10:31.408		0.93627			4
2025.12.16	00:10:31.798		0.93628			4
2025.12.16	00:10:33.911	0.93456	0.93625			6
2025.12.16	00:10:34.217	0.93427	0.93626			6
2025.12.16	00:10:34.520	0.93444				2
2025.12.16	00:10:34.855	0.93427	0.93627			6
2025.12.16	00:10:35.352	0.93447	0.93626			6
2025.12.16	00:10:35.653	0.93427	0.93628			6
2025.12.16	00:10:36.335	0.93446	0.93627			6
2025.12.16	00:10:36.657	0.93439				2
2025.12.16	00:10:36.961	0.93436	0.93626			6
2025.12.16	00:10:37.299	0.93446	0.93627			6
2025.12.16	00:10:37.608	0.93447				2
2025.12.16	00:10:37.909	0.93429				2
2025.12.16	00:10:38.274	0.93436	0.93628			6
2025.12.16	00:10:39.387	0.93439				2
2025.12.16	00:10:40.069	0.93447				2
2025.12.16	00:10:40.371	0.93439				2
2025.12.16	00:10:41.009	0.93436				2
2025.12.16	00:10:41.331	0.93444				2
2025.12.16	00:10:41.642	0.93429				2
2025.12.16	00:10:41.957	0.93436				2
2025.12.16	00:10:42.266	0.93439				2
2025.12.16	00:10:42.592	0.93442				2
2025.12.16	00:10:42.914	0.93436	0.93627			6
2025.12.16	00:10:43.245		0.93628			4
2025.12.16	00:10:43.549		0.93626			4
2025.12.16	00:10:43.859	0.93429	0.93627			6
2025.12.16	00:10:44.159	0.93447	0.93626			6
2025.12.16	00:10:44.471	0.93446	0.93625			6
2025.12.16	00:10:44.805	0.93429	0.93626			6
2025.12.16	00:10:45.117	0.93427	0.93624			6
2025.12.16	00:10:45.449		0.93625			4
2025.12.16	00:10:45.761		0.93624			4
2025.12.16	00:10:46.370		0.93625			4
2025.12.16	00:10:46.678	0.93437	0.93624			6
2025.12.16	00:10:47.004	0.93427				2
2025.12.16	00:10:47.309		0.93623			4
2025.12.16	00:10:47.632	0.93444				2
2025.12.16	00:10:47.938	0.93427	0.93622			6
2025.12.16	00:10:48.262		0.93623			4
2025.12.16	00:10:48.572	0.93436				2
2025.12.16	00:10:48.893	0.93437				2
2025.12.16	00:10:49.512	0.93444	0.93622			6
2025.12.16	00:10:49.823	0.93427	0.93621			6
2025.12.16	00:10:50.128		0.93623			4
2025.12.16	00:10:50.599		0.93622			4
2025.12.16	00:10:50.937		0.93624			4
2025.12.16	00:10:51.244	0.93437	0.93622			6
2025.12.16	00:10:51.566	0.93436	0.93623			6
2025.12.16	00:10:51.870	0.93427	0.93622			6
2025.12.16	00:10:52.177	0.93439	0.93621			6
2025.12.16	00:10:52.490	0.93427	0.93624			6
2025.12.16	00:10:53.631		0.93625			4
2025.12.16	00:10:57.121		0.93626			4
2025.12.16	00:11:00.531	0.93427				2
2025.12.16	00:11:02.100	0.93459	0.93625			6
2025.12.16	00:11:02.402	0.93427	0.93623			6
2025.12.16	00:11:02.709		0.93622			4
2025.12.16	00:11:03.038	0.93455	0.93623			6
2025.12.16	00:11:03.379	0.93427	0.93622			6
2025.12.16	00:11:03.706	0.93455	0.93623			6
2025.12.16	00:11:04.017	0.93456	0.93622			6
2025.12.16	00:11:04.328	0.93446	0.93623			6
2025.12.16	00:11:04.636	0.93429	0.93634			6
2025.12.16	00:11:06.242	0.93444	0.93618			6
2025.12.16	00:11:07.484		0.93619			4
2025.12.16	00:11:08.011		0.93618			4
2025.12.16	00:11:09.482	0.93427	0.93619			6
2025.12.16	00:11:09.809		0.93620			4
2025.12.16	00:11:10.422	0.93444	0.93618			6
2025.12.16	00:11:17.047		0.93617			4
2025.12.16	00:11:22.039	0.93427	0.93620			6
2025.12.16	00:11:22.970	0.93444	0.93617			6
2025.12.16	00:11:27.685		0.93623			4
2025.12.16	00:11:28.453	0.93427	0.93620			6
2025.12.16	00:11:28.760		0.93619			4
2025.12.16	00:11:29.084		0.93620			4
2025.12.16	00:11:29.387	0.93444	0.93617			6
2025.12.16	00:11:30.367		0.93616			4
2025.12.16	00:11:34.803	0.93427	0.93620			6
2025.12.16	00:11:35.107		0.93621			4
2025.12.16	00:11:35.413		0.93620			4
2025.12.16	00:11:35.739	0.93444	0.93616			6
2025.12.16	00:11:37.530		0.93617			4
2025.12.16	00:11:39.039	0.93429				2
2025.12.16	00:11:45.524		0.93616			4
2025.12.16	00:11:46.558		0.93617			4
2025.12.16	00:11:48.566	0.93444				2
2025.12.16	00:11:49.475		0.93616			4
2025.12.16	00:11:49.947	0.93429	0.93617			6
2025.12.16	00:11:53.973		0.93616			4
2025.12.16	00:11:54.472		0.93617			4
2025.12.16	00:11:56.927	0.93444	0.93612			6
2025.12.16	00:11:58.349		0.93611			4
2025.12.16	00:12:01.266	0.93444				2
2025.12.16	00:12:07.760	0.93429	0.93610			6
2025.12.16	00:12:08.246		0.93609			4
2025.12.16	00:12:08.767		0.93612			4
2025.12.16	00:12:09.154		0.93611			4
2025.12.16	00:12:14.283		0.93614			4
2025.12.16	00:12:19.285		0.93611			4
2025.12.16	00:12:25.208	0.93444	0.93612			6
2025.12.16	00:12:28.344		0.93611			4
2025.12.16	00:12:29.613	0.93429	0.93624			6
2025.12.16	00:12:30.114	0.93444	0.93615			6
2025.12.16	00:12:30.670	0.93429	0.93623			6
2025.12.16	00:12:31.051	0.93444	0.93614			6
2025.12.16	00:12:32.611		0.93615			4
2025.12.16	00:12:37.923	0.93430	0.93632			6
2025.12.16	00:12:38.229		0.93631			4
2025.12.16	00:12:38.768		0.93626			4
2025.12.16	00:12:39.729		0.93630			4
2025.12.16	00:12:40.534		0.93632			4
2025.12.16	00:12:40.855	0.93447	0.93622			6
2025.12.16	00:12:41.203		0.93615			4
2025.12.16	00:12:41.899		0.93618			4
2025.12.16	00:12:42.538		0.93616			4
2025.12.16	00:12:42.930		0.93631			4
2025.12.16	00:12:45.972		0.93632			4
2025.12.16	00:12:46.475	0.93444	0.93630			6
2025.12.16	00:12:46.867		0.93631			4
2025.12.16	00:12:47.281		0.93632			4
2025.12.16	00:12:48.143	0.93471	0.93622			6
2025.12.16	00:12:48.445	0.93467	0.93629			6
2025.12.16	00:12:53.319	0.93430	0.93632			6
2025.12.16	00:12:54.941	0.93467	0.93629			6
2025.12.16	00:12:55.833	0.93430	0.93632			6
2025.12.16	00:13:00.110	0.93430	0.93631			6
2025.12.16	00:13:00.536		0.93632			4
2025.12.16	00:13:02.807	0.93467	0.93629			6
2025.12.16	00:13:07.337	0.93430	0.93633			6
2025.12.16	00:13:08.339	0.93467	0.93629			6
2025.12.16	00:13:11.558	0.93430	0.93637			6
2025.12.16	00:13:12.107	0.93467	0.93629			6
2025.12.16	00:13:12.912	0.93430	0.93637			6
2025.12.16	00:13:44.780		0.93636			4
2025.12.16	00:13:56.539		0.93637			4
2025.12.16	00:14:00.514	0.93430				2
2025.12.16	00:14:07.787	0.93480	0.93614			6
2025.12.16	00:14:31.069	0.93479	0.93612			6
2025.12.16	00:14:50.344	0.93430	0.93636			6
2025.12.16	00:14:50.947		0.93638			4
2025.12.16	00:14:51.283		0.93646			4
2025.12.16	00:15:00.307	0.93444				2
2025.12.16	00:15:01.149	0.93448	0.93642			6
2025.12.16	00:15:01.499	0.93468	0.93639			6
2025.12.16	00:15:02.345	0.93445	0.93643			6
2025.12.16	00:15:02.755		0.93629			4
2025.12.16	00:15:03.063	0.93444	0.93625			6
2025.12.16	00:15:03.428		0.93626			4
2025.12.16	00:15:03.730		0.93624			4
2025.12.16	00:15:04.063	0.93499	0.93613			6
2025.12.16	00:15:05.738		0.93608			4
2025.12.16	00:15:06.051		0.93607			4
2025.12.16	00:15:06.693		0.93611			4
2025.12.16	00:15:07.041	0.93489	0.93612			6
2025.12.16	00:15:08.193	0.93495	0.93611			6
2025.12.16	00:15:10.698	0.93499	0.93614			6
2025.12.16	00:15:11.727	0.93498	0.93611			6
2025.12.16	00:15:15.419	0.93496				2
2025.12.16	00:15:30.105	0.93448	0.93616			6
2025.12.16	00:15:31.393	0.93438	0.93617			6
2025.12.16	00:15:36.966		0.93618			4
2025.12.16	00:15:45.109		0.93617			4
2025.12.16	00:15:55.622		0.93618			4
2025.12.16	00:15:56.988		0.93615			4
2025.12.16	00:15:57.988		0.93618			4
2025.12.16	00:16:00.364	0.93438				2
2025.12.16	00:16:05.236		0.93617			4
2025.12.16	00:16:07.699	0.93484	0.93616			6
2025.12.16	00:16:08.003	0.93486	0.93614			6
2025.12.16	00:16:08.328	0.93482				2
2025.12.16	00:16:11.796		0.93613			4
2025.12.16	00:16:13.431	0.93488				2
2025.12.16	00:16:14.458		0.93615			4
2025.12.16	00:16:16.939		0.93614			4
2025.12.16	00:16:18.325	0.93437				2
2025.12.16	00:16:38.471		0.93613			4
2025.12.16	00:16:54.089		0.93614			4
2025.12.16	00:16:55.865		0.93613			4
2025.12.16	00:16:56.248		0.93614			4
2025.12.16	00:17:00.068	0.93437				2
2025.12.16	00:17:03.328		0.93613			4
2025.12.16	00:17:18.966		0.93614			4
2025.12.16	00:17:47.066	0.93463	0.93603			6
2025.12.16	00:17:47.478		0.93602			4
2025.12.16	00:17:48.151		0.93604			4
2025.12.16	00:17:48.881		0.93601			4
2025.12.16	00:17:50.109	0.93476	0.93606			6
2025.12.16	00:17:51.922	0.93480	0.93608			6
2025.12.16	00:17:53.600	0.93487	0.93605			6
2025.12.16	00:17:54.312		0.93606			4
2025.12.16	00:17:55.754	0.93497	0.93604			6
2025.12.16	00:17:56.241		0.93606			4
2025.12.16	00:17:59.426	0.93490	0.93609			6
2025.12.16	00:17:59.859	0.93485	0.93608			6
2025.12.16	00:18:00.328	0.93485	0.93605			6
2025.12.16	00:18:00.867	0.93498	0.93608			6
2025.12.16	00:18:01.866		0.93609			4
2025.12.16	00:18:02.891		0.93613			4
2025.12.16	00:18:04.761		0.93612			4
2025.12.16	00:18:10.265	0.93503				2
2025.12.16	00:18:12.966		0.93611			4
2025.12.16	00:18:15.765	0.93509	0.93610			6
2025.12.16	00:18:16.173	0.93525	0.93618			6
2025.12.16	00:18:16.717	0.93517	0.93612			6
2025.12.16	00:18:17.216	0.93512	0.93608			6
2025.12.16	00:18:19.432	0.93511	0.93610			6
2025.12.16	00:18:20.558	0.93507	0.93606			6
2025.12.16	00:18:30.626	0.93451	0.93602			6
2025.12.16	00:18:42.884		0.93601			4
2025.12.16	00:18:59.451	0.93440	0.93599			6
2025.12.16	00:19:00.781	0.93440				2
2025.12.16	00:19:32.839	0.93430	0.93597			6
2025.12.16	00:19:41.074		0.93595			4
2025.12.16	00:19:41.653		0.93599			4
2025.12.16	00:19:45.863		0.93595			4
2025.12.16	00:19:51.328		0.93596			4
2025.12.16	00:19:52.343		0.93595			4
2025.12.16	00:19:54.722		0.93598			4
2025.12.16	00:19:55.709		0.93595			4
2025.12.16	00:20:00.197	0.93430	0.93599			6
2025.12.16	00:20:03.588		0.93600			4
2025.12.16	00:20:15.956	0.93431				2
2025.12.16	00:20:21.667		0.93599			4
2025.12.16	00:20:25.347	0.93442				2
2025.12.16	00:20:25.714		0.93606			4
2025.12.16	00:20:27.421		0.93599			4
2025.12.16	00:20:36.450		0.93598			4
2025.12.16	00:20:43.633		0.93599			4
2025.12.16	00:20:44.091		0.93635			4
2025.12.16	00:20:44.440		0.93636			4
2025.12.16	00:20:44.839		0.93635			4
2025.12.16	00:20:45.303		0.93636			4
2025.12.16	00:20:45.690		0.93635			4
2025.12.16	00:20:46.399		0.93636			4
2025.12.16	00:20:46.790		0.93635			4
2025.12.16	00:20:47.098		0.93636			4
2025.12.16	00:20:49.567		0.93620			4
2025.12.16	00:20:50.682		0.93634			4
2025.12.16	00:21:00.691	0.93442				2
2025.12.16	00:21:01.267		0.93633			4
2025.12.16	00:21:19.771		0.93638			4
2025.12.16	00:21:29.251		0.93633			4
2025.12.16	00:21:37.265		0.93632			4
2025.12.16	00:22:00.756	0.93442				2
2025.12.16	00:22:04.837		0.93637			4
2025.12.16	00:22:06.920		0.93631			4
2025.12.16	00:22:10.770		0.93634			4
2025.12.16	00:22:16.404		0.93630			4
2025.12.16	00:22:19.084		0.93610			4
2025.12.16	00:22:20.820		0.93609			4
2025.12.16	00:22:29.184	0.93430	0.93618			6
2025.12.16	00:22:31.566		0.93617			4
2025.12.16	00:22:59.342		0.93608			4
2025.12.16	00:22:59.713		0.93614			4
2025.12.16	00:23:00.537	0.93430				2
2025.12.16	00:23:19.565		0.93615			4
2025.12.16	00:23:29.926		0.93616			4
2025.12.16	00:23:34.940		0.93619			4
2025.12.16	00:23:42.331		0.93615			4
2025.12.16	00:23:50.978		0.93610			4
2025.12.16	00:24:00.375	0.93430				2
2025.12.16	00:24:06.966		0.93609			4
2025.12.16	00:24:10.949	0.93442	0.93611			6
2025.12.16	00:24:13.890	0.93443				2
2025.12.16	00:24:21.563	0.93430	0.93610			6
2025.12.16	00:24:52.690	0.93438				2
2025.12.16	00:24:54.799		0.93609			4
2025.12.16	00:25:00.373	0.93438				2
2025.12.16	00:25:02.809		0.93621			4
2025.12.16	00:25:03.873		0.93633			4
2025.12.16	00:25:06.963	0.93465	0.93611			6
2025.12.16	00:25:10.533	0.93457	0.93610			6
2025.12.16	00:25:14.765		0.93611			4
2025.12.16	00:25:20.390	0.93456	0.93612			6
2025.12.16	00:25:21.270	0.93463				2
2025.12.16	00:25:23.134	0.93495	0.93613			6
2025.12.16	00:25:27.493	0.93490	0.93609			6
2025.12.16	00:25:33.317	0.93495				2
2025.12.16	00:25:34.326	0.93499				2
2025.12.16	00:25:47.853	0.93459				2
2025.12.16	00:25:49.779	0.93500				2
2025.12.16	00:25:52.133	0.93503				2
2025.12.16	00:25:54.799	0.93502	0.93610			6
2025.12.16	00:25:55.402	0.93497				2
2025.12.16	00:26:00.332	0.93503				2
2025.12.16	00:26:02.588	0.93497				2
2025.12.16	00:26:15.327	0.93501				2
2025.12.16	00:26:20.458	0.93497				2
2025.12.16	00:26:30.333	0.93501				2
2025.12.16	00:26:40.643	0.93497				2
2025.12.16	00:26:42.955	0.93493	0.93614			6
2025.12.16	00:26:43.269	0.93498				2
2025.12.16	00:26:43.943	0.93502	0.93610			6
2025.12.16	00:26:45.327	0.93500				2
2025.12.16	00:26:55.457	0.93496				2
2025.12.16	00:26:57.558	0.93501				2
2025.12.16	00:26:58.054	0.93496				2
2025.12.16	00:26:58.409	0.93464				2
2025.12.16	00:26:59.064	0.93501				2
2025.12.16	00:26:59.370	0.93457				2
2025.12.16	00:26:59.672	0.93464				2
2025.12.16	00:27:00.087	0.93464				2
2025.12.16	00:27:00.396	0.93501				2
2025.12.16	00:27:00.701	0.93464				2
2025.12.16	00:27:01.113	0.93501				2
2025.12.16	00:27:01.892	0.93464				2
2025.12.16	00:27:02.193	0.93497				2
2025.12.16	00:27:02.813	0.93465				2
2025.12.16	00:27:03.531	0.93502				2
2025.12.16	00:27:04.267	0.93498	0.93605			6
2025.12.16	00:27:15.321	0.93501				2
2025.12.16	00:27:20.916	0.93492	0.93610			6
2025.12.16	00:27:46.309	0.93496				2
2025.12.16	00:27:51.858	0.93499	0.93612			6
2025.12.16	00:27:57.858	0.93495	0.93616			6
2025.12.16	00:27:59.434	0.93494				2
2025.12.16	00:28:00.534	0.93494				2
2025.12.16	00:28:06.918	0.93496	0.93611			6
2025.12.16	00:28:09.526	0.93497	0.93610			6
2025.12.16	00:28:16.919	0.93496	0.93611			6
2025.12.16	00:28:19.565	0.93495				2
2025.12.16	00:28:28.336		0.93610			4
2025.12.16	00:28:28.645		0.93611			4
2025.12.16	00:28:35.858	0.93496	0.93610			6
2025.12.16	00:28:37.260		0.93611			4
2025.12.16	00:28:46.931	0.93497	0.93609			6
2025.12.16	00:28:54.434	0.93500	0.93611			6
2025.12.16	00:29:00.947	0.93500				2
2025.12.16	00:29:10.994	0.93498				2
2025.12.16	00:29:16.933	0.93501	0.93610			6
2025.12.16	00:29:24.065	0.93500				2
2025.12.16	00:29:26.839	0.93499	0.93611			6
2025.12.16	00:29:39.527	0.93498	0.93612			6
2025.12.16	00:29:46.926	0.93500	0.93610			6
2025.12.16	00:29:51.665	0.93499				2
2025.12.16	00:29:56.925	0.93497	0.93612			6
2025.12.16	00:30:00.306	0.93496	0.93613			6
2025.12.16	00:30:00.674	0.93502	0.93599			6
2025.12.16	00:30:02.766		0.93598			4
2025.12.16	00:30:03.858	0.93501	0.93600			6
2025.12.16	00:30:09.067	0.93502	0.93599			6
2025.12.16	00:30:11.334	0.93505	0.93601			6
2025.12.16	00:30:15.864	0.93503	0.93599			6
2025.12.16	00:30:20.216	0.93500	0.93601			6
2025.12.16	00:30:21.417	0.93498	0.93603			6
2025.12.16	00:30:22.025	0.93500	0.93602			6
2025.12.16	00:30:22.525	0.93499				2
2025.12.16	00:30:23.566	0.93496	0.93604			6
2025.12.16	00:30:26.914	0.93503	0.93605			6
2025.12.16	00:30:28.191	0.93508	0.93604			6
2025.12.16	00:30:29.326	0.93504				2
2025.12.16	00:30:30.296	0.93505				2
2025.12.16	00:30:30.729	0.93504	0.93605			6
2025.12.16	00:30:32.467		0.93604			4
2025.12.16	00:30:35.466	0.93505				2
2025.12.16	00:30:36.422	0.93504				2
2025.12.16	00:30:38.152	0.93503				2
2025.12.16	00:30:38.459	0.93504				2
2025.12.16	00:30:39.177	0.93503				2
2025.12.16	00:30:40.113	0.93502				2
2025.12.16	00:30:40.687	0.93501	0.93605			6
2025.12.16	00:30:41.900	0.93507				2
2025.12.16	00:30:44.166		0.93604			4
2025.12.16	00:30:46.440	0.93508				2
2025.12.16	00:30:46.766	0.93511				2
2025.12.16	00:30:47.086	0.93509				2
2025.12.16	00:30:47.398	0.93510	0.93605			6
2025.12.16	00:30:47.700		0.93604			4
2025.12.16	00:30:48.005		0.93603			4
2025.12.16	00:30:48.335		0.93604			4
2025.12.16	00:30:48.995	0.93506	0.93608			6
2025.12.16	00:30:50.298	0.93507	0.93607			6
2025.12.16	00:30:50.654	0.93506				2
2025.12.16	00:30:50.981	0.93505	0.93608			6
2025.12.16	00:30:51.982	0.93504				2
2025.12.16	00:30:52.691	0.93506				2
2025.12.16	00:30:52.992	0.93507				2
2025.12.16	00:30:53.460		0.93607			4
2025.12.16	00:30:55.239	0.93505	0.93609			6
2025.12.16	00:30:55.783		0.93607			4
2025.12.16	00:30:56.241		0.93608			4
2025.12.16	00:30:56.815		0.93607			4
2025.12.16	00:30:57.245		0.93608			4
2025.12.16	00:30:59.322	0.93500				2
2025.12.16	00:31:00.036	0.93501				2
2025.12.16	00:31:00.476	0.93503	0.93607			6
2025.12.16	00:31:01.006	0.93502	0.93608			6
2025.12.16	00:31:01.957	0.93513	0.93602			6
2025.12.16	00:31:05.210	0.93512				2
2025.12.16	00:31:06.665	0.93513				2
2025.12.16	00:31:07.601	0.93510	0.93604			6
2025.12.16	00:31:07.968	0.93509	0.93605			6
2025.12.16	00:31:08.381	0.93510	0.93604			6
2025.12.16	00:31:08.721		0.93605			4
2025.12.16	00:31:09.357	0.93509	0.93606			6
2025.12.16	00:31:09.958	0.93510	0.93604			6
2025.12.16	00:31:11.466	0.93509	0.93605			6
2025.12.16	00:31:11.779		0.93604			4
2025.12.16	00:31:12.162		0.93603			4
2025.12.16	00:31:13.054	0.93508	0.93604			6
2025.12.16	00:31:15.366	0.93509	0.93603			6
2025.12.16	00:31:15.921	0.93508	0.93604			6
2025.12.16	00:31:16.959	0.93510	0.93602			6
2025.12.16	00:31:17.814	0.93511	0.93601			6
2025.12.16	00:31:21.219	0.93509	0.93600			6
2025.12.16	00:31:22.867		0.93599			4
2025.12.16	00:31:27.365	0.93510				2
2025.12.16	00:31:28.567	0.93509				2
2025.12.16	00:31:30.366	0.93510				2
2025.12.16	00:31:31.958		0.93601			4
2025.12.16	00:31:36.666	0.93511				2
2025.12.16	00:31:42.966		0.93600			4
2025.12.16	00:31:44.378	0.93510	0.93601			6
2025.12.16	00:31:45.967	0.93511				2
2025.12.16	00:31:46.958	0.93510	0.93598			6
2025.12.16	00:31:48.666	0.93511				2
2025.12.16	00:31:49.011		0.93597			4
2025.12.16	00:31:51.066	0.93512				2
2025.12.16	00:31:56.471	0.93515	0.93596			6
2025.12.16	00:31:58.566	0.93516				2
2025.12.16	00:31:59.066		0.93595			4
2025.12.16	00:32:01.308	0.93515	0.93596			6
2025.12.16	00:32:01.818	0.93507	0.93600			6
2025.12.16	00:32:02.374	0.93514				2
2025.12.16	00:32:02.690	0.93515				2
2025.12.16	00:32:04.011	0.93513	0.93599			6
2025.12.16	00:32:04.320	0.93514				2
2025.12.16	00:32:04.655	0.93515	0.93601			6
2025.12.16	00:32:05.489		0.93602			4
2025.12.16	00:32:09.667		0.93601			4
2025.12.16	00:32:10.464	0.93516	0.93600			6
2025.12.16	00:32:14.062		0.93601			4
2025.12.16	00:32:14.873		0.93600			4
2025.12.16	00:32:15.919		0.93601			4
2025.12.16	00:32:16.818	0.93517	0.93599			6
2025.12.16	00:32:20.165	0.93518	0.93598			6
2025.12.16	00:32:29.137	0.93487	0.93592			6
2025.12.16	00:32:29.461	0.93486	0.93593			6
2025.12.16	00:32:31.265	0.93484				2
2025.12.16	00:32:33.067		0.93592			4
2025.12.16	00:32:34.983	0.93485				2
2025.12.16	00:32:38.453		0.93591			4
2025.12.16	00:32:39.169	0.93489				2
2025.12.16	00:32:44.142		0.93595			4
2025.12.16	00:32:46.397	0.93484				2
2025.12.16	00:32:49.488	0.93485	0.93594			6
2025.12.16	00:32:51.966	0.93484				2
2025.12.16	00:32:56.766	0.93485				2
2025.12.16	00:32:59.144	0.93488	0.93591			6
2025.12.16	00:33:00.114	0.93486				2
2025.12.16	00:33:06.743	0.93489				2
2025.12.16	00:33:11.766	0.93488				2
2025.12.16	00:33:13.059	0.93492	0.93589			6
2025.12.16	00:33:14.140	0.93493	0.93592			6
2025.12.16	00:33:18.666	0.93498	0.93594			6
2025.12.16	00:33:18.966	0.93501	0.93593			6
2025.12.16	00:33:19.278	0.93505	0.93590			6
2025.12.16	00:33:20.141	0.93502	0.93594			6
2025.12.16	00:33:20.442	0.93498	0.93596			6
2025.12.16	00:33:21.567	0.93502	0.93593			6
2025.12.16	00:33:23.139	0.93490	0.93594			6
2025.12.16	00:33:23.447	0.93489	0.93595			6
2025.12.16	00:33:25.267	0.93490	0.93594			6
2025.12.16	00:33:26.324	0.93493				2
2025.12.16	00:33:29.141		0.93592			4
2025.12.16	00:33:30.426	0.93494	0.93591			6
2025.12.16	00:33:32.166		0.93590			4
2025.12.16	00:33:34.054	0.93491				2
2025.12.16	00:33:39.744	0.93490	0.93591			6
2025.12.16	00:33:41.765	0.93491	0.93590			6
2025.12.16	00:33:44.143	0.93494	0.93593			6
2025.12.16	00:33:49.059	0.93495				2
2025.12.16	00:33:59.141	0.93497	0.93591			6
2025.12.16	00:33:59.915	0.93530	0.93617			6
2025.12.16	00:34:00.357	0.93530				2
2025.12.16	00:34:01.156	0.93532	0.93621			6
2025.12.16	00:34:03.557	0.93531	0.93597			6
2025.12.16	00:34:05.566		0.93613			4
2025.12.16	00:34:09.377		0.93615			4
2025.12.16	00:34:09.868	0.93530	0.93617			6
2025.12.16	00:34:14.140	0.93527	0.93612			6
2025.12.16	00:34:15.067	0.93528	0.93613			6
2025.12.16	00:34:24.191		0.93614			4
2025.12.16	00:34:29.141	0.93534	0.93619			6
2025.12.16	00:34:30.145	0.93536	0.93607			6
2025.12.16	00:34:39.406		0.93609			4
2025.12.16	00:34:42.537	0.93537	0.93607			6
2025.12.16	00:34:43.566	0.93536				2
2025.12.16	00:34:44.161	0.93533	0.93611			6
2025.12.16	00:34:45.062		0.93608			4
2025.12.16	00:34:49.152		0.93607			4
2025.12.16	00:34:54.220	0.93535	0.93605			6
2025.12.16	00:34:54.967	0.93536				2
2025.12.16	00:35:00.313	0.93536				2
2025.12.16	00:35:04.235		0.93607			4
2025.12.16	00:35:09.223	0.93534	0.93609			6
2025.12.16	00:35:11.760		0.93610			4
2025.12.16	00:35:14.467		0.93609			4
2025.12.16	00:35:15.132		0.93606			4
2025.12.16	00:35:15.438	0.93540	0.93608			6
2025.12.16	00:35:16.867		0.93609			4
2025.12.16	00:35:19.265		0.93608			4
2025.12.16	00:35:21.057		0.93609			4
2025.12.16	00:35:22.059		0.93608			4
2025.12.16	00:35:24.066		0.93609			4
2025.12.16	00:35:25.851		0.93605			4
2025.12.16	00:35:27.966		0.93606			4
2025.12.16	00:35:30.532	0.93539				2
2025.12.16	00:35:37.565	0.93540	0.93605			6
2025.12.16	00:35:39.666		0.93606			4
2025.12.16	00:35:41.465	0.93539				2
2025.12.16	00:35:43.866	0.93540				2
2025.12.16	00:35:45.531	0.93538	0.93605			6
2025.12.16	00:35:50.391		0.93609			4
2025.12.16	00:35:50.716		0.93611			4
2025.12.16	00:35:51.836	0.93541	0.93610			6
2025.12.16	00:35:56.165		0.93609			4
2025.12.16	00:36:00.965	0.93541	0.93610			6
2025.12.16	00:36:01.884		0.93606			4
2025.12.16	00:36:03.574	0.93542	0.93605			6
2025.12.16	00:36:03.878		0.93606			4
2025.12.16	00:36:04.246		0.93604			4
2025.12.16	00:36:05.838		0.93605			4
2025.12.16	00:36:06.541		0.93604			4
2025.12.16	00:36:09.665	0.93541				2
2025.12.16	00:36:12.337	0.93542	0.93605			6
2025.12.16	00:36:13.656	0.93541				2
2025.12.16	00:36:15.966	0.93542				2
2025.12.16	00:36:20.161		0.93607			4
2025.12.16	00:36:24.366		0.93606			4
2025.12.16	00:36:26.168		0.93607			4
2025.12.16	00:36:26.913		0.93603			4
2025.12.16	00:36:28.266	0.93540	0.93604			6
2025.12.16	00:36:28.575		0.93605			4
2025.12.16	00:36:32.213	0.93541	0.93604			6
2025.12.16	00:36:34.567	0.93540				2
2025.12.16	00:36:35.893		0.93605			4
2025.12.16	00:36:36.326	0.93541	0.93606			6
2025.12.16	00:36:37.109	0.93539				2
2025.12.16	00:36:37.782	0.93540	0.93605			6
2025.12.16	00:36:39.368		0.93604			4
2025.12.16	00:36:47.466	0.93541				2
2025.12.16	00:36:47.926	0.93543				2
2025.12.16	00:36:50.031	0.93542	0.93605			6
2025.12.16	00:36:50.914	0.93541	0.93606			6
2025.12.16	00:36:53.287		0.93605			4
2025.12.16	00:37:00.535	0.93541				2
2025.12.16	00:37:05.767	0.93542				2
2025.12.16	00:37:08.118		0.93602			4
2025.12.16	00:37:09.150	0.93541	0.93603			6
2025.12.16	00:37:10.701		0.93604			4
2025.12.16	00:37:11.186	0.93540				2
2025.12.16	00:37:15.066	0.93541	0.93603			6
2025.12.16	00:37:26.237	0.93540				2
2025.12.16	00:37:28.567	0.93539				2
2025.12.16	00:37:30.530	0.93540	0.93602			6
2025.12.16	00:37:35.913	0.93542				2
2025.12.16	00:37:36.367	0.93543				2
2025.12.16	00:37:45.666		0.93601			4
2025.12.16	00:37:47.892	0.93542				2
2025.12.16	00:37:52.862	0.93544	0.93602			6
2025.12.16	00:37:57.666		0.93601			4
2025.12.16	00:38:00.946	0.93544				2
2025.12.16	00:38:02.165		0.93602			4
2025.12.16	00:38:05.166	0.93543				2
2025.12.16	00:38:06.217	0.93542	0.93601			6
2025.12.16	00:38:07.010		0.93602			4
2025.12.16	00:38:08.466		0.93601			4
2025.12.16	00:38:11.092	0.93541	0.93602			6
2025.12.16	00:38:11.719	0.93542	0.93601			6
2025.12.16	00:38:15.365		0.93602			4
2025.12.16	00:38:17.167		0.93601			4
2025.12.16	00:38:20.706	0.93545	0.93602			6
2025.12.16	00:38:21.027	0.93544				2
2025.12.16	00:38:21.967		0.93601			4
2025.12.16	00:38:28.021		0.93602			4
2025.12.16	00:38:28.349		0.93601			4
2025.12.16	00:38:30.532	0.93545				2
2025.12.16	00:38:34.264		0.93602			4
2025.12.16	00:38:36.293	0.93544	0.93601			6
2025.12.16	00:38:43.319	0.93542	0.93600			6
2025.12.16	00:38:45.066	0.93543				2
2025.12.16	00:38:49.705		0.93601			4
2025.12.16	00:38:50.207		0.93600			4
2025.12.16	00:38:50.765	0.93544				2
2025.12.16	00:38:51.200	0.93543	0.93601			6
2025.12.16	00:38:53.166	0.93542				2
2025.12.16	00:38:55.909	0.93545				2
2025.12.16	00:39:00.534	0.93545				2
2025.12.16	00:39:15.531		0.93602			4
2025.12.16	00:39:22.866		0.93601			4
2025.12.16	00:39:26.766		0.93602			4
2025.12.16	00:39:34.866		0.93601			4
2025.12.16	00:39:41.309		0.93602			4
2025.12.16	00:39:45.965		0.93601			4
2025.12.16	00:39:47.467		0.93602			4
2025.12.16	00:39:51.066	0.93546	0.93601			6
2025.12.16	00:39:51.438	0.93545	0.93600			6
2025.12.16	00:40:00.043	0.93545				2
2025.12.16	00:40:02.465	0.93544				2
2025.12.16	00:40:04.266	0.93545				2
2025.12.16	00:40:16.517	0.93546	0.93601			6
2025.12.16	00:40:20.947	0.93545	0.93600			6
2025.12.16	00:40:22.865		0.93599			4
2025.12.16	00:40:25.737	0.93546	0.93601			6
2025.12.16	00:40:28.865		0.93600			4
2025.12.16	00:40:32.075		0.93602			4
2025.12.16	00:40:35.264		0.93601			4
2025.12.16	00:40:36.364		0.93602			4
2025.12.16	00:40:36.946		0.93601			4
2025.12.16	00:40:42.665	0.93547				2
2025.12.16	00:40:45.366	0.93546	0.93602			6
2025.12.16	00:40:47.242	0.93545	0.93601			6
2025.12.16	00:40:48.961	0.93542	0.93604			6
2025.12.16	00:40:49.280	0.93544				2
2025.12.16	00:40:49.721	0.93546	0.93602			6
2025.12.16	00:40:50.900		0.93601			4
2025.12.16	00:40:51.348		0.93600			4
2025.12.16	00:40:56.310		0.93601			4
2025.12.16	00:40:59.353	0.93545	0.93602			6
2025.12.16	00:40:59.675	0.93544	0.93603			6
2025.12.16	00:41:00.297	0.93544				2
2025.12.16	00:41:00.965	0.93546	0.93601			6
2025.12.16	00:41:03.963		0.93600			4
2025.12.16	00:41:05.466	0.93545	0.93601			6
2025.12.16	00:41:09.367	0.93546				2
2025.12.16	00:41:16.612		0.93602			4
2025.12.16	00:41:16.986	0.93545				2
2025.12.16	00:41:17.622		0.93601			4
2025.12.16	00:41:19.158		0.93600			4
2025.12.16	00:41:23.466	0.93546				2
2025.12.16	00:41:25.266	0.93545				2
2025.12.16	00:41:29.458		0.93601			4
2025.12.16	00:41:35.034	0.93546				2
2025.12.16	00:41:36.189		0.93600			4
2025.12.16	00:41:36.591	0.93544	0.93599			6
2025.12.16	00:41:40.866	0.93546	0.93601			6
2025.12.16	00:41:41.309	0.93543	0.93599			6
2025.12.16	00:41:48.964	0.93542				2
2025.12.16	00:41:49.674	0.93540				2
2025.12.16	00:41:50.030	0.93541	0.93598			6
2025.12.16	00:41:50.898	0.93545				2
2025.12.16	00:41:56.839		0.93599			4
2025.12.16	00:42:00.180	0.93545				2
2025.12.16	00:42:14.767		0.93598			4
2025.12.16	00:42:15.088		0.93599			4
2025.12.16	00:42:16.615		0.93598			4
2025.12.16	00:42:17.766		0.93599			4
2025.12.16	00:42:27.003	0.93544	0.93598			6
2025.12.16	00:42:31.799	0.93545				2
2025.12.16	00:42:39.365	0.93544				2
2025.12.16	00:42:47.058	0.93545				2
2025.12.16	00:42:51.903	0.93543				2
2025.12.16	00:42:54.201	0.93544				2
2025.12.16	00:43:03.963	0.93544				2
2025.12.16	00:43:05.454	0.93543				2
2025.12.16	00:43:05.790	0.93545				2
2025.12.16	00:43:06.100	0.93543	0.93599			6
2025.12.16	00:43:06.404	0.93546	0.93608			6
2025.12.16	00:43:07.584	0.93544	0.93598			6
2025.12.16	00:43:11.050	0.93546	0.93599			6
2025.12.16	00:43:16.204		0.93606			4
2025.12.16	00:43:17.060	0.93545	0.93604			6
2025.12.16	00:43:20.898		0.93606			4
2025.12.16	00:43:21.404	0.93544	0.93607			6
2025.12.16	00:43:23.165	0.93545	0.93606			6
2025.12.16	00:43:27.978		0.93609			4
2025.12.16	00:43:29.642		0.93608			4
2025.12.16	00:43:30.142	0.93544	0.93609			6
2025.12.16	00:43:30.728	0.93545				2
2025.12.16	00:43:31.093		0.93608			4
2025.12.16	00:43:32.352	0.93541	0.93598			6
2025.12.16	00:43:33.131	0.93542				2
2025.12.16	00:43:33.714	0.93541				2
2025.12.16	00:43:34.127	0.93540				2
2025.12.16	00:43:35.969	0.93538				2
2025.12.16	00:43:37.539	0.93540				2
2025.12.16	00:43:39.286	0.93521	0.93597			6
2025.12.16	00:43:40.736		0.93594			4
2025.12.16	00:43:41.203	0.93516	0.93593			6
2025.12.16	00:43:41.678	0.93521	0.93594			6
2025.12.16	00:43:42.366		0.93595			4
2025.12.16	00:43:43.599		0.93596			4
2025.12.16	00:43:44.066		0.93598			4
2025.12.16	00:43:44.369		0.93599			4
2025.12.16	00:43:46.917	0.93537	0.93600			6
2025.12.16	00:43:47.244	0.93534				2
2025.12.16	00:43:47.581	0.93538	0.93601			6
2025.12.16	00:43:53.491	0.93539	0.93600			6
2025.12.16	00:43:54.720	0.93538	0.93601			6
2025.12.16	00:43:55.318	0.93536				2
2025.12.16	00:43:57.518	0.93541				2
2025.12.16	00:43:58.708		0.93600			4
2025.12.16	00:44:00.477	0.93541				2
2025.12.16	00:44:01.809	0.93539				2
2025.12.16	00:44:02.123	0.93538				2
2025.12.16	00:44:03.666	0.93539				2
2025.12.16	00:44:09.222	0.93540				2
2025.12.16	00:44:16.390	0.93542				2
2025.12.16	00:44:17.210	0.93541				2
2025.12.16	00:44:21.966	0.93540	0.93599			6
2025.12.16	00:44:27.215	0.93539				2
2025.12.16	00:44:31.078	0.93540	0.93600			6
2025.12.16	00:44:32.239	0.93541	0.93599			6
2025.12.16	00:44:32.725		0.93598			4
2025.12.16	00:44:33.070	0.93537				2
2025.12.16	00:44:34.092	0.93541				2
2025.12.16	00:44:41.155	0.93538				2
2025.12.16	00:44:41.975	0.93540	0.93597			6
2025.12.16	00:44:42.833		0.93598			4
2025.12.16	00:44:44.361	0.93539	0.93599			6
2025.12.16	00:44:47.583	0.93540				2
2025.12.16	00:44:49.093	0.93538				2
2025.12.16	00:44:50.763	0.93539	0.93598			6
2025.12.16	00:44:51.074	0.93540	0.93597			6
2025.12.16	00:44:57.438	0.93539	0.93599			6
2025.12.16	00:44:57.743		0.93598			4
2025.12.16	00:44:58.057	0.93540				2
2025.12.16	00:45:00.154	0.93538				2
2025.12.16	00:45:01.316	0.93537				2
2025.12.16	00:45:03.211	0.93516	0.93628			6
2025.12.16	00:45:06.663	0.93537	0.93598			6
2025.12.16	00:45:12.029	0.93555	0.93580			6
2025.12.16	00:45:15.136	0.93552				2
2025.12.16	00:45:16.390	0.93556				2
2025.12.16	00:45:19.661	0.93555				2
2025.12.16	00:45:23.724		0.93581			4
2025.12.16	00:45:27.308	0.93557				2
2025.12.16	00:45:28.074	0.93558				2
2025.12.16	00:45:31.724	0.93559	0.93580			6
2025.12.16	00:45:33.710		0.93579			4
2025.12.16	00:45:35.896	0.93558	0.93580			6
2025.12.16	00:45:42.308	0.93557				2
2025.12.16	00:45:48.405	0.93556	0.93581			6
2025.12.16	00:45:49.741	0.93557				2
2025.12.16	00:46:01.633	0.93556				2
2025.12.16	00:46:02.741	0.93557	0.93580			6
2025.12.16	00:46:03.667	0.93556	0.93581			6
2025.12.16	00:46:09.968	0.93557				2
2025.12.16	00:46:11.271	0.93558	0.93580			6
2025.12.16	00:46:12.303	0.93559	0.93581			6
2025.12.16	00:46:14.957	0.93556				2
2025.12.16	00:46:17.496	0.93557	0.93582			6
2025.12.16	00:46:21.365	0.93556				2
2025.12.16	00:46:23.355	0.93557				2
2025.12.16	00:46:25.252	0.93559				2
2025.12.16	00:46:28.192	0.93535				2
2025.12.16	00:46:28.963	0.93531	0.93581			6
2025.12.16	00:46:29.730		0.93580			4
2025.12.16	00:46:35.898		0.93581			4
2025.12.16	00:46:48.967	0.93539	0.93576			6
2025.12.16	00:46:49.291		0.93575			4
2025.12.16	00:46:49.697		0.93577			4
2025.12.16	00:46:53.465		0.93578			4
2025.12.16	00:46:54.386	0.93533	0.93580			6
2025.12.16	00:47:01.288	0.93533				2
2025.12.16	00:47:03.194	0.93515	0.93591			6
2025.12.16	00:47:06.632	0.93534	0.93581			6
2025.12.16	00:47:09.384	0.93539				2
2025.12.16	00:47:10.265		0.93582			4
2025.12.16	00:47:49.707		0.93581			4
2025.12.16	00:47:52.565		0.93582			4
2025.12.16	00:47:59.422	0.93531				2
2025.12.16	00:48:03.365	0.93531				2
2025.12.16	00:48:08.465		0.93581			4
2025.12.16	00:48:19.865		0.93582			4
2025.12.16	00:48:26.916		0.93581			4
2025.12.16	00:48:40.744		0.93582			4
2025.12.16	00:48:42.624	0.93535				2
2025.12.16	00:48:44.039	0.93533				2
2025.12.16	00:49:00.402	0.93537	0.93583			6
2025.12.16	00:49:05.766		0.93584			4
2025.12.16	00:49:06.971		0.93583			4
2025.12.16	00:49:15.113		0.93585			4
2025.12.16	00:49:17.165		0.93586			4
2025.12.16	00:49:24.422	0.93536	0.93582			6
2025.12.16	00:49:24.923		0.93583			4
2025.12.16	00:49:28.577		0.93581			4
2025.12.16	00:49:29.539		0.93580			4
2025.12.16	00:49:30.464	0.93538				2
2025.12.16	00:49:32.870		0.93579			4
2025.12.16	00:49:33.235		0.93583			4
2025.12.16	00:49:34.238		0.93586			4
2025.12.16	00:49:34.725	0.93536	0.93581			6
2025.12.16	00:49:35.062	0.93533				2
2025.12.16	00:49:35.456	0.93535				2
2025.12.16	00:49:35.964		0.93582			4
2025.12.16	00:49:37.895	0.93533	0.93581			6
2025.12.16	00:49:38.741		0.93584			4
2025.12.16	00:49:39.414	0.93532				2
2025.12.16	00:49:39.720		0.93587			4
2025.12.16	00:49:41.737		0.93588			4
2025.12.16	00:49:47.021		0.93589			4
2025.12.16	00:49:47.989	0.93538				2
2025.12.16	00:49:49.665	0.93539	0.93587			6
2025.12.16	00:49:50.076		0.93586			4
2025.12.16	00:49:51.858		0.93587			4
2025.12.16	00:49:54.828		0.93588			4
2025.12.16	00:50:00.947	0.93539				2
2025.12.16	00:50:25.186	0.93537				2
2025.12.16	00:50:26.525	0.93535	0.93587			6
2025.12.16	00:50:29.788	0.93534				2
2025.12.16	00:50:43.520	0.93537				2
2025.12.16	00:50:54.900	0.93539	0.93586			6
2025.12.16	00:51:00.536	0.93539				2
2025.12.16	00:51:01.294	0.93537				2
2025.12.16	00:51:04.981	0.93539				2
2025.12.16	00:51:43.708		0.93585			4
2025.12.16	00:52:00.539	0.93539				2
2025.12.16	00:52:15.021		0.93584			4
2025.12.16	00:52:22.909		0.93585			4
2025.12.16	00:52:24.270		0.93584			4
2025.12.16	00:52:44.451	0.93538				2
2025.12.16	00:52:44.765		0.93583			4
2025.12.16	00:52:51.987	0.93536				2
2025.12.16	00:53:01.566	0.93536				2
2025.12.16	00:53:09.666	0.93538				2
2025.12.16	00:53:38.193	0.93532	0.93579			6
2025.12.16	00:53:38.548		0.93580			4
2025.12.16	00:53:39.037	0.93539				2
2025.12.16	00:53:41.765	0.93534	0.93582			6
2025.12.16	00:53:42.265	0.93535				2
2025.12.16	00:53:48.543		0.93584			4
2025.12.16	00:53:49.981	0.93539				2
2025.12.16	00:53:51.307		0.93583			4
2025.12.16	00:53:53.465		0.93582			4
2025.12.16	00:53:55.868		0.93583			4
2025.12.16	00:54:00.867	0.93539				2
2025.12.16	00:54:57.155		0.93583			4
2025.12.16	00:55:00.534	0.93539				2
2025.12.16	00:55:02.884		0.93578			4
2025.12.16	00:55:04.758		0.93579			4
2025.12.16	00:55:05.145		0.93578			4
2025.12.16	00:55:07.804	0.93538				2
2025.12.16	00:55:11.441		0.93579			4
2025.12.16	00:55:29.340	0.93539				2
2025.12.16	00:55:37.567		0.93578			4
2025.12.16	00:55:39.192		0.93580			4
2025.12.16	00:55:40.185		0.93581			4
2025.12.16	00:55:47.945		0.93579			4
2025.12.16	00:55:49.866		0.93578			4
2025.12.16	00:55:52.195		0.93579			4
2025.12.16	00:55:53.208		0.93578			4
2025.12.16	00:56:00.378	0.93539	0.93576			6
2025.12.16	00:56:04.390		0.93573			4
2025.12.16	00:56:04.699		0.93574			4
2025.12.16	00:56:05.392		0.93576			4
2025.12.16	00:56:07.269		0.93577			4
2025.12.16	00:56:20.946		0.93576			4
2025.12.16	00:56:26.533		0.93574			4
2025.12.16	00:56:31.057	0.93543				2
2025.12.16	00:56:31.798	0.93548				2
2025.12.16	00:56:32.114	0.93549	0.93573			6
2025.12.16	00:56:34.158	0.93550				2
2025.12.16	00:56:35.457	0.93551	0.93572			6
2025.12.16	00:56:36.558	0.93550	0.93573			6
2025.12.16	00:57:00.470	0.93550				2
2025.12.16	00:57:16.660	0.93549	0.93574			6
2025.12.16	00:57:17.141	0.93551	0.93572			6
2025.12.16	00:57:17.538	0.93550	0.93573			6
2025.12.16	00:57:20.459	0.93551	0.93572			6
2025.12.16	00:57:20.779	0.93550	0.93573			6
2025.12.16	00:57:21.140	0.93551	0.93572			6
2025.12.16	00:57:22.281	0.93548	0.93574			6
2025.12.16	00:57:27.778		0.93575			4
2025.12.16	00:57:28.383	0.93550	0.93574			6
2025.12.16	00:57:28.685		0.93573			4
2025.12.16	00:57:31.170	0.93548	0.93575			6
2025.12.16	00:57:37.277	0.93547				2
2025.12.16	00:57:40.565	0.93548	0.93574			6
2025.12.16	00:57:41.142	0.93546				2
2025.12.16	00:57:49.426	0.93547				2
2025.12.16	00:57:50.507	0.93545				2
2025.12.16	00:57:52.360	0.93546	0.93573			6
2025.12.16	00:57:53.229	0.93547				2
2025.12.16	00:57:54.945	0.93546	0.93574			6
2025.12.16	00:57:55.461	0.93544	0.93575			6
2025.12.16	00:57:58.537	0.93545	0.93574			6
2025.12.16	00:58:00.947	0.93547	0.93572			6
2025.12.16	00:58:03.231	0.93546	0.93574			6
2025.12.16	00:58:08.752	0.93548	0.93573			6
2025.12.16	00:58:13.793	0.93544	0.93575			6
2025.12.16	00:58:17.865	0.93549	0.93569			6
2025.12.16	00:58:18.408	0.93548	0.93570			6
2025.12.16	00:58:19.387	0.93545	0.93573			6
2025.12.16	00:58:22.702	0.93544	0.93574			6
2025.12.16	00:58:23.052	0.93545	0.93573			6
2025.12.16	00:58:23.736	0.93543	0.93576			6
2025.12.16	00:58:25.009	0.93539				2
2025.12.16	00:58:31.452		0.93577			4
2025.12.16	00:58:32.120		0.93576			4
2025.12.16	00:58:56.214		0.93577			4
2025.12.16	00:58:57.475		0.93575			4
2025.12.16	00:59:01.736	0.93539	0.93576			6
2025.12.16	00:59:02.246		0.93575			4
2025.12.16	00:59:12.326		0.93574			4
2025.12.16	00:59:12.697	0.93555	0.93578			6
2025.12.16	00:59:13.526	0.93554	0.93579			6
2025.12.16	00:59:14.579		0.93580			4
2025.12.16	00:59:16.498		0.93579			4
2025.12.16	00:59:18.665		0.93578			4
2025.12.16	00:59:24.453	0.93555				2
2025.12.16	00:59:24.826	0.93554	0.93579			6
2025.12.16	00:59:28.571	0.93555	0.93578			6
2025.12.16	00:59:31.818		0.93590			4
2025.12.16	00:59:33.589		0.93589			4
2025.12.16	00:59:36.339	0.93554				2
2025.12.16	00:59:39.455	0.93555	0.93588			6
2025.12.16	00:59:41.522	0.93556	0.93587			6
2025.12.16	00:59:54.456	0.93557	0.93589			6
2025.12.16	00:59:56.168	0.93558				2
2025.12.16	01:00:00.310	0.93556	0.93579			6
2025.12.16	01:00:00.620	0.93544	0.93582			6
2025.12.16	01:00:00.938		0.93581			4
2025.12.16	01:00:01.270	0.93561	0.93590			6
2025.12.16	01:00:01.581	0.93565	0.93591			6
2025.12.16	01:00:01.951	0.93568	0.93588			6
2025.12.16	01:00:02.259	0.93544	0.93587			6
2025.12.16	01:00:02.565	0.93531	0.93584			6
2025.12.16	01:00:02.896	0.93538				2
2025.12.16	01:00:03.212	0.93551	0.93586			6
2025.12.16	01:00:03.520		0.93587			4
2025.12.16	01:00:03.824	0.93552	0.93586			6
2025.12.16	01:00:04.168	0.93548	0.93593			6
2025.12.16	01:00:04.482	0.93567	0.93577			6
2025.12.16	01:00:04.784	0.93547	0.93592			6
2025.12.16	01:00:05.091	0.93546	0.93594			6
2025.12.16	01:00:05.394	0.93570	0.93580			6
2025.12.16	01:00:06.020	0.93572	0.93582			6
2025.12.16	01:00:06.335	0.93573	0.93583			6
2025.12.16	01:00:06.642	0.93571	0.93581			6
2025.12.16	01:00:06.954	0.93569	0.93579			6
2025.12.16	01:00:07.267	0.93559	0.93604			6
2025.12.16	01:00:07.575	0.93567	0.93577			6
2025.12.16	01:00:07.879	0.93560	0.93582			6
2025.12.16	01:00:08.627	0.93561	0.93586			6
2025.12.16	01:00:08.936		0.93591			4
2025.12.16	01:00:09.249	0.93562				2
2025.12.16	01:00:11.453		0.93592			4
2025.12.16	01:00:11.816		0.93591			4
2025.12.16	01:00:14.876		0.93592			4
2025.12.16	01:00:19.564	0.93563	0.93588			6
2025.12.16	01:00:20.222	0.93549	0.93583			6
2025.12.16	01:00:20.568	0.93553				2
2025.12.16	01:00:20.913	0.93563				2
2025.12.16	01:00:26.870	0.93550				2
2025.12.16	01:00:28.156	0.93552	0.93581			6
2025.12.16	01:00:28.481		0.93580			4
2025.12.16	01:00:33.346	0.93561	0.93583			6
2025.12.16	01:00:35.614	0.93563				2
2025.12.16	01:00:35.918	0.93564				2
2025.12.16	01:00:37.009	0.93561				2
2025.12.16	01:00:37.326	0.93563				2
2025.12.16	01:00:37.671	0.93562				2
2025.12.16	01:00:39.445	0.93559	0.93575			6
2025.12.16	01:00:40.276		0.93579			4
2025.12.16	01:00:40.843		0.93576			4
2025.12.16	01:00:41.160	0.93560				2
2025.12.16	01:00:41.466	0.93563	0.93580			6
2025.12.16	01:00:42.790		0.93581			4
2025.12.16	01:00:44.803	0.93562				2
2025.12.16	01:00:45.480	0.93561				2
2025.12.16	01:00:45.900		0.93583			4
2025.12.16	01:00:46.887	0.93564				2
2025.12.16	01:00:48.306		0.93581			4
2025.12.16	01:00:50.414	0.93563				2
2025.12.16	01:00:52.107	0.93558				2
2025.12.16	01:00:52.501	0.93555				2
2025.12.16	01:00:53.217		0.93583			4
2025.12.16	01:00:56.658	0.93560	0.93584			6
2025.12.16	01:01:00.309	0.93560				2
2025.12.16	01:01:02.269	0.93561	0.93583			6
2025.12.16	01:01:02.756	0.93559				2
2025.12.16	01:01:03.476	0.93563	0.93584			6
2025.12.16	01:01:05.811	0.93560				2
2025.12.16	01:01:06.481		0.93583			4
2025.12.16	01:01:07.082	0.93564				2
2025.12.16	01:01:07.473	0.93561				2
2025.12.16	01:01:11.360	0.93565				2
2025.12.16	01:01:12.856		0.93584			4
2025.12.16	01:01:13.323	0.93561				2
2025.12.16	01:01:14.868	0.93563				2
2025.12.16	01:01:15.371	0.93560	0.93583			6
2025.12.16	01:01:21.617	0.93559	0.93584			6
2025.12.16	01:01:22.574	0.93560				2
2025.12.16	01:01:23.104	0.93556	0.93583			6
2025.12.16	01:01:24.518	0.93560				2
2025.12.16	01:01:24.951	0.93563				2
2025.12.16	01:01:27.994	0.93565				2
2025.12.16	01:01:30.228	0.93566	0.93584			6
2025.12.16	01:01:32.709	0.93561	0.93583			6
2025.12.16	01:01:35.465	0.93560				2
2025.12.16	01:01:38.465	0.93561				2
2025.12.16	01:01:41.274	0.93564				2
2025.12.16	01:01:44.070	0.93565				2
2025.12.16	01:01:45.784	0.93564				2
2025.12.16	01:01:48.488	0.93561				2
2025.12.16	01:01:51.312	0.93559				2
2025.12.16	01:02:05.637	0.93559				2
2025.12.16	01:02:09.025	0.93560				2
2025.12.16	01:02:10.443	0.93561				2
2025.12.16	01:02:12.258	0.93562				2
2025.12.16	01:02:12.591	0.93561				2
2025.12.16	01:02:18.965	0.93562				2
2025.12.16	01:02:21.572	0.93561				2
2025.12.16	01:02:28.746		0.93584			4
2025.12.16	01:02:29.189	0.93560				2
2025.12.16	01:02:30.508	0.93563				2
2025.12.16	01:02:33.656	0.93564				2
2025.12.16	01:02:41.274	0.93562				2
2025.12.16	01:02:47.192	0.93560				2
2025.12.16	01:02:48.552	0.93556				2
2025.12.16	01:02:51.312	0.93572				2
2025.12.16	01:02:52.195		0.93585			4
2025.12.16	01:02:57.939		0.93584			4
2025.12.16	01:03:00.401	0.93572	0.93585			6
2025.12.16	01:03:02.044		0.93584			4
2025.12.16	01:03:07.566		0.93585			4
2025.12.16	01:03:08.902	0.93573				2
2025.12.16	01:03:09.503	0.93575				2
2025.12.16	01:03:13.515		0.93586			4
2025.12.16	01:03:17.202		0.93585			4
2025.12.16	01:03:17.873		0.93598			4
2025.12.16	01:03:18.177	0.93574	0.93601			6
2025.12.16	01:03:18.856	0.93578	0.93594			6
2025.12.16	01:03:22.560	0.93580				2
2025.12.16	01:03:26.603	0.93581				2
2025.12.16	01:03:38.166	0.93582				2
2025.12.16	01:03:39.890	0.93581	0.93595			6
2025.12.16	01:03:40.393		0.93594			4
2025.12.16	01:03:49.404	0.93583				2
2025.12.16	01:04:00.535	0.93583				2
2025.12.16	01:04:06.847		0.93595			4
2025.12.16	01:04:08.028		0.93594			4
2025.12.16	01:04:08.528	0.93581				2
2025.12.16	01:04:14.149	0.93586	0.93592			6
2025.12.16	01:04:14.791	0.93587	0.93593			6
2025.12.16	01:04:15.719	0.93586	0.93592			6
2025.12.16	01:04:17.588	0.93583	0.93594			6
2025.12.16	01:04:31.099	0.93584				2
2025.12.16	01:04:31.476	0.93583				2
2025.12.16	01:04:36.923		0.93593			4
2025.12.16	01:04:41.538	0.93582	0.93594			6
2025.12.16	01:04:41.901		0.93593			4
2025.12.16	01:04:47.623	0.93586	0.93592			6
2025.12.16	01:04:49.171	0.93585	0.93591			6
2025.12.16	01:04:51.116	0.93581	0.93593			6
2025.12.16	01:05:00.399	0.93581	0.93594			6
2025.12.16	01:05:01.905	0.93582				2
2025.12.16	01:05:05.454		0.93593			4
2025.12.16	01:05:12.549	0.93581				2
2025.12.16	01:05:20.535	0.93580				2
2025.12.16	01:05:20.946		0.93594			4
2025.12.16	01:05:21.575	0.93579				2
2025.12.16	01:05:24.536	0.93577				2
2025.12.16	01:05:26.765		0.93593			4
2025.12.16	01:05:28.503	0.93578				2
2025.12.16	01:05:30.067	0.93579				2
2025.12.16	01:05:33.367	0.93578				2
2025.12.16	01:05:43.439	0.93579				2
2025.12.16	01:05:47.572	0.93581				2
2025.12.16	01:05:56.909		0.93592			4
2025.12.16	01:05:58.897	0.93582				2
2025.12.16	01:06:00.441	0.93583	0.93593			6
2025.12.16	01:06:01.408	0.93584	0.93594			6
2025.12.16	01:06:03.317	0.93585				2
2025.12.16	01:06:06.922		0.93593			4
2025.12.16	01:06:15.509		0.93595			4
2025.12.16	01:06:16.438		0.93593			4
2025.12.16	01:06:18.109		0.93595			4
2025.12.16	01:06:22.051		0.93594			4
2025.12.16	01:06:39.893	0.93588	0.93603			6
2025.12.16	01:06:42.273	0.93587				2
2025.12.16	01:06:45.461	0.93586				2
2025.12.16	01:06:46.193		0.93602			4
2025.12.16	01:07:00.488	0.93586				2
2025.12.16	01:07:46.456		0.93602			4
2025.12.16	01:07:47.098	0.93587				2
2025.12.16	01:08:01.474	0.93587				2
2025.12.16	01:08:36.066		0.93603			4
2025.12.16	01:08:58.376		0.93602			4
2025.12.16	01:08:59.465	0.93586				2
2025.12.16	01:09:00.126	0.93586				2
2025.12.16	01:09:17.466	0.93584				2
2025.12.16	01:09:18.801	0.93588	0.93605			6
2025.12.16	01:09:20.393	0.93589				2
2025.12.16	01:09:24.579	0.93588	0.93602			6
2025.12.16	01:09:30.891	0.93587				2
2025.12.16	01:09:33.665		0.93601			4
2025.12.16	01:09:39.965		0.93602			4
2025.12.16	01:09:46.865		0.93601			4
2025.12.16	01:09:50.465		0.93602			4
2025.12.16	01:09:58.865		0.93601			4
2025.12.16	01:10:00.307	0.93587				2
2025.12.16	01:10:15.678	0.93588				2
2025.12.16	01:10:25.762		0.93602			4
2025.12.16	01:10:42.737	0.93589	0.93604			6
2025.12.16	01:10:43.040	0.93590				2
2025.12.16	01:10:48.816	0.93587				2
2025.12.16	01:10:49.523	0.93589	0.93605			6
2025.12.16	01:10:49.839		0.93603			4
2025.12.16	01:10:50.313	0.93591	0.93604			6
2025.12.16	01:10:50.838	0.93593				2
2025.12.16	01:10:51.867	0.93594				2
2025.12.16	01:10:53.182	0.93591	0.93605			6
2025.12.16	01:10:53.498	0.93594	0.93607			6
2025.12.16	01:10:54.474	0.93595				2
2025.12.16	01:10:55.756		0.93608			4
2025.12.16	01:10:56.765	0.93596				2
2025.12.16	01:11:03.064	0.93594				2
2025.12.16	01:11:04.142	0.93595				2
2025.12.16	01:11:07.269	0.93594				2
2025.12.16	01:11:19.268	0.93593				2
2025.12.16	01:11:22.566	0.93594				2
2025.12.16	01:11:30.379	0.93592	0.93605			6
2025.12.16	01:11:33.047	0.93589	0.93604			6
2025.12.16	01:11:38.152		0.93603			4
2025.12.16	01:11:41.700		0.93604			4
2025.12.16	01:11:43.038	0.93595	0.93607			6
2025.12.16	01:11:46.566	0.93596	0.93608			6
2025.12.16	01:12:01.787	0.93596				2
2025.12.16	01:12:02.103	0.93595				2
2025.12.16	01:12:23.711	0.93597	0.93609			6
2025.12.16	01:12:24.902	0.93596				2
2025.12.16	01:12:27.282	0.93592				2
2025.12.16	01:12:27.601	0.93595				2
2025.12.16	01:12:36.917		0.93610			4
2025.12.16	01:12:54.586	0.93597	0.93608			6
2025.12.16	01:13:00.534	0.93597				2
2025.12.16	01:13:14.664	0.93596	0.93607			6
2025.12.16	01:13:17.769	0.93595				2
2025.12.16	01:13:20.958	0.93596				2
2025.12.16	01:13:21.687	0.93597				2
2025.12.16	01:13:32.471		0.93608			4
2025.12.16	01:13:36.483	0.93598				2
2025.12.16	01:13:37.765	0.93596	0.93606			6
2025.12.16	01:13:38.091	0.93595				2
2025.12.16	01:14:01.711	0.93595				2
2025.12.16	01:14:04.396	0.93596	0.93607			6
2025.12.16	01:14:05.338	0.93597	0.93608			6
2025.12.16	01:14:07.870	0.93598	0.93607			6
2025.12.16	01:14:09.805		0.93608			4
2025.12.16	01:14:10.876	0.93597	0.93607			6
2025.12.16	01:14:11.177		0.93608			4
2025.12.16	01:14:15.066	0.93596				2
2025.12.16	01:14:17.843	0.93597				2
2025.12.16	01:14:25.077	0.93596	0.93607			6
2025.12.16	01:14:25.389	0.93597				2
2025.12.16	01:14:27.665	0.93598				2
2025.12.16	01:14:30.966	0.93597	0.93608			6
2025.12.16	01:14:38.898	0.93598				2
2025.12.16	01:14:39.209		0.93607			4
2025.12.16	01:14:41.395	0.93597	0.93608			6
2025.12.16	01:14:44.767	0.93598				2
2025.12.16	01:14:45.917	0.93597				2
2025.12.16	01:15:00.179	0.93596	0.93606			6
2025.12.16	01:15:15.375	0.93597				2
2025.12.16	01:15:15.885	0.93596				2
2025.12.16	01:15:23.204		0.93605			4
2025.12.16	01:15:25.275	0.93595	0.93606			6
2025.12.16	01:15:29.227	0.93596				2
2025.12.16	01:15:30.589		0.93605			4
2025.12.16	01:15:34.606	0.93595	0.93606			6
2025.12.16	01:15:35.769	0.93596	0.93605			6
2025.12.16	01:15:37.499	0.93595	0.93606			6
2025.12.16	01:15:37.856	0.93596	0.93605			6
2025.12.16	01:15:39.377	0.93595	0.93606			6
2025.12.16	01:15:46.391	0.93596	0.93605			6
2025.12.16	01:15:47.170	0.93595	0.93606			6
2025.12.16	01:15:48.462	0.93596				2
2025.12.16	01:15:49.499	0.93595				2
2025.12.16	01:15:52.282	0.93596	0.93605			6
2025.12.16	01:15:52.737	0.93595	0.93606			6
2025.12.16	01:15:58.565	0.93596				2
2025.12.16	01:16:00.535	0.93595				2
2025.12.16	01:16:03.650	0.93596	0.93605			6
2025.12.16	01:16:04.865	0.93595	0.93606			6
2025.12.16	01:16:06.791	0.93596	0.93605			6
2025.12.16	01:16:07.956		0.93606			4
2025.12.16	01:16:09.867		0.93605			4
2025.12.16	01:16:12.036	0.93595	0.93606			6
2025.12.16	01:16:13.377	0.93596	0.93605			6
2025.12.16	01:16:44.511		0.93606			4
2025.12.16	01:16:45.129		0.93605			4
2025.12.16	01:16:45.517		0.93606			4
2025.12.16	01:16:55.817	0.93595				2
2025.12.16	01:16:58.929		0.93605			4
2025.12.16	01:16:59.961	0.93596				2
2025.12.16	01:17:00.499	0.93596				2
2025.12.16	01:17:03.592	0.93595	0.93606			6
2025.12.16	01:17:04.632	0.93596	0.93605			6
2025.12.16	01:17:05.634	0.93595				2
2025.12.16	01:17:07.648	0.93596				2
2025.12.16	01:17:11.151	0.93595				2
2025.12.16	01:17:15.073	0.93596				2
2025.12.16	01:17:16.541	0.93595				2
2025.12.16	01:17:18.806	0.93596				2
2025.12.16	01:17:20.242	0.93595				2
2025.12.16	01:17:20.688	0.93596				2
2025.12.16	01:17:21.690	0.93595				2
2025.12.16	01:17:22.048	0.93596				2
2025.12.16	01:17:23.875	0.93595				2
2025.12.16	01:17:25.659	0.93596				2
2025.12.16	01:17:26.018	0.93595				2
2025.12.16	01:17:28.652	0.93596				2
2025.12.16	01:17:28.989	0.93595				2
2025.12.16	01:17:34.525	0.93594				2
2025.12.16	01:17:39.599	0.93595				2
2025.12.16	01:17:39.988	0.93594				2
2025.12.16	01:17:42.047	0.93593	0.93603			6
2025.12.16	01:17:44.133	0.93594				2
2025.12.16	01:17:45.267	0.93593				2
2025.12.16	01:17:51.382	0.93594				2
2025.12.16	01:17:52.421	0.93593				2
2025.12.16	01:17:54.481	0.93594				2
2025.12.16	01:17:55.532	0.93593				2
2025.12.16	01:18:00.713	0.93593				2
2025.12.16	01:18:01.498	0.93594	0.93604			6
2025.12.16	01:18:01.867	0.93592				2
2025.12.16	01:18:03.759	0.93594	0.93605			6
2025.12.16	01:18:04.819	0.93595				2
2025.12.16	01:18:06.931	0.93596				2
2025.12.16	01:18:07.965	0.93595				2
2025.12.16	01:18:08.686	0.93596				2
2025.12.16	01:18:10.037	0.93595				2
2025.12.16	01:18:11.080	0.93596				2
2025.12.16	01:18:13.150	0.93595				2
2025.12.16	01:18:18.331	0.93596				2
2025.12.16	01:18:18.860	0.93595				2
2025.12.16	01:18:20.211	0.93596				2
2025.12.16	01:18:20.552	0.93595				2
2025.12.16	01:18:22.475	0.93596				2
2025.12.16	01:18:23.164	0.93594				2
2025.12.16	01:18:23.513	0.93595				2
2025.12.16	01:18:36.920	0.93596	0.93604			6
2025.12.16	01:18:38.990	0.93595	0.93605			6
2025.12.16	01:18:40.025	0.93596	0.93604			6
2025.12.16	01:18:41.064		0.93605			4
2025.12.16	01:18:42.072	0.93595				2
2025.12.16	01:18:43.083	0.93596	0.93604			6
2025.12.16	01:18:43.423	0.93595	0.93605			6
2025.12.16	01:18:45.954	0.93596				2
2025.12.16	01:18:46.362	0.93595				2
2025.12.16	01:18:47.132	0.93592	0.93602			6
2025.12.16	01:18:51.031	0.93593	0.93601			6
2025.12.16	01:18:51.333	0.93592	0.93602			6
2025.12.16	01:18:52.303	0.93593				2
2025.12.16	01:18:53.419	0.93592				2
2025.12.16	01:18:55.381	0.93593	0.93601			6
2025.12.16	01:18:57.617	0.93592	0.93602			6
2025.12.16	01:18:59.527	0.93593	0.93601			6
2025.12.16	01:19:00.347	0.93592	0.93602			6
2025.12.16	01:19:02.778		0.93601			4
2025.12.16	01:19:03.666		0.93602			4
2025.12.16	01:19:06.837		0.93601			4
2025.12.16	01:19:07.776	0.93593				2
2025.12.16	01:19:08.827	0.93592	0.93602			6
2025.12.16	01:19:09.790	0.93593				2
2025.12.16	01:19:10.099	0.93592				2
2025.12.16	01:19:10.986	0.93593	0.93601			6
2025.12.16	01:19:12.066	0.93592	0.93602			6
2025.12.16	01:19:12.910	0.93593	0.93601			6
2025.12.16	01:19:13.374	0.93592	0.93602			6
2025.12.16	01:19:22.470	0.93593	0.93601			6
2025.12.16	01:19:23.480	0.93592	0.93602			6
2025.12.16	01:19:24.519	0.93593	0.93601			6
2025.12.16	01:19:27.557	0.93592	0.93602			6
2025.12.16	01:19:28.555		0.93601			4
2025.12.16	01:19:29.569		0.93602			4
2025.12.16	01:19:34.733		0.93601			4
2025.12.16	01:19:36.826		0.93602			4
2025.12.16	01:19:37.858		0.93601			4
2025.12.16	01:19:38.588		0.93602			4
2025.12.16	01:19:39.929		0.93601			4
2025.12.16	01:19:42.311		0.93602			4
2025.12.16	01:19:44.457	0.93591				2
2025.12.16	01:19:48.334	0.93592				2
2025.12.16	01:19:48.746	0.93591				2
2025.12.16	01:19:52.079	0.93592				2
2025.12.16	01:19:52.402	0.93591				2
2025.12.16	01:19:56.662	0.93592				2
2025.12.16	01:19:57.091	0.93591				2
2025.12.16	01:20:00.307	0.93591	0.93601			6
2025.12.16	01:20:01.418	0.93592				2
2025.12.16	01:20:08.673	0.93593				2
2025.12.16	01:20:11.290	0.93592				2
2025.12.16	01:20:11.782	0.93593				2
2025.12.16	01:20:14.796	0.93592				2
2025.12.16	01:20:19.053	0.93593				2
2025.12.16	01:20:19.628	0.93592				2
2025.12.16	01:20:21.104	0.93593				2
2025.12.16	01:20:24.146	0.93594				2
2025.12.16	01:20:24.457	0.93593				2
2025.12.16	01:20:26.207	0.93592				2
2025.12.16	01:20:33.726	0.93593				2
2025.12.16	01:20:34.098	0.93592				2
2025.12.16	01:20:34.458	0.93593				2
2025.12.16	01:20:34.760	0.93592				2
2025.12.16	01:20:41.578	0.93593				2
2025.12.16	01:20:41.902	0.93592				2
2025.12.16	01:20:43.737	0.93593				2
2025.12.16	01:20:44.213	0.93592				2
2025.12.16	01:20:45.616	0.93593				2
2025.12.16	01:20:46.256	0.93592				2
2025.12.16	01:20:48.219	0.93593				2
2025.12.16	01:20:48.668	0.93592				2
2025.12.16	01:20:50.003	0.93593				2
2025.12.16	01:20:50.305	0.93592				2
2025.12.16	01:20:51.463	0.93593				2
2025.12.16	01:20:51.771	0.93592				2
2025.12.16	01:20:52.079	0.93593				2
2025.12.16	01:20:52.421	0.93592				2
2025.12.16	01:20:57.259	0.93593				2
2025.12.16	01:20:58.017	0.93592				2
2025.12.16	01:20:58.361	0.93593				2
2025.12.16	01:20:59.304	0.93592				2
2025.12.16	01:20:59.705	0.93593				2
2025.12.16	01:21:00.222	0.93593				2
2025.12.16	01:21:00.524	0.93596	0.93606			6
2025.12.16	01:21:35.465		0.93607			4
2025.12.16	01:21:39.065		0.93606			4
2025.12.16	01:21:41.758		0.93605			4
2025.12.16	01:21:56.414		0.93604			4
2025.12.16	01:21:59.106		0.93605			4
2025.12.16	01:22:00.523	0.93596				2
2025.12.16	01:22:01.399	0.93592	0.93601			6
2025.12.16	01:22:04.532	0.93595	0.93604			6
2025.12.16	01:22:06.824		0.93603			4
2025.12.16	01:22:19.130		0.93604			4
2025.12.16	01:22:19.752		0.93603			4
2025.12.16	01:22:20.726	0.93596	0.93604			6
2025.12.16	01:22:22.151	0.93595	0.93603			6
2025.12.16	01:22:23.588	0.93596	0.93604			6
2025.12.16	01:22:38.353	0.93595				2
2025.12.16	01:22:40.565	0.93596				2
2025.12.16	01:22:55.370	0.93591	0.93601			6
2025.12.16	01:22:55.680	0.93590				2
2025.12.16	01:22:56.077	0.93591				2
2025.12.16	01:23:01.137	0.93592				2
2025.12.16	01:23:04.218		0.93600			4
2025.12.16	01:23:05.159	0.93596	0.93604			6
2025.12.16	01:23:12.960		0.93605			4
2025.12.16	01:23:39.965		0.93604			4
2025.12.16	01:23:58.626	0.93592	0.93602			6
2025.12.16	01:24:00.559	0.93592				2
2025.12.16	01:24:16.566		0.93601			4
2025.12.16	01:24:16.879	0.93593				2
2025.12.16	01:24:20.684	0.93592	0.93602			6
2025.12.16	01:24:21.875	0.93593				2
2025.12.16	01:24:32.260	0.93592				2
2025.12.16	01:24:36.369	0.93593				2
2025.12.16	01:24:39.400	0.93592	0.93603			6
2025.12.16	01:24:43.038	0.93594	0.93605			6
2025.12.16	01:24:43.504	0.93596				2
2025.12.16	01:24:49.404	0.93597				2
2025.12.16	01:25:05.274	0.93596				2
2025.12.16	01:25:21.521	0.93597				2
2025.12.16	01:25:25.565	0.93596				2
2025.12.16	01:25:28.953	0.93597				2
2025.12.16	01:25:43.061	0.93595	0.93602			6
2025.12.16	01:25:43.380		0.93603			4
2025.12.16	01:25:45.365		0.93602			4
2025.12.16	01:25:56.943		0.93603			4
2025.12.16	01:26:00.556	0.93595				2
2025.12.16	01:26:02.049	0.93594	0.93601			6
2025.12.16	01:26:05.430	0.93593				2
2025.12.16	01:26:09.253		0.93602			4
2025.12.16	01:26:42.905		0.93601			4
2025.12.16	01:26:43.294		0.93602			4
2025.12.16	01:27:05.685	0.93593				2
2025.12.16	01:27:12.494		0.93603			4
2025.12.16	01:27:12.807		0.93602			4
2025.12.16	01:27:15.528		0.93603			4
2025.12.16	01:27:18.966		0.93602			4
2025.12.16	01:27:33.665		0.93603			4
2025.12.16	01:27:34.551		0.93602			4
2025.12.16	01:27:36.966		0.93601			4
2025.12.16	01:27:43.472		0.93602			4
2025.12.16	01:27:48.046		0.93603			4
2025.12.16	01:27:48.633		0.93602			4
2025.12.16	01:27:50.231		0.93603			4
2025.12.16	01:27:50.954		0.93602			4
2025.12.16	01:28:00.065	0.93593				2
2025.12.16	01:28:02.796	0.93594	0.93605			6
2025.12.16	01:28:10.746		0.93604			4
2025.12.16	01:28:21.809		0.93603			4
2025.12.16	01:28:25.055		0.93604			4
2025.12.16	01:28:27.115		0.93603			4
2025.12.16	01:28:31.470		0.93604			4
2025.12.16	01:28:36.485	0.93593	0.93602			6
2025.12.16	01:28:37.536	0.93594				2
2025.12.16	01:28:37.912	0.93593				2
2025.12.16	01:28:38.271		0.93601			4
2025.12.16	01:28:39.306	0.93596	0.93605			6
2025.12.16	01:28:41.489	0.93597				2
2025.12.16	01:28:59.893		0.93604			4
2025.12.16	01:29:00.554	0.93597	0.93605			6
2025.12.16	01:29:02.966	0.93596				2
2025.12.16	01:29:05.065		0.93604			4
2025.12.16	01:29:08.173		0.93605			4
2025.12.16	01:29:11.283	0.93595	0.93603			6
2025.12.16	01:29:11.897		0.93602			4
2025.12.16	01:29:13.425		0.93603			4
2025.12.16	01:29:24.061	0.93596	0.93604			6
2025.12.16	01:29:28.566		0.93605			4
2025.12.16	01:29:46.134	0.93595	0.93603			6
2025.12.16	01:29:56.273		0.93602			4
2025.12.16	01:30:00.386	0.93595				2
2025.12.16	01:30:01.072	0.93597	0.93605			6
2025.12.16	01:30:03.286	0.93598	0.93604			6
2025.12.16	01:30:06.752	0.93596	0.93606			6
2025.12.16	01:30:07.932	0.93585	0.93598			6
2025.12.16	01:30:08.256	0.93586				2
2025.12.16	01:30:08.557	0.93584	0.93597			6
2025.12.16	01:30:09.698	0.93588				2
2025.12.16	01:30:10.138	0.93589				2
2025.12.16	01:30:12.077	0.93588	0.93596			6
2025.12.16	01:30:14.008	0.93589				2
2025.12.16	01:30:14.801	0.93585	0.93599			6
2025.12.16	01:30:15.146	0.93586	0.93597			6
2025.12.16	01:30:15.461	0.93584	0.93598			6
2025.12.16	01:30:15.782		0.93597			4
2025.12.16	01:30:16.270	0.93585	0.93598			6
2025.12.16	01:30:17.496	0.93588	0.93600			6
2025.12.16	01:30:18.136	0.93589	0.93599			6
2025.12.16	01:30:20.459	0.93588				2
2025.12.16	01:30:21.366	0.93585	0.93597			6
2025.12.16	01:30:21.866		0.93598			4
2025.12.16	01:30:23.877	0.93588	0.93600			6
2025.12.16	01:30:24.993	0.93589	0.93601			6
2025.12.16	01:30:26.034	0.93590	0.93603			6
2025.12.16	01:30:26.465	0.93591	0.93602			6
2025.12.16	01:30:27.762	0.93585	0.93599			6
2025.12.16	01:30:28.793	0.93586	0.93598			6
2025.12.16	01:30:29.682	0.93588				2
2025.12.16	01:30:30.351		0.93597			4
2025.12.16	01:30:31.511	0.93587	0.93598			6
2025.12.16	01:30:31.959		0.93597			4
2025.12.16	01:30:33.933	0.93584	0.93595			6
2025.12.16	01:30:34.691	0.93581	0.93591			6
2025.12.16	01:30:34.998	0.93582	0.93594			6
2025.12.16	01:30:36.079	0.93587	0.93597			6
2025.12.16	01:30:41.144	0.93583	0.93592			6
2025.12.16	01:30:41.937	0.93584	0.93591			6
2025.12.16	01:30:42.250		0.93592			4
2025.12.16	01:30:44.272	0.93583	0.93593			6
2025.12.16	01:30:47.202	0.93584	0.93592			6
2025.12.16	01:30:47.519	0.93585	0.93596			6
2025.12.16	01:30:48.292	0.93586	0.93595			6
2025.12.16	01:30:56.615	0.93587	0.93596			6
2025.12.16	01:30:57.164	0.93586				2
2025.12.16	01:30:58.258		0.93595			4
2025.12.16	01:31:00.456	0.93585	0.93593			6
2025.12.16	01:31:02.334		0.93595			4
2025.12.16	01:31:02.861		0.93594			4
2025.12.16	01:31:05.288		0.93593			4
2025.12.16	01:31:09.966		0.93594			4
2025.12.16	01:31:14.848		0.93593			4
2025.12.16	01:31:18.967	0.93584				2
2025.12.16	01:31:19.676	0.93587	0.93596			6
2025.12.16	01:31:25.146	0.93586				2
2025.12.16	01:31:30.457		0.93594			4
2025.12.16	01:31:39.966		0.93593			4
2025.12.16	01:31:45.999	0.93585				2
2025.12.16	01:31:51.271		0.93592			4
2025.12.16	01:31:59.025		0.93593			4
2025.12.16	01:32:00.472	0.93585	0.93592			6
2025.12.16	01:32:04.566	0.93584				2
2025.12.16	01:32:08.849	0.93582				2
2025.12.16	01:32:10.265	0.93581				2
2025.12.16	01:32:11.472	0.93584	0.93594			6
2025.12.16	01:32:11.776	0.93583	0.93593			6
2025.12.16	01:32:25.915	0.93584				2
2025.12.16	01:32:26.219	0.93583				2
2025.12.16	01:32:27.578	0.93578	0.93590			6
2025.12.16	01:32:27.922		0.93589			4
2025.12.16	01:32:30.966		0.93588			4
2025.12.16	01:32:42.967		0.93589			4
2025.12.16	01:32:46.971		0.93588			4
2025.12.16	01:32:52.388	0.93579	0.93589			6
2025.12.16	01:32:53.266	0.93578				2
2025.12.16	01:32:53.616		0.93590			4
2025.12.16	01:32:54.344		0.93589			4
2025.12.16	01:32:56.859	0.93577	0.93588			6
2025.12.16	01:32:58.941	0.93578	0.93587			6
2025.12.16	01:33:00.238	0.93578	0.93588			6
2025.12.16	01:33:13.492	0.93576	0.93586			6
2025.12.16	01:33:14.138	0.93577	0.93588			6
2025.12.16	01:33:15.406	0.93576	0.93587			6
2025.12.16	01:33:26.886	0.93575	0.93584			6
2025.12.16	01:33:28.273		0.93583			4
2025.12.16	01:33:28.744	0.93574	0.93584			6
2025.12.16	01:33:30.471	0.93575	0.93583			6
2025.12.16	01:33:30.889		0.93582			4
2025.12.16	01:33:31.292	0.93574	0.93583			6
2025.12.16	01:33:31.601	0.93575				2
2025.12.16	01:33:34.062	0.93574	0.93584			6
2025.12.16	01:33:35.545	0.93575				2
2025.12.16	01:33:36.119	0.93574				2
2025.12.16	01:33:38.239	0.93575	0.93583			6
2025.12.16	01:33:38.550	0.93574	0.93584			6
2025.12.16	01:33:39.361	0.93575	0.93583			6
2025.12.16	01:33:40.395		0.93584			4
2025.12.16	01:33:42.738		0.93583			4
2025.12.16	01:33:44.373		0.93584			4
2025.12.16	01:33:47.000		0.93583			4
2025.12.16	01:33:54.230	0.93574	0.93581			6
2025.12.16	01:33:58.265	0.93573				2
2025.12.16	01:34:00.849	0.93571	0.93582			6
2025.12.16	01:34:04.742		0.93580			4
2025.12.16	01:34:05.849	0.93570				2
2025.12.16	01:34:08.954	0.93571	0.93581			6
2025.12.16	01:34:12.307	0.93570				2
2025.12.16	01:34:13.777	0.93571				2
2025.12.16	01:34:15.058		0.93583			4
2025.12.16	01:34:15.743		0.93584			4
2025.12.16	01:34:21.666		0.93583			4
2025.12.16	01:34:32.766		0.93582			4
2025.12.16	01:34:49.566		0.93583			4
2025.12.16	01:34:52.483	0.93572	0.93582			6
2025.12.16	01:34:53.165		0.93583			4
2025.12.16	01:34:54.548		0.93582			4
2025.12.16	01:34:59.465		0.93583			4
2025.12.16	01:35:00.488	0.93572				2
2025.12.16	01:35:03.421		0.93582			4
2025.12.16	01:35:04.316	0.93571	0.93583			6
2025.12.16	01:35:05.688	0.93572	0.93582			6
2025.12.16	01:35:06.365	0.93571	0.93583			6
2025.12.16	01:35:07.761	0.93572	0.93582			6
2025.12.16	01:35:08.373	0.93571	0.93583			6
2025.12.16	01:35:08.797	0.93572				2
2025.12.16	01:35:12.003	0.93571	0.93582			6
2025.12.16	01:35:13.069		0.93580			4
2025.12.16	01:35:13.588		0.93581			4
2025.12.16	01:35:17.678	0.93570				2
2025.12.16	01:35:19.099	0.93571				2
2025.12.16	01:35:20.123	0.93570				2
2025.12.16	01:35:20.451	0.93567	0.93575			6
2025.12.16	01:35:21.191		0.93578			4
2025.12.16	01:35:21.685	0.93566	0.93576			6
2025.12.16	01:35:26.189	0.93567				2
2025.12.16	01:35:32.176		0.93578			4
2025.12.16	01:35:32.679		0.93577			4
2025.12.16	01:35:33.275		0.93578			4
2025.12.16	01:35:35.996		0.93577			4
2025.12.16	01:35:40.153	0.93566	0.93575			6
2025.12.16	01:35:44.995	0.93565				2
2025.12.16	01:35:46.390	0.93566				2
2025.12.16	01:36:00.539	0.93566	0.93576			6
2025.12.16	01:36:13.565		0.93575			4
2025.12.16	01:36:21.201		0.93576			4
2025.12.16	01:36:30.363	0.93567				2
2025.12.16	01:36:30.709		0.93575			4
2025.12.16	01:36:31.018	0.93566				2
2025.12.16	01:36:38.276	0.93567	0.93576			6
2025.12.16	01:36:42.498		0.93577			4
2025.12.16	01:36:43.668	0.93566	0.93576			6
2025.12.16	01:36:44.574	0.93567	0.93577			6
2025.12.16	01:36:45.132		0.93576			4
2025.12.16	01:36:52.471		0.93575			4
2025.12.16	01:36:52.779		0.93576			4
2025.12.16	01:36:56.466	0.93566	0.93577			6
2025.12.16	01:37:00.517	0.93566	0.93576			6
2025.12.16	01:37:01.252	0.93567	0.93577			6
2025.12.16	01:37:04.200		0.93575			4
2025.12.16	01:37:04.978		0.93576			4
2025.12.16	01:37:05.477	0.93566				2
2025.12.16	01:37:13.266		0.93575			4
2025.12.16	01:37:16.385	0.93567				2
2025.12.16	01:37:16.994	0.93565	0.93577			6
2025.12.16	01:37:30.402	0.93566	0.93576			6
2025.12.16	01:37:34.850	0.93565				2
2025.12.16	01:37:42.243	0.93566				2
2025.12.16	01:37:47.165	0.93565				2
2025.12.16	01:37:53.424	0.93566	0.93577			6
2025.12.16	01:38:00.245	0.93566				2
2025.12.16	01:38:02.755		0.93578			4
2025.12.16	01:38:03.678	0.93568				2
2025.12.16	01:38:03.996	0.93567	0.93577			6
2025.12.16	01:38:08.065	0.93568				2
2025.12.16	01:38:09.716	0.93567				2
2025.12.16	01:38:11.161	0.93568				2
2025.12.16	01:38:12.690	0.93567	0.93578			6
2025.12.16	01:38:16.353	0.93568	0.93577			6
2025.12.16	01:38:17.674		0.93579			4
2025.12.16	01:38:17.978	0.93569	0.93578			6
2025.12.16	01:38:18.483	0.93568	0.93579			6
2025.12.16	01:38:18.948	0.93569				2
2025.12.16	01:38:21.190		0.93578			4
2025.12.16	01:38:25.109		0.93579			4
2025.12.16	01:38:31.093		0.93580			4
2025.12.16	01:38:32.139	0.93568	0.93577			6
2025.12.16	01:38:40.194		0.93578			4
2025.12.16	01:38:42.444	0.93567	0.93577			6
2025.12.16	01:38:43.542	0.93568				2
2025.12.16	01:38:44.526	0.93567				2
2025.12.16	01:38:49.080		0.93576			4
2025.12.16	01:39:00.127	0.93567	0.93577			6
2025.12.16	01:39:01.175		0.93576			4
2025.12.16	01:39:13.075		0.93577			4
2025.12.16	01:39:14.842		0.93576			4
2025.12.16	01:39:33.674	0.93568	0.93578			6
2025.12.16	01:39:34.270	0.93569				2
2025.12.16	01:39:36.177	0.93568	0.93577			6
2025.12.16	01:39:39.516	0.93567	0.93576			6
2025.12.16	01:39:41.338	0.93568	0.93578			6
2025.12.16	01:39:42.625		0.93579			4
2025.12.16	01:39:44.675		0.93578			4
2025.12.16	01:39:48.778		0.93579			4
2025.12.16	01:39:53.600	0.93567				2
2025.12.16	01:39:54.612	0.93568				2
2025.12.16	01:39:57.750		0.93578			4
2025.12.16	01:39:59.808	0.93569				2
2025.12.16	01:40:00.110	0.93568	0.93579			6
2025.12.16	01:40:00.661	0.93567	0.93577			6
2025.12.16	01:40:01.019	0.93568	0.93578			6
2025.12.16	01:40:04.442	0.93566	0.93575			6
2025.12.16	01:40:06.543		0.93576			4
2025.12.16	01:40:12.866	0.93567	0.93575			6
2025.12.16	01:40:13.650	0.93566				2
2025.12.16	01:40:17.820	0.93567				2
2025.12.16	01:40:18.856	0.93566	0.93576			6
2025.12.16	01:40:20.189	0.93567				2
2025.12.16	01:40:25.566	0.93566				2
2025.12.16	01:40:27.315	0.93567	0.93575			6
2025.12.16	01:40:37.294	0.93565	0.93574			6
2025.12.16	01:40:37.898		0.93573			4
2025.12.16	01:40:38.980		0.93572			4
2025.12.16	01:40:39.514		0.93575			4
2025.12.16	01:40:41.391		0.93573			4
2025.12.16	01:40:42.523		0.93574			4
2025.12.16	01:40:44.077	0.93566				2
2025.12.16	01:40:44.400		0.93573			4
2025.12.16	01:40:47.435		0.93574			4
2025.12.16	01:40:50.225		0.93573			4
2025.12.16	01:40:51.277		0.93575			4
2025.12.16	01:40:59.438		0.93574			4
2025.12.16	01:41:00.409	0.93566				2
2025.12.16	01:41:04.566	0.93565	0.93575			6
2025.12.16	01:41:10.687	0.93567				2
2025.12.16	01:41:10.999	0.93566	0.93574			6
2025.12.16	01:41:11.850		0.93575			4
2025.12.16	01:41:14.102		0.93574			4
2025.12.16	01:41:18.718		0.93573			4
2025.12.16	01:41:26.120	0.93565	0.93574			6
2025.12.16	01:41:27.013	0.93566	0.93573			6
2025.12.16	01:41:29.083	0.93565	0.93574			6
2025.12.16	01:41:33.312	0.93566	0.93573			6
2025.12.16	01:41:35.271	0.93565	0.93574			6
2025.12.16	01:41:35.874	0.93566	0.93573			6
2025.12.16	01:41:45.253	0.93565				2
2025.12.16	01:41:51.412	0.93560	0.93569			6
2025.12.16	01:41:52.417		0.93570			4
2025.12.16	01:41:54.619	0.93561	0.93569			6
2025.12.16	01:41:55.642		0.93570			4
2025.12.16	01:41:55.958	0.93560				2
2025.12.16	01:41:59.022	0.93561	0.93569			6
2025.12.16	01:42:00.059	0.93561				2
2025.12.16	01:42:00.596	0.93560				2
2025.12.16	01:42:00.973		0.93568			4
2025.12.16	01:42:06.431	0.93561	0.93569			6
2025.12.16	01:42:06.819	0.93562	0.93570			6
2025.12.16	01:42:13.091	0.93561				2
2025.12.16	01:42:20.957	0.93562				2
2025.12.16	01:42:23.884	0.93561				2
2025.12.16	01:42:25.492		0.93571			4
2025.12.16	01:42:26.526		0.93570			4
2025.12.16	01:42:27.866	0.93560	0.93568			6
2025.12.16	01:42:30.862	0.93563	0.93571			6
2025.12.16	01:42:31.180	0.93565	0.93572			6
2025.12.16	01:42:52.117	0.93566				2
2025.12.16	01:43:00.534	0.93566				2
2025.12.16	01:43:01.566	0.93565				2
2025.12.16	01:43:14.479	0.93564				2
2025.12.16	01:43:14.787	0.93566				2
2025.12.16	01:43:15.718	0.93565	0.93573			6
2025.12.16	01:43:17.760	0.93566	0.93572			6
2025.12.16	01:43:31.904		0.93573			4
2025.12.16	01:43:42.782	0.93565	0.93572			6
2025.12.16	01:43:44.846	0.93564	0.93573			6
2025.12.16	01:43:45.671	0.93565	0.93572			6
2025.12.16	01:43:46.567	0.93564	0.93571			6
2025.12.16	01:43:46.878		0.93572			4
2025.12.16	01:43:49.770	0.93565				2
2025.12.16	01:44:04.566	0.93565	0.93573			6
2025.12.16	01:44:06.911	0.93567	0.93574			6
2025.12.16	01:44:11.268	0.93568				2
2025.12.16	01:44:15.372	0.93567	0.93575			6
2025.12.16	01:44:19.505	0.93568				2
2025.12.16	01:44:20.005	0.93567	0.93576			6
2025.12.16	01:44:20.661	0.93568	0.93575			6
2025.12.16	01:44:24.504		0.93576			4
2025.12.16	01:44:27.636		0.93575			4
2025.12.16	01:44:27.980		0.93576			4
2025.12.16	01:44:30.958		0.93575			4
2025.12.16	01:44:44.046		0.93576			4
2025.12.16	01:44:44.364		0.93575			4
2025.12.16	01:44:48.507		0.93576			4
2025.12.16	01:45:00.539	0.93568				2
2025.12.16	01:45:11.758		0.93575			4
2025.12.16	01:45:22.119		0.93574			4
2025.12.16	01:45:24.979		0.93575			4
2025.12.16	01:45:30.965		0.93576			4
2025.12.16	01:45:47.997		0.93575			4
2025.12.16	01:45:49.063		0.93577			4
2025.12.16	01:45:51.134		0.93576			4
2025.12.16	01:45:53.209	0.93567	0.93574			6
2025.12.16	01:45:57.393	0.93566	0.93573			6
2025.12.16	01:46:00.073	0.93566				2
2025.12.16	01:46:08.399		0.93574			4
2025.12.16	01:46:08.742		0.93572			4
2025.12.16	01:46:09.371		0.93574			4
2025.12.16	01:46:09.966		0.93573			4
2025.12.16	01:46:10.433		0.93575			4
2025.12.16	01:46:11.468		0.93574			4
2025.12.16	01:46:12.521		0.93573			4
2025.12.16	01:46:16.654		0.93574			4
2025.12.16	01:46:19.838		0.93573			4
2025.12.16	01:46:27.277	0.93567	0.93576			6
2025.12.16	01:46:27.828		0.93575			4
2025.12.16	01:46:28.248	0.93566	0.93573			6
2025.12.16	01:46:28.570		0.93574			4
2025.12.16	01:46:36.736	0.93568	0.93575			6
2025.12.16	01:46:56.976		0.93576			4
2025.12.16	01:46:59.766		0.93575			4
2025.12.16	01:47:00.535	0.93568				2
2025.12.16	01:47:19.185		0.93576			4
2025.12.16	01:47:20.855		0.93575			4
2025.12.16	01:47:27.950		0.93576			4
2025.12.16	01:47:39.211		0.93575			4
2025.12.16	01:47:39.562	0.93565	0.93572			6
2025.12.16	01:47:40.528	0.93564				2
2025.12.16	01:47:41.086		0.93571			4
2025.12.16	01:47:41.397		0.93572			4
2025.12.16	01:47:47.347		0.93571			4
2025.12.16	01:47:56.949	0.93565	0.93572			6
2025.12.16	01:48:00.365	0.93565				2
2025.12.16	01:48:06.828	0.93566				2
2025.12.16	01:48:25.564	0.93565				2
2025.12.16	01:48:33.787	0.93564				2
2025.12.16	01:48:50.767		0.93571			4
2025.12.16	01:49:00.453	0.93565				2
2025.12.16	01:49:05.345		0.93573			4
2025.12.16	01:49:05.915		0.93572			4
2025.12.16	01:49:07.448		0.93573			4
2025.12.16	01:49:09.534		0.93572			4
2025.12.16	01:49:10.554		0.93573			4
2025.12.16	01:49:12.191		0.93572			4
2025.12.16	01:49:15.985	0.93564				2
2025.12.16	01:49:17.452	0.93565	0.93573			6
2025.12.16	01:49:17.807		0.93572			4
2025.12.16	01:49:20.724	0.93566	0.93573			6
2025.12.16	01:49:21.760		0.93575			4
2025.12.16	01:49:23.830		0.93574			4
2025.12.16	01:49:24.994		0.93575			4
2025.12.16	01:49:25.900		0.93574			4
2025.12.16	01:49:28.105	0.93565	0.93575			6
2025.12.16	01:49:29.012	0.93566	0.93574			6
2025.12.16	01:49:31.086		0.93575			4
2025.12.16	01:49:36.266	0.93565				2
2025.12.16	01:49:37.300	0.93566				2
2025.12.16	01:49:39.373		0.93574			4
2025.12.16	01:49:40.265		0.93575			4
2025.12.16	01:49:45.591	0.93565				2
2025.12.16	01:49:47.105		0.93574			4
2025.12.16	01:49:54.659		0.93573			4
2025.12.16	01:49:55.695	0.93566	0.93574			6
2025.12.16	01:49:57.805	0.93565				2
2025.12.16	01:50:00.529	0.93565				2
2025.12.16	01:50:01.173	0.93566				2
2025.12.16	01:50:02.017		0.93573			4
2025.12.16	01:50:07.565		0.93574			4
2025.12.16	01:50:28.848		0.93575			4
2025.12.16	01:50:41.222		0.93573			4
2025.12.16	01:50:53.922	0.93565				2
2025.12.16	01:51:02.505	0.93565				2
2025.12.16	01:51:29.873	0.93564	0.93571			6
2025.12.16	01:51:30.229		0.93572			4
2025.12.16	01:51:34.565		0.93571			4
2025.12.16	01:51:35.986	0.93561				2
2025.12.16	01:51:36.307	0.93562	0.93570			6
2025.12.16	01:51:37.700	0.93563	0.93571			6
2025.12.16	01:51:50.597	0.93562	0.93570			6
2025.12.16	01:51:55.022	0.93563	0.93571			6
2025.12.16	01:51:55.508	0.93565	0.93572			6
2025.12.16	01:51:58.866		0.93570			4
2025.12.16	01:52:00.470	0.93565				2
2025.12.16	01:52:02.143	0.93568	0.93577			6
2025.12.16	01:52:02.457	0.93565	0.93573			6
2025.12.16	01:52:15.375	0.93566				2
2025.12.16	01:52:24.971	0.93565				2
2025.12.16	01:52:37.790		0.93574			4
2025.12.16	01:52:38.114		0.93575			4
2025.12.16	01:52:38.845		0.93573			4
2025.12.16	01:52:51.243	0.93567				2
2025.12.16	01:52:56.906	0.93566	0.93574			6
2025.12.16	01:52:57.644		0.93573			4
2025.12.16	01:52:58.213		0.93574			4
2025.12.16	01:52:58.713		0.93572			4
2025.12.16	01:53:00.625	0.93566	0.93573			6
2025.12.16	01:53:00.958	0.93565	0.93571			6
2025.12.16	01:53:16.462	0.93564				2
2025.12.16	01:53:25.170	0.93565				2
2025.12.16	01:53:34.077	0.93564				2
2025.12.16	01:53:35.283	0.93563				2
2025.12.16	01:53:36.923	0.93564	0.93570			6
2025.12.16	01:53:40.521	0.93563	0.93571			6
2025.12.16	01:53:42.613	0.93562				2
2025.12.16	01:53:46.530	0.93563				2
2025.12.16	01:53:54.705	0.93564				2
2025.12.16	01:54:00.111	0.93564				2
2025.12.16	01:54:00.948		0.93570			4
2025.12.16	01:54:25.567	0.93563				2
2025.12.16	01:54:31.180	0.93566	0.93574			6
2025.12.16	01:54:38.466	0.93565				2
2025.12.16	01:54:47.260	0.93566				2
2025.12.16	01:55:00.520	0.93566				2
2025.12.16	01:55:22.168		0.93573			4
2025.12.16	01:55:25.270	0.93567				2
2025.12.16	01:55:27.330	0.93566				2
2025.12.16	01:55:39.531		0.93574			4
2025.12.16	01:55:43.539	0.93567	0.93573			6
2025.12.16	01:55:45.573	0.93566	0.93572			6
2025.12.16	01:55:45.942		0.93573			4
2025.12.16	01:55:49.498	0.93567				2
2025.12.16	01:55:51.089	0.93566	0.93574			6
2025.12.16	01:55:51.829	0.93567	0.93573			6
2025.12.16	01:55:56.514		0.93574			4
2025.12.16	01:56:00.023	0.93567				2
2025.12.16	01:56:03.143	0.93566				2
2025.12.16	01:56:03.659		0.93573			4
2025.12.16	01:56:09.066	0.93567				2
2025.12.16	01:56:14.766	0.93566				2
2025.12.16	01:56:18.588	0.93567				2
2025.12.16	01:56:24.177		0.93574			4
2025.12.16	01:56:42.152		0.93573			4
2025.12.16	01:56:47.766	0.93566	0.93574			6
2025.12.16	01:56:55.565	0.93567	0.93573			6
2025.12.16	01:57:07.173	0.93567				2
2025.12.16	01:57:15.369	0.93568	0.93576			6
2025.12.16	01:57:16.414		0.93575			4
2025.12.16	01:57:16.771		0.93576			4
2025.12.16	01:57:17.417	0.93569				2
2025.12.16	01:57:21.073	0.93568				2
2025.12.16	01:57:28.394		0.93575			4
2025.12.16	01:57:29.432		0.93576			4
2025.12.16	01:57:30.077		0.93575			4
2025.12.16	01:57:30.460	0.93570	0.93577			6
2025.12.16	01:57:32.132	0.93569	0.93576			6
2025.12.16	01:57:35.427	0.93568	0.93575			6
2025.12.16	01:58:00.534	0.93568				2
2025.12.16	01:58:27.455	0.93567				2
2025.12.16	01:58:31.566	0.93568				2
2025.12.16	01:58:33.666	0.93567				2
2025.12.16	01:58:34.072		0.93574			4
2025.12.16	01:58:34.481	0.93568	0.93575			6
2025.12.16	01:58:35.090		0.93574			4
2025.12.16	01:58:39.060		0.93576			4
2025.12.16	01:58:49.411	0.93569	0.93575			6
2025.12.16	01:58:50.450		0.93576			4
2025.12.16	01:58:50.776		0.93577			4
2025.12.16	01:58:51.376		0.93576			4
2025.12.16	01:58:53.963	0.93572	0.93579			6
2025.12.16	01:58:54.310		0.93578			4
2025.12.16	01:58:55.481	0.93571	0.93579			6
2025.12.16	01:58:59.621	0.93572				2
2025.12.16	01:59:00.275	0.93581	0.93589			6
2025.12.16	01:59:00.610	0.93580	0.93588			6
2025.12.16	01:59:00.927		0.93587			4
2025.12.16	01:59:01.347	0.93577	0.93586			6
2025.12.16	01:59:01.674		0.93584			4
2025.12.16	01:59:01.979	0.93579	0.93585			6
2025.12.16	01:59:02.337		0.93586			4
2025.12.16	01:59:02.673		0.93588			4
2025.12.16	01:59:02.978	0.93578	0.93584			6
2025.12.16	01:59:06.180	0.93579	0.93587			6
2025.12.16	01:59:08.850	0.93580	0.93588			6
2025.12.16	01:59:15.064	0.93579	0.93587			6
2025.12.16	01:59:23.972	0.93577	0.93585			6
2025.12.16	01:59:25.097	0.93578	0.93586			6
2025.12.16	01:59:25.641	0.93577	0.93585			6
2025.12.16	01:59:40.503	0.93576				2
2025.12.16	01:59:47.040	0.93581	0.93591			6
2025.12.16	01:59:47.475		0.93589			4
2025.12.16	01:59:48.973	0.93580	0.93588			6
2025.12.16	01:59:49.287		0.93589			4
2025.12.16	01:59:49.613	0.93581	0.93588			6
2025.12.16	01:59:49.939		0.93589			4
2025.12.16	01:59:50.876	0.93582	0.93590			6
2025.12.16	01:59:51.179		0.93589			4
2025.12.16	01:59:56.387	0.93581	0.93590			6
2025.12.16	02:00:00.326	0.93581	0.93585			6
2025.12.16	02:00:01.097	0.93582				2
2025.12.16	02:00:01.704		0.93587			4
2025.12.16	02:00:05.559	0.93581	0.93583			6
2025.12.16	02:00:05.922	0.93580				2
2025.12.16	02:00:14.517	0.93578	0.93580			6
2025.12.16	02:00:16.999	0.93577				2
2025.12.16	02:00:18.113	0.93578				2
2025.12.16	02:00:19.324	0.93577	0.93579			6
2025.12.16	02:00:20.094	0.93578	0.93580			6
2025.12.16	02:00:20.630	0.93579	0.93581			6
2025.12.16	02:00:21.056	0.93578				2
2025.12.16	02:00:22.480	0.93579	0.93585			6
2025.12.16	02:00:22.826	0.93578	0.93582			6
2025.12.16	02:00:23.870	0.93577				2
2025.12.16	02:00:26.165		0.93580			4
2025.12.16	02:00:27.881	0.93578	0.93582			6
2025.12.16	02:00:28.282	0.93577				2
2025.12.16	02:00:29.292		0.93580			4
2025.12.16	02:00:29.604	0.93580	0.93583			6
2025.12.16	02:00:30.380	0.93577	0.93582			6
2025.12.16	02:00:31.297		0.93579			4
2025.12.16	02:00:33.040	0.93576				2
2025.12.16	02:00:34.393	0.93577				2
2025.12.16	02:00:36.598	0.93576	0.93578			6
2025.12.16	02:00:36.973		0.93579			4
2025.12.16	02:00:37.503	0.93577				2
2025.12.16	02:00:38.343	0.93576				2
2025.12.16	02:00:39.981	0.93577	0.93582			6
2025.12.16	02:00:47.060	0.93576	0.93581			6
2025.12.16	02:00:48.172	0.93577				2
2025.12.16	02:00:49.867	0.93578				2
2025.12.16	02:00:50.175		0.93580			4
2025.12.16	02:00:56.457	0.93577	0.93582			6
2025.12.16	02:00:59.564		0.93580			4
2025.12.16	02:01:00.429	0.93577				2
2025.12.16	02:01:05.723	0.93578				2
2025.12.16	02:01:07.969	0.93577	0.93582			6
2025.12.16	02:01:10.681	0.93573	0.93578			6
2025.12.16	02:01:11.639	0.93575	0.93581			6
2025.12.16	02:01:11.970	0.93574	0.93579			6
2025.12.16	02:01:12.686	0.93575				2
2025.12.16	02:01:13.377	0.93574				2
2025.12.16	02:01:14.772		0.93581			4
2025.12.16	02:01:15.345	0.93575				2
2025.12.16	02:01:15.670		0.93579			4
2025.12.16	02:01:16.355	0.93577				2
2025.12.16	02:01:19.753	0.93576				2
2025.12.16	02:01:20.378	0.93577				2
2025.12.16	02:01:21.472	0.93576				2
2025.12.16	02:01:26.434	0.93577				2
2025.12.16	02:01:26.742	0.93578	0.93580			6
2025.12.16	02:01:27.412	0.93577	0.93579			6
2025.12.16	02:01:32.164	0.93580	0.93587			6
2025.12.16	02:01:32.478	0.93581	0.93588			6
2025.12.16	02:01:32.789		0.93586			4
2025.12.16	02:01:33.514		0.93584			4
2025.12.16	02:01:34.859	0.93582	0.93589			6
2025.12.16	02:01:48.434	0.93580	0.93584			6
2025.12.16	02:01:50.585	0.93579				2
2025.12.16	02:01:55.089	0.93578	0.93583			6
2025.12.16	02:01:58.376	0.93574	0.93578			6
2025.12.16	02:01:58.678	0.93573	0.93576			6
2025.12.16	02:01:59.158	0.93575	0.93577			6
2025.12.16	02:01:59.465	0.93574	0.93576			6
2025.12.16	02:01:59.881	0.93573				2
2025.12.16	02:02:00.789	0.93574				2
2025.12.16	02:02:01.850	0.93573				2
2025.12.16	02:02:02.173	0.93574				2
2025.12.16	02:02:02.602	0.93573	0.93577			6
2025.12.16	02:02:03.022	0.93574				2
2025.12.16	02:02:04.507	0.93575				2
2025.12.16	02:02:04.843	0.93573				2
2025.12.16	02:02:05.550	0.93574				2
2025.12.16	02:02:07.775	0.93575				2
2025.12.16	02:02:08.147	0.93578	0.93584			6
2025.12.16	02:02:09.231	0.93577				2
2025.12.16	02:02:10.233	0.93578				2
2025.12.16	02:02:12.251	0.93575	0.93579			6
2025.12.16	02:02:13.610	0.93574	0.93578			6
2025.12.16	02:02:14.511	0.93573				2
2025.12.16	02:02:17.745	0.93574				2
2025.12.16	02:02:18.781	0.93573				2
2025.12.16	02:02:21.674	0.93575	0.93580			6
2025.12.16	02:02:21.983	0.93574	0.93579			6
2025.12.16	02:02:27.038	0.93572	0.93577			6
2025.12.16	02:02:27.340		0.93575			4
2025.12.16	02:02:27.666	0.93567	0.93574			6
2025.12.16	02:02:28.320	0.93566				2
2025.12.16	02:02:29.802	0.93567				2
2025.12.16	02:02:30.671	0.93563	0.93572			6
2025.12.16	02:02:30.985	0.93562	0.93571			6
2025.12.16	02:02:32.556	0.93561				2
2025.12.16	02:02:33.964	0.93562				2
2025.12.16	02:02:34.762	0.93561				2
2025.12.16	02:02:35.357	0.93562				2
2025.12.16	02:02:36.346	0.93563				2
2025.12.16	02:02:38.614	0.93562				2
2025.12.16	02:02:39.496	0.93561				2
2025.12.16	02:02:39.800	0.93559	0.93568			6
2025.12.16	02:02:40.418		0.93569			4
2025.12.16	02:02:40.755	0.93560				2
2025.12.16	02:02:41.058	0.93559				2
2025.12.16	02:02:41.701	0.93558				2
2025.12.16	02:02:42.566	0.93559				2
2025.12.16	02:02:43.745	0.93557				2
2025.12.16	02:02:44.931	0.93559	0.93568			6
2025.12.16	02:02:45.245	0.93558	0.93565			6
2025.12.16	02:02:45.586		0.93567			4
2025.12.16	02:02:47.046		0.93569			4
2025.12.16	02:02:48.892	0.93556	0.93567			6
2025.12.16	02:02:49.220		0.93566			4
2025.12.16	02:02:49.627	0.93555				2
2025.12.16	02:02:50.024	0.93556				2
2025.12.16	02:02:55.976	0.93555				2
2025.12.16	02:02:57.390	0.93556				2
2025.12.16	02:02:58.405	0.93557				2
2025.12.16	02:02:59.076	0.93556				2
2025.12.16	02:03:00.512	0.93556				2
2025.12.16	02:03:00.864	0.93555				2
2025.12.16	02:03:01.300	0.93556				2
2025.12.16	02:03:02.703	0.93557				2
2025.12.16	02:03:03.232	0.93556				2
2025.12.16	02:03:18.845	0.93557				2
2025.12.16	02:03:19.154	0.93556				2
2025.12.16	02:03:20.577	0.93557				2
2025.12.16	02:03:21.354	0.93556				2
2025.12.16	02:03:24.197	0.93557	0.93567			6
2025.12.16	02:03:24.500	0.93555	0.93566			6
2025.12.16	02:03:33.424	0.93556				2
2025.12.16	02:03:34.481	0.93557				2
2025.12.16	02:03:34.926	0.93564	0.93571			6
2025.12.16	02:03:35.241	0.93556	0.93567			6
2025.12.16	02:03:35.659	0.93557				2
2025.12.16	02:03:36.393	0.93555	0.93566			6
2025.12.16	02:03:39.515	0.93554	0.93564			6
2025.12.16	02:03:39.865		0.93563			4
2025.12.16	02:03:40.180	0.93555				2
2025.12.16	02:03:40.510		0.93564			4
2025.12.16	02:03:40.835		0.93565			4
2025.12.16	02:03:41.166		0.93567			4
2025.12.16	02:03:42.173	0.93556				2
2025.12.16	02:03:44.044	0.93557				2
2025.12.16	02:03:44.347	0.93556				2
2025.12.16	02:03:48.797	0.93555				2
2025.12.16	02:03:49.101	0.93558				2
2025.12.16	02:04:00.649	0.93558	0.93569			6
2025.12.16	02:04:02.277	0.93559				2
2025.12.16	02:04:04.086	0.93558				2
2025.12.16	02:04:04.407	0.93559	0.93568			6
2025.12.16	02:04:04.719	0.93557	0.93567			6
2025.12.16	02:04:05.879		0.93568			4
2025.12.16	02:04:06.970	0.93558				2
2025.12.16	02:04:10.881	0.93559				2
2025.12.16	02:04:14.423		0.93567			4
2025.12.16	02:04:14.909		0.93568			4
2025.12.16	02:04:18.533		0.93569			4
2025.12.16	02:04:18.981	0.93561	0.93567			6
2025.12.16	02:04:19.319	0.93559	0.93568			6
2025.12.16	02:04:19.625		0.93564			4
2025.12.16	02:04:19.951		0.93568			4
2025.12.16	02:04:20.876	0.93560	0.93569			6
2025.12.16	02:04:21.352	0.93556	0.93564			6
2025.12.16	02:04:21.658	0.93555				2
2025.12.16	02:04:22.625	0.93554				2
2025.12.16	02:04:24.720	0.93556	0.93565			6
2025.12.16	02:04:25.062	0.93559				2
2025.12.16	02:04:25.383	0.93556				2
2025.12.16	02:04:26.055	0.93555				2
2025.12.16	02:04:26.373	0.93556				2
2025.12.16	02:04:29.092	0.93557				2
2025.12.16	02:04:31.932	0.93558				2
2025.12.16	02:04:32.342	0.93557				2
2025.12.16	02:04:33.124	0.93556				2
2025.12.16	02:04:34.272	0.93557				2
2025.12.16	02:04:36.100	0.93558				2
2025.12.16	02:04:38.560	0.93557				2
2025.12.16	02:04:46.497	0.93556				2
2025.12.16	02:04:47.215	0.93553	0.93563			6
2025.12.16	02:04:48.018	0.93554	0.93562			6
2025.12.16	02:04:48.383	0.93553				2
2025.12.16	02:04:49.164	0.93554				2
2025.12.16	02:04:49.478	0.93553				2
2025.12.16	02:04:51.017	0.93554				2
2025.12.16	02:04:51.361	0.93553				2
2025.12.16	02:04:52.098	0.93552				2
2025.12.16	02:04:54.122	0.93553				2
2025.12.16	02:05:00.307	0.93553	0.93560			6
2025.12.16	02:05:02.238		0.93561			4
2025.12.16	02:05:05.160	0.93552	0.93559			6
2025.12.16	02:05:05.479	0.93553	0.93560			6
2025.12.16	02:05:06.408	0.93552				2
2025.12.16	02:05:07.391	0.93554				2
2025.12.16	02:05:07.835	0.93553				2
2025.12.16	02:05:08.572	0.93552				2
2025.12.16	02:05:10.222		0.93558			4
2025.12.16	02:05:11.932		0.93557			4
2025.12.16	02:05:12.300	0.93551				2
2025.12.16	02:05:14.042		0.93559			4
2025.12.16	02:05:15.309	0.93552				2
2025.12.16	02:05:16.359	0.93551				2
2025.12.16	02:05:17.417	0.93552				2
2025.12.16	02:05:18.381	0.93551				2
2025.12.16	02:05:20.897		0.93558			4
2025.12.16	02:05:22.482	0.93550				2
2025.12.16	02:05:25.189	0.93551				2
2025.12.16	02:05:25.568	0.93550				2
2025.12.16	02:05:26.671	0.93555	0.93561			6
2025.12.16	02:05:28.831	0.93557				2
2025.12.16	02:05:29.480	0.93555				2
2025.12.16	02:05:31.718	0.93553	0.93560			6
2025.12.16	02:05:37.445	0.93554				2
2025.12.16	02:05:40.753	0.93552				2
2025.12.16	02:05:42.473	0.93553				2
2025.12.16	02:05:46.020	0.93552				2
2025.12.16	02:05:47.261	0.93553				2
2025.12.16	02:05:52.552	0.93552				2
2025.12.16	02:05:54.405	0.93553				2
2025.12.16	02:05:55.659	0.93552	0.93559			6
2025.12.16	02:05:59.987	0.93551				2
2025.12.16	02:06:00.591	0.93551				2
2025.12.16	02:06:01.804	0.93550				2
2025.12.16	02:06:03.859	0.93551				2
2025.12.16	02:06:09.081	0.93550	0.93557			6
2025.12.16	02:06:10.141	0.93551				2
2025.12.16	02:06:11.674	0.93550				2
2025.12.16	02:06:12.415	0.93549				2
2025.12.16	02:06:14.786	0.93550				2
2025.12.16	02:06:20.625	0.93549				2
2025.12.16	02:06:25.358	0.93551	0.93558			6
2025.12.16	02:06:25.683	0.93550				2
2025.12.16	02:06:26.587	0.93551				2
2025.12.16	02:06:28.172		0.93559			4
2025.12.16	02:06:34.670		0.93560			4
2025.12.16	02:06:39.090	0.93552				2
2025.12.16	02:06:39.484	0.93551				2
2025.12.16	02:06:41.459	0.93552				2
2025.12.16	02:06:42.270	0.93553				2
2025.12.16	02:06:42.592	0.93552				2
2025.12.16	02:06:48.393		0.93561			4
2025.12.16	02:06:50.396	0.93553				2
2025.12.16	02:06:51.065	0.93554				2
2025.12.16	02:06:51.379		0.93560			4
2025.12.16	02:06:51.907	0.93553				2
2025.12.16	02:06:52.305		0.93561			4
2025.12.16	02:06:53.075		0.93560			4
2025.12.16	02:06:54.337		0.93561			4
2025.12.16	02:06:54.688	0.93551	0.93560			6
2025.12.16	02:06:55.866	0.93552				2
2025.12.16	02:06:56.179	0.93551				2
2025.12.16	02:06:56.890	0.93552				2
2025.12.16	02:06:57.599	0.93551				2
2025.12.16	02:07:00.473	0.93551				2
2025.12.16	02:07:02.458	0.93552				2
2025.12.16	02:07:03.119	0.93551				2
2025.12.16	02:07:06.481	0.93550	0.93559			6
2025.12.16	02:07:07.515	0.93551				2
2025.12.16	02:07:08.680	0.93550				2
2025.12.16	02:07:09.717	0.93551				2
2025.12.16	02:07:11.455	0.93549				2
2025.12.16	02:07:12.193		0.93557			4
2025.12.16	02:07:12.518		0.93559			4
2025.12.16	02:07:13.287	0.93550				2
2025.12.16	02:07:13.919	0.93551				2
2025.12.16	02:07:14.388	0.93549				2
2025.12.16	02:07:15.756	0.93550				2
2025.12.16	02:07:17.660		0.93558			4
2025.12.16	02:07:17.981	0.93549				2
2025.12.16	02:07:23.977	0.93550				2
2025.12.16	02:07:27.917	0.93549				2
2025.12.16	02:07:30.656	0.93550				2
2025.12.16	02:07:31.021	0.93551	0.93560			6
2025.12.16	02:07:31.653	0.93552				2
2025.12.16	02:07:31.963	0.93550	0.93559			6
2025.12.16	02:07:33.747		0.93557			4
2025.12.16	02:07:40.627		0.93558			4
2025.12.16	02:07:41.173	0.93551				2
2025.12.16	02:07:46.152	0.93547	0.93555			6
2025.12.16	02:07:46.460	0.93548	0.93556			6
2025.12.16	02:07:46.841	0.93547				2
2025.12.16	02:07:47.300	0.93548				2
2025.12.16	02:07:48.980	0.93549				2
2025.12.16	02:07:51.798	0.93548				2
2025.12.16	02:07:55.031	0.93547	0.93555			6
2025.12.16	02:07:56.991	0.93548	0.93557			6
2025.12.16	02:07:57.308	0.93550	0.93559			6
2025.12.16	02:08:00.149	0.93550	0.93558			6
2025.12.16	02:08:00.838	0.93549	0.93559			6
2025.12.16	02:08:02.772	0.93550				2
2025.12.16	02:08:04.060		0.93561			4
2025.12.16	02:08:04.556	0.93551				2
2025.12.16	02:08:10.057	0.93552				2
2025.12.16	02:08:11.753	0.93553				2
2025.12.16	02:08:17.512		0.93560			4
2025.12.16	02:08:21.371	0.93552				2
2025.12.16	02:08:25.503	0.93551				2
2025.12.16	02:08:25.820	0.93552				2
2025.12.16	02:08:26.425	0.93543	0.93556			6
2025.12.16	02:08:26.738	0.93544				2
2025.12.16	02:08:30.819	0.93545				2
2025.12.16	02:08:31.254	0.93546				2
2025.12.16	02:08:31.689	0.93547	0.93555			6
2025.12.16	02:08:32.601		0.93557			4
2025.12.16	02:08:33.032		0.93558			4
2025.12.16	02:08:33.343	0.93548				2
2025.12.16	02:08:36.551	0.93549				2
2025.12.16	02:08:37.013	0.93548				2
2025.12.16	02:08:42.664		0.93559			4
2025.12.16	02:08:46.666	0.93547	0.93557			6
2025.12.16	02:08:47.477		0.93558			4
2025.12.16	02:08:48.775		0.93557			4
2025.12.16	02:08:50.837		0.93558			4
2025.12.16	02:08:51.485		0.93557			4
2025.12.16	02:08:52.498		0.93558			4
2025.12.16	02:08:55.908		0.93557			4
2025.12.16	02:08:56.330	0.93546	0.93558			6
2025.12.16	02:08:57.460		0.93556			4
2025.12.16	02:08:59.380	0.93545				2
2025.12.16	02:09:01.357	0.93545				2
2025.12.16	02:09:02.129	0.93544	0.93555			6
2025.12.16	02:09:07.946	0.93543				2
2025.12.16	02:09:12.925	0.93544				2
2025.12.16	02:09:20.214		0.93554			4
2025.12.16	02:09:20.986		0.93555			4
2025.12.16	02:09:21.385		0.93554			4
2025.12.16	02:09:22.067	0.93541	0.93552			6
2025.12.16	02:09:22.379	0.93542				2
2025.12.16	02:09:22.741	0.93540				2
2025.12.16	02:09:23.068		0.93551			4
2025.12.16	02:09:23.382		0.93552			4
2025.12.16	02:09:25.376	0.93541				2
2025.12.16	02:09:30.620		0.93551			4
2025.12.16	02:09:31.646	0.93540				2
2025.12.16	02:09:32.148		0.93550			4
2025.12.16	02:09:37.565	0.93541				2
2025.12.16	02:09:38.213	0.93539	0.93548			6
2025.12.16	02:09:41.541		0.93550			4
2025.12.16	02:09:48.227		0.93551			4
2025.12.16	02:09:53.073	0.93535	0.93546			6
2025.12.16	02:09:53.691		0.93544			4
2025.12.16	02:09:54.003		0.93546			4
2025.12.16	02:09:55.143	0.93537	0.93547			6
2025.12.16	02:09:55.483		0.93546			4
2025.12.16	02:09:57.643	0.93536	0.93545			6
2025.12.16	02:09:57.959		0.93546			4
2025.12.16	02:09:59.411	0.93535	0.93543			6
2025.12.16	02:10:00.440	0.93536	0.93544			6
2025.12.16	02:10:00.769	0.93534				2
2025.12.16	02:10:01.412	0.93535	0.93543			6
2025.12.16	02:10:01.922		0.93544			4
2025.12.16	02:10:02.414	0.93533	0.93542			6
2025.12.16	02:10:04.126		0.93540			4
2025.12.16	02:10:04.439	0.93534	0.93541			6
2025.12.16	02:10:04.741	0.93533	0.93543			6
2025.12.16	02:10:05.382	0.93534	0.93542			6
2025.12.16	02:10:08.718	0.93535	0.93541			6
2025.12.16	02:10:09.597		0.93542			4
2025.12.16	02:10:11.430	0.93534	0.93545			6
2025.12.16	02:10:12.062	0.93535	0.93543			6
2025.12.16	02:10:12.573	0.93534				2
2025.12.16	02:10:13.102		0.93544			4
2025.12.16	02:10:13.686		0.93543			4
2025.12.16	02:10:17.195		0.93542			4
2025.12.16	02:10:17.892		0.93543			4
2025.12.16	02:10:19.451	0.93533				2
2025.12.16	02:10:20.288	0.93535				2
2025.12.16	02:10:20.599	0.93536	0.93544			6
2025.12.16	02:10:21.072	0.93538				2
2025.12.16	02:10:21.590	0.93536				2
2025.12.16	02:10:22.936	0.93538				2
2025.12.16	02:10:23.440	0.93536				2
2025.12.16	02:10:23.778	0.93537				2
2025.12.16	02:10:24.149	0.93536				2
2025.12.16	02:10:24.734		0.93543			4
2025.12.16	02:10:25.353	0.93534	0.93544			6
2025.12.16	02:10:25.669	0.93537	0.93546			6
2025.12.16	02:10:26.481	0.93535				2
2025.12.16	02:10:30.414	0.93533	0.93544			6
2025.12.16	02:10:30.716		0.93545			4
2025.12.16	02:10:31.823	0.93534				2
2025.12.16	02:10:32.138		0.93544			4
2025.12.16	02:10:35.045		0.93545			4
2025.12.16	02:10:35.794		0.93544			4
2025.12.16	02:10:37.192	0.93535	0.93545			6
2025.12.16	02:10:37.664	0.93534	0.93543			6
2025.12.16	02:10:39.137		0.93544			4
2025.12.16	02:10:41.037	0.93533				2
2025.12.16	02:10:45.210	0.93534				2
2025.12.16	02:10:46.778	0.93533				2
2025.12.16	02:10:48.631	0.93534				2
2025.12.16	02:10:51.813		0.93545			4
2025.12.16	02:10:54.591		0.93544			4
2025.12.16	02:10:56.358	0.93535	0.93546			6
2025.12.16	02:11:00.139	0.93535				2
2025.12.16	02:11:02.140	0.93534	0.93544			6
2025.12.16	02:11:02.684		0.93545			4
2025.12.16	02:11:05.981	0.93535				2
2025.12.16	02:11:09.848	0.93536				2
2025.12.16	02:11:11.169	0.93535	0.93544			6
2025.12.16	02:11:11.533	0.93534				2
2025.12.16	02:11:12.585	0.93538	0.93547			6
2025.12.16	02:11:12.943	0.93535	0.93545			6
2025.12.16	02:11:15.471		0.93546			4
2025.12.16	02:11:20.568		0.93545			4
2025.12.16	02:11:20.950	0.93536	0.93547			6
2025.12.16	02:11:21.443		0.93545			4
2025.12.16	02:11:21.833	0.93535	0.93544			6
2025.12.16	02:11:23.331	0.93534				2
2025.12.16	02:11:24.992	0.93533				2
2025.12.16	02:11:29.199	0.93534	0.93545			6
2025.12.16	02:11:29.607		0.93544			4
2025.12.16	02:11:31.349	0.93535				2
2025.12.16	02:11:32.250	0.93536				2
2025.12.16	02:11:32.666		0.93547			4
2025.12.16	02:11:34.390	0.93537	0.93545			6
2025.12.16	02:11:35.086	0.93535	0.93544			6
2025.12.16	02:11:35.435	0.93534				2
2025.12.16	02:11:39.096	0.93532	0.93542			6
2025.12.16	02:11:40.158	0.93533				2
2025.12.16	02:11:42.158		0.93544			4
2025.12.16	02:11:42.531	0.93529	0.93536			6
2025.12.16	02:11:43.157	0.93531	0.93537			6
2025.12.16	02:11:44.618	0.93530				2
2025.12.16	02:11:50.872	0.93531				2
2025.12.16	02:11:53.491	0.93530	0.93536			6
2025.12.16	02:11:56.901	0.93531	0.93540			6
2025.12.16	02:11:57.261	0.93532	0.93539			6
2025.12.16	02:11:59.068	0.93531				2
2025.12.16	02:11:59.383	0.93532	0.93540			6
2025.12.16	02:11:59.700		0.93541			4
2025.12.16	02:12:00.001	0.93533	0.93539			6
2025.12.16	02:12:00.437		0.93540			4
2025.12.16	02:12:01.411	0.93532				2
2025.12.16	02:12:04.415		0.93539			4
2025.12.16	02:12:06.371		0.93540			4
2025.12.16	02:12:08.730	0.93533				2
2025.12.16	02:12:10.051	0.93531				2
2025.12.16	02:12:10.849	0.93533				2
2025.12.16	02:12:11.422		0.93539			4
2025.12.16	02:12:11.725	0.93531	0.93537			6
2025.12.16	02:12:12.732		0.93538			4
2025.12.16	02:12:18.531		0.93539			4
2025.12.16	02:12:20.348		0.93541			4
2025.12.16	02:12:25.915	0.93532				2
2025.12.16	02:12:29.804		0.93540			4
2025.12.16	02:12:31.318		0.93539			4
2025.12.16	02:12:35.283		0.93540			4
2025.12.16	02:12:40.303		0.93539			4
2025.12.16	02:12:42.747		0.93540			4
2025.12.16	02:12:47.210	0.93533	0.93541			6
2025.12.16	02:12:51.874	0.93532	0.93542			6
2025.12.16	02:12:52.184	0.93533	0.93541			6
2025.12.16	02:12:52.843	0.93532	0.93539			6
2025.12.16	02:13:00.391	0.93532				2
2025.12.16	02:13:01.263		0.93538			4
2025.12.16	02:13:01.570		0.93540			4
2025.12.16	02:13:02.233	0.93531	0.93538			6
2025.12.16	02:13:02.886	0.93532	0.93539			6
2025.12.16	02:13:04.547		0.93540			4
2025.12.16	02:13:11.906		0.93539			4
2025.12.16	02:13:12.781		0.93540			4
2025.12.16	02:13:15.162		0.93539			4
2025.12.16	02:13:17.542		0.93538			4
2025.12.16	02:13:20.368	0.93533	0.93540			6
2025.12.16	02:13:21.018	0.93532				2
2025.12.16	02:13:24.635	0.93533	0.93542			6
2025.12.16	02:13:25.523		0.93543			4
2025.12.16	02:13:26.483		0.93542			4
2025.12.16	02:13:31.190	0.93532	0.93541			6
2025.12.16	02:13:35.924	0.93533	0.93543			6
2025.12.16	02:13:45.350	0.93532	0.93542			6
2025.12.16	02:13:46.318		0.93540			4
2025.12.16	02:13:46.840		0.93542			4
2025.12.16	02:13:47.524		0.93541			4
2025.12.16	02:13:52.048		0.93542			4
2025.12.16	02:13:52.395		0.93541			4
2025.12.16	02:13:53.933		0.93542			4
2025.12.16	02:14:00.438	0.93532	0.93541			6
2025.12.16	02:14:05.029		0.93540			4
2025.12.16	02:14:07.499	0.93533				2
2025.12.16	02:14:09.058		0.93541			4
2025.12.16	02:14:11.559	0.93532				2
2025.12.16	02:14:22.319		0.93540			4
2025.12.16	02:14:25.997		0.93541			4
2025.12.16	02:14:29.761		0.93542			4
2025.12.16	02:14:31.605		0.93540			4
2025.12.16	02:14:40.942	0.93533	0.93543			6
2025.12.16	02:14:41.328		0.93541			4
2025.12.16	02:14:42.044		0.93540			4
2025.12.16	02:14:45.134		0.93543			4
2025.12.16	02:14:51.470		0.93540			4
2025.12.16	02:14:54.904	0.93534	0.93542			6
2025.12.16	02:14:55.493	0.93533				2
2025.12.16	02:15:00.304	0.93533				2
2025.12.16	02:15:02.247		0.93541			4
2025.12.16	02:15:02.981		0.93542			4
2025.12.16	02:15:04.459		0.93539			4
2025.12.16	02:15:06.807		0.93540			4
2025.12.16	02:15:07.119		0.93541			4
2025.12.16	02:15:07.472	0.93532	0.93540			6
2025.12.16	02:15:10.277	0.93534				2
2025.12.16	02:15:11.795	0.93533	0.93542			6
2025.12.16	02:15:12.316		0.93543			4
2025.12.16	02:15:12.761		0.93540			4
2025.12.16	02:15:14.043		0.93541			4
2025.12.16	02:15:16.327	0.93534	0.93542			6
2025.12.16	02:15:18.326	0.93533				2
2025.12.16	02:15:19.473	0.93535				2
2025.12.16	02:15:22.722		0.93543			4
2025.12.16	02:15:23.332		0.93544			4
2025.12.16	02:15:27.230		0.93545			4
2025.12.16	02:15:29.303		0.93543			4
2025.12.16	02:15:30.382		0.93541			4
2025.12.16	02:15:31.151	0.93534				2
2025.12.16	02:15:34.282		0.93540			4
2025.12.16	02:15:36.702		0.93541			4
2025.12.16	02:15:42.919		0.93540			4
2025.12.16	02:15:43.898	0.93533				2
2025.12.16	02:15:45.168		0.93542			4
2025.12.16	02:15:46.994		0.93541			4
2025.12.16	02:15:49.173	0.93534				2
2025.12.16	02:15:49.569	0.93533	0.93540			6
2025.12.16	02:15:50.448		0.93541			4
2025.12.16	02:15:52.781	0.93534	0.93540			6
2025.12.16	02:15:54.693		0.93541			4
2025.12.16	02:15:57.518		0.93542			4
2025.12.16	02:15:58.300		0.93541			4
2025.12.16	02:16:00.016	0.93534				2
2025.12.16	02:16:00.458		0.93542			4
2025.12.16	02:16:01.187		0.93541			4
2025.12.16	02:16:01.766		0.93540			4
2025.12.16	02:16:08.927		0.93539			4
2025.12.16	02:16:10.495	0.93533	0.93538			6
2025.12.16	02:16:11.293	0.93532				2
2025.12.16	02:16:11.641	0.93533				2
