<DATE>	<TIME>	<BID>	<ASK>	<LAST>	<VOLUME>	<FLAGS>
2025.09.22	00:03:30.656	0.93383	0.93486			6
2025.09.22	00:25:14.142	0.93205	0.93416			6
2025.09.22	00:25:17.115		0.93415			4
2025.09.22	00:25:18.124	0.93206				2
2025.09.22	00:25:34.449	0.93204	0.93417			6
2025.09.22	00:25:40.036		0.93418			4
2025.09.22	00:26:24.001	0.93179	0.93415			6
2025.09.22	00:26:26.534		0.93414			4
2025.09.22	00:26:35.418	0.93207	0.93419			6
2025.09.22	00:26:40.241	0.93179	0.93416			6
2025.09.22	00:27:28.324	0.93180				2
2025.09.22	00:27:35.827	0.93179	0.93417			6
2025.09.22	00:27:41.536	0.93206	0.93420			6
2025.09.22	00:27:45.063	0.93200	0.93425			6
2025.09.22	00:27:46.623	0.93201				2
2025.09.22	00:27:59.750	0.93217	0.93455			6
2025.09.22	00:28:00.056	0.93217				2
2025.09.22	00:28:03.617		0.93454			4
2025.09.22	00:28:22.632	0.93218				2
2025.09.22	00:28:38.086		0.93453			4
2025.09.22	00:28:39.043	0.93219				2
2025.09.22	00:28:41.952	0.93186	0.93424			6
2025.09.22	00:28:47.256	0.93188				2
2025.09.22	00:28:55.323	0.93189	0.93423			6
2025.09.22	00:29:00.723	0.93189				2
2025.09.22	00:29:12.411	0.93190				2
2025.09.22	00:29:12.853	0.93189				2
2025.09.22	00:29:14.224	0.93190				2
2025.09.22	00:29:17.825		0.93422			4
2025.09.22	00:29:22.212	0.93192	0.93420			6
2025.09.22	00:29:37.925	0.93193				2
2025.09.22	00:29:46.024		0.93419			4
2025.09.22	00:30:00.308	0.93241	0.93418			6
2025.09.22	00:30:00.618	0.93246	0.93421			6
2025.09.22	00:30:00.925	0.93235	0.93432			6
2025.09.22	00:30:01.238	0.93228	0.93408			6
2025.09.22	00:30:01.543	0.93208	0.93405			6
2025.09.22	00:30:01.868	0.93199	0.93414			6
2025.09.22	00:30:02.186	0.93204	0.93409			6
2025.09.22	00:30:02.600	0.93205	0.93408			6
2025.09.22	00:30:03.053	0.93204	0.93409			6
2025.09.22	00:30:04.052	0.93203				2
2025.09.22	00:30:04.853	0.93204	0.93408			6
2025.09.22	00:30:05.256	0.93203	0.93409			6
2025.09.22	00:30:06.061	0.93204	0.93408			6
2025.09.22	00:30:07.056	0.93203	0.93409			6
2025.09.22	00:30:07.415		0.93408			4
2025.09.22	00:30:09.855	0.93204	0.93407			6
2025.09.22	00:30:10.255	0.93203	0.93408			6
2025.09.22	00:30:10.977	0.93209	0.93402			6
2025.09.22	00:30:11.278	0.93210				2
2025.09.22	00:30:11.583	0.93202				2
2025.09.22	00:30:11.898	0.93208	0.93403			6
2025.09.22	00:30:12.537	0.93209	0.93409			6
2025.09.22	00:30:12.850	0.93208	0.93402			6
2025.09.22	00:30:13.157	0.93211	0.93408			6
2025.09.22	00:30:13.465	0.93210	0.93401			6
2025.09.22	00:30:13.778	0.93211	0.93409			6
2025.09.22	00:30:14.083	0.93212	0.93399			6
2025.09.22	00:30:14.397	0.93202	0.93409			6
2025.09.22	00:30:14.701	0.93211				2
2025.09.22	00:30:15.015	0.93209	0.93402			6
2025.09.22	00:30:15.318	0.93203	0.93403			6
2025.09.22	00:30:15.625	0.93210	0.93400			6
2025.09.22	00:30:15.937	0.93208	0.93408			6
2025.09.22	00:30:16.242	0.93203	0.93398			6
2025.09.22	00:30:16.558	0.93200	0.93411			6
2025.09.22	00:30:16.862	0.93212	0.93408			6
2025.09.22	00:30:17.170		0.93399			4
2025.09.22	00:30:17.478	0.93265	0.93432			6
2025.09.22	00:30:17.785		0.93434			4
2025.09.22	00:30:18.097	0.93210	0.93422			6
2025.09.22	00:30:18.419	0.93266	0.93435			6
2025.09.22	00:30:18.722		0.93449			4
2025.09.22	00:30:19.038	0.93270	0.93439			6
2025.09.22	00:30:19.345		0.93464			4
2025.09.22	00:30:19.961		0.93465			4
2025.09.22	00:30:20.278	0.93276	0.93464			6
2025.09.22	00:30:20.580		0.93475			4
2025.09.22	00:30:20.890		0.93467			4
2025.09.22	00:30:21.197	0.93193	0.93413			6
2025.09.22	00:30:21.506	0.93195	0.93421			6
2025.09.22	00:30:22.321	0.93254	0.93439			6
2025.09.22	00:30:22.630	0.93233	0.93422			6
2025.09.22	00:30:27.204	0.93234	0.93421			6
2025.09.22	00:30:43.923	0.93231	0.93424			6
2025.09.22	00:30:47.297	0.93253	0.93435			6
2025.09.22	00:30:47.840	0.93286	0.93449			6
2025.09.22	00:30:48.278	0.93266	0.93438			6
2025.09.22	00:30:48.688	0.93282	0.93447			6
2025.09.22	00:30:49.178	0.93262	0.93439			6
2025.09.22	00:30:49.591	0.93285	0.93449			6
2025.09.22	00:30:49.944	0.93232	0.93437			6
2025.09.22	00:30:50.260	0.93284	0.93448			6
2025.09.22	00:30:50.633	0.93263	0.93438			6
2025.09.22	00:30:51.062	0.93275	0.93444			6
2025.09.22	00:30:51.559	0.93254	0.93433			6
2025.09.22	00:30:51.866	0.93247	0.93435			6
2025.09.22	00:30:52.341	0.93270	0.93438			6
2025.09.22	00:30:52.651	0.93305	0.93468			6
2025.09.22	00:30:52.958	0.93255	0.93437			6
2025.09.22	00:30:53.564	0.93284	0.93449			6
2025.09.22	00:30:53.865	0.93257	0.93437			6
2025.09.22	00:30:54.168	0.93254	0.93436			6
2025.09.22	00:30:54.520	0.93274	0.93442			6
2025.09.22	00:30:54.895	0.93276	0.93435			6
2025.09.22	00:30:55.286	0.93247	0.93429			6
2025.09.22	00:30:55.721	0.93278	0.93435			6
2025.09.22	00:30:56.125	0.93263				2
2025.09.22	00:30:56.737	0.93307	0.93438			6
2025.09.22	00:30:57.046	0.93264	0.93437			6
2025.09.22	00:30:57.357	0.93306	0.93462			6
2025.09.22	00:30:57.971		0.93452			4
2025.09.22	00:31:00.384	0.93306	0.93450			6
2025.09.22	00:31:00.955	0.93313	0.93469			6
2025.09.22	00:31:01.926		0.93456			4
2025.09.22	00:31:04.329		0.93467			4
2025.09.22	00:31:04.943	0.93289	0.93446			6
2025.09.22	00:31:05.507	0.93261	0.93433			6
2025.09.22	00:31:05.855	0.93280	0.93442			6
2025.09.22	00:31:06.476	0.93233	0.93425			6
2025.09.22	00:31:06.803	0.93275	0.93440			6
2025.09.22	00:31:07.306	0.93308	0.93439			6
2025.09.22	00:31:07.622	0.93275				2
2025.09.22	00:31:08.067	0.93257	0.93436			6
2025.09.22	00:31:08.569	0.93245	0.93434			6
2025.09.22	00:31:09.066	0.93274	0.93441			6
2025.09.22	00:31:09.665	0.93257	0.93434			6
2025.09.22	00:31:10.163	0.93253	0.93432			6
2025.09.22	00:31:10.664	0.93235	0.93423			6
2025.09.22	00:31:11.039	0.93244	0.93425			6
2025.09.22	00:31:11.665		0.93426			4
2025.09.22	00:31:12.106	0.93280	0.93439			6
2025.09.22	00:31:12.605	0.93260	0.93434			6
2025.09.22	00:31:13.117	0.93255	0.93433			6
2025.09.22	00:31:13.607	0.93235	0.93424			6
2025.09.22	00:31:14.070	0.93244	0.93426			6
2025.09.22	00:31:14.611	0.93255	0.93429			6
2025.09.22	00:31:14.989	0.93240	0.93425			6
2025.09.22	00:31:15.488	0.93243	0.93427			6
2025.09.22	00:31:15.990	0.93282	0.93440			6
2025.09.22	00:31:16.488	0.93262	0.93435			6
2025.09.22	00:31:16.994	0.93252	0.93434			6
2025.09.22	00:31:17.488	0.93233	0.93425			6
2025.09.22	00:31:17.799	0.93261	0.93432			6
2025.09.22	00:31:18.472	0.93245	0.93426			6
2025.09.22	00:31:18.970	0.93248	0.93424			6
2025.09.22	00:31:19.361	0.93282	0.93432			6
2025.09.22	00:31:19.907	0.93260	0.93433			6
2025.09.22	00:31:20.313	0.93234	0.93424			6
2025.09.22	00:31:20.653	0.93246	0.93431			6
2025.09.22	00:31:20.958	0.93245	0.93426			6
2025.09.22	00:31:21.407	0.93272	0.93432			6
2025.09.22	00:31:21.882	0.93242	0.93426			6
2025.09.22	00:31:22.385	0.93235	0.93424			6
2025.09.22	00:31:22.764	0.93242	0.93426			6
2025.09.22	00:31:23.397		0.93427			4
2025.09.22	00:31:23.882	0.93277	0.93438			6
2025.09.22	00:31:24.385	0.93263	0.93436			6
2025.09.22	00:31:24.884	0.93259	0.93432			6
2025.09.22	00:31:25.386	0.93234	0.93424			6
2025.09.22	00:31:26.326	0.93278	0.93439			6
2025.09.22	00:31:26.828	0.93265	0.93433			6
2025.09.22	00:31:27.333	0.93260				2
2025.09.22	00:31:27.827	0.93244	0.93426			6
2025.09.22	00:31:28.327	0.93236	0.93422			6
2025.09.22	00:31:28.829	0.93277	0.93438			6
2025.09.22	00:31:29.327	0.93264	0.93433			6
2025.09.22	00:31:29.808	0.93260	0.93432			6
2025.09.22	00:31:30.327	0.93243	0.93425			6
2025.09.22	00:31:30.833	0.93236	0.93423			6
2025.09.22	00:31:31.329	0.93278	0.93438			6
2025.09.22	00:31:31.829	0.93265	0.93434			6
2025.09.22	00:31:32.225	0.93260	0.93433			6
2025.09.22	00:31:32.831	0.93244	0.93426			6
2025.09.22	00:31:33.328	0.93235	0.93423			6
2025.09.22	00:31:33.840	0.93277	0.93438			6
2025.09.22	00:31:34.329	0.93264	0.93433			6
2025.09.22	00:31:34.845	0.93258				2
2025.09.22	00:31:35.337	0.93242	0.93425			6
2025.09.22	00:31:35.829	0.93235	0.93423			6
2025.09.22	00:31:36.330	0.93278	0.93438			6
2025.09.22	00:31:36.830	0.93263	0.93435			6
2025.09.22	00:31:37.330	0.93254	0.93431			6
2025.09.22	00:31:37.833	0.93242	0.93426			6
2025.09.22	00:31:38.332	0.93235	0.93424			6
2025.09.22	00:31:38.835	0.93282	0.93439			6
2025.09.22	00:31:39.333	0.93264	0.93434			6
2025.09.22	00:31:39.831	0.93246	0.93429			6
2025.09.22	00:31:40.334	0.93236	0.93422			6
2025.09.22	00:31:40.833	0.93283	0.93440			6
2025.09.22	00:31:41.333	0.93264	0.93434			6
2025.09.22	00:31:41.833	0.93259	0.93433			6
2025.09.22	00:31:42.339	0.93242	0.93426			6
2025.09.22	00:31:42.834	0.93236	0.93422			6
2025.09.22	00:31:43.337	0.93283	0.93438			6
2025.09.22	00:31:43.833	0.93272	0.93435			6
2025.09.22	00:31:44.334	0.93260	0.93432			6
2025.09.22	00:31:44.846	0.93249	0.93426			6
2025.09.22	00:31:45.338	0.93235	0.93423			6
2025.09.22	00:31:45.849	0.93283	0.93439			6
2025.09.22	00:31:46.334	0.93272	0.93436			6
2025.09.22	00:31:46.838	0.93260	0.93432			6
2025.09.22	00:31:47.337	0.93244	0.93425			6
2025.09.22	00:31:47.834	0.93238	0.93421			6
2025.09.22	00:31:48.342	0.93282	0.93438			6
2025.09.22	00:31:48.836	0.93272	0.93434			6
2025.09.22	00:31:49.325	0.93260				2
2025.09.22	00:31:49.835	0.93244	0.93425			6
2025.09.22	00:31:50.333	0.93225	0.93433			6
2025.09.22	00:31:50.834	0.93283	0.93450			6
2025.09.22	00:31:51.339	0.93271	0.93447			6
2025.09.22	00:31:51.835	0.93260	0.93445			6
2025.09.22	00:31:52.334	0.93249	0.93437			6
2025.09.22	00:31:52.835	0.93225	0.93434			6
2025.09.22	00:31:53.341	0.93283	0.93450			6
2025.09.22	00:31:53.824	0.93272	0.93445			6
2025.09.22	00:31:54.334	0.93260				2
2025.09.22	00:31:54.836	0.93249	0.93438			6
2025.09.22	00:31:55.341	0.93226	0.93436			6
2025.09.22	00:31:55.835	0.93283	0.93442			6
2025.09.22	00:31:56.337	0.93271	0.93439			6
2025.09.22	00:31:56.842	0.93260	0.93438			6
2025.09.22	00:31:57.341	0.93257	0.93432			6
2025.09.22	00:31:58.251	0.93234	0.93425			6
2025.09.22	00:31:58.750	0.93253	0.93428			6
2025.09.22	00:31:59.253	0.93233	0.93425			6
2025.09.22	00:31:59.750	0.93243	0.93429			6
2025.09.22	00:32:00.194	0.93242				2
2025.09.22	00:32:00.698	0.93236	0.93422			6
2025.09.22	00:32:01.027	0.93235	0.93424			6
2025.09.22	00:32:01.696		0.93423			4
2025.09.22	00:32:01.999	0.93237	0.93421			6
2025.09.22	00:32:02.702	0.93234	0.93424			6
2025.09.22	00:32:03.202	0.93237	0.93421			6
2025.09.22	00:32:03.699	0.93234	0.93425			6
2025.09.22	00:32:04.454		0.93424			4
2025.09.22	00:32:04.773	0.93237	0.93421			6
2025.09.22	00:32:05.458	0.93235	0.93424			6
2025.09.22	00:32:05.964	0.93237	0.93421			6
2025.09.22	00:32:06.278	0.93235	0.93424			6
2025.09.22	00:32:06.969	0.93237	0.93421			6
2025.09.22	00:32:07.463		0.93422			4
2025.09.22	00:32:07.934	0.93239	0.93419			6
2025.09.22	00:32:08.434	0.93241	0.93418			6
2025.09.22	00:32:09.632	0.93240				2
2025.09.22	00:32:10.661		0.93419			4
2025.09.22	00:32:11.163	0.93239				2
2025.09.22	00:32:11.467	0.93238	0.93420			6
2025.09.22	00:32:11.979		0.93421			4
2025.09.22	00:32:12.480		0.93420			4
2025.09.22	00:32:12.984	0.93237	0.93421			6
2025.09.22	00:32:13.986		0.93422			4
2025.09.22	00:32:14.324	0.93250	0.93423			6
2025.09.22	00:32:14.827	0.93236				2
2025.09.22	00:32:15.327	0.93240	0.93419			6
2025.09.22	00:32:15.827	0.93239	0.93424			6
2025.09.22	00:32:16.583	0.93236	0.93422			6
2025.09.22	00:32:17.038	0.93239	0.93419			6
2025.09.22	00:32:17.536	0.93238	0.93420			6
2025.09.22	00:32:18.036	0.93239	0.93419			6
2025.09.22	00:32:18.535	0.93238	0.93420			6
2025.09.22	00:32:19.374	0.93240	0.93419			6
2025.09.22	00:32:19.890	0.93244	0.93415			6
2025.09.22	00:32:20.385	0.93240	0.93419			6
2025.09.22	00:32:20.882	0.93244	0.93415			6
2025.09.22	00:32:21.187	0.93248	0.93419			6
2025.09.22	00:32:21.503	0.93240				2
2025.09.22	00:32:21.952	0.93244	0.93415			6
2025.09.22	00:32:22.270	0.93241	0.93418			6
2025.09.22	00:32:22.778	0.93244	0.93415			6
2025.09.22	00:32:23.098	0.93241	0.93418			6
2025.09.22	00:32:23.808	0.93240	0.93419			6
2025.09.22	00:32:24.313	0.93241	0.93418			6
2025.09.22	00:32:24.809	0.93244	0.93415			6
2025.09.22	00:32:25.308	0.93240	0.93419			6
2025.09.22	00:32:25.676	0.93242	0.93417			6
2025.09.22	00:32:26.069	0.93245	0.93414			6
2025.09.22	00:32:26.568	0.93244	0.93415			6
2025.09.22	00:32:26.890	0.93240	0.93419			6
2025.09.22	00:32:27.426	0.93243	0.93416			6
2025.09.22	00:32:28.071	0.93241	0.93418			6
2025.09.22	00:32:28.425	0.93246	0.93413			6
2025.09.22	00:32:28.928	0.93240	0.93419			6
2025.09.22	00:32:29.436	0.93245	0.93414			6
2025.09.22	00:32:30.104	0.93240	0.93419			6
2025.09.22	00:32:30.725	0.93243	0.93415			6
2025.09.22	00:32:31.293	0.93240	0.93419			6
2025.09.22	00:32:32.268	0.93244	0.93415			6
2025.09.22	00:32:32.768	0.93240	0.93418			6
2025.09.22	00:32:33.277	0.93245	0.93414			6
2025.09.22	00:32:33.579	0.93244	0.93415			6
2025.09.22	00:32:34.099	0.93242	0.93417			6
2025.09.22	00:32:34.596	0.93243	0.93416			6
2025.09.22	00:32:35.098	0.93241	0.93418			6
2025.09.22	00:32:35.594	0.93245	0.93414			6
2025.09.22	00:32:35.897	0.93244	0.93415			6
2025.09.22	00:32:36.336	0.93243	0.93418			6
2025.09.22	00:32:36.643	0.93244	0.93414			6
2025.09.22	00:32:37.139	0.93240	0.93419			6
2025.09.22	00:32:37.648	0.93245	0.93413			6
2025.09.22	00:32:38.127	0.93240	0.93419			6
2025.09.22	00:32:38.627	0.93239	0.93420			6
2025.09.22	00:32:39.130	0.93240	0.93419			6
2025.09.22	00:32:39.576	0.93244	0.93415			6
2025.09.22	00:32:39.907	0.93240	0.93419			6
2025.09.22	00:32:40.777	0.93243	0.93416			6
2025.09.22	00:32:41.276	0.93239	0.93420			6
2025.09.22	00:32:42.481	0.93243	0.93416			6
2025.09.22	00:32:42.973	0.93239	0.93420			6
2025.09.22	00:32:43.477	0.93234				2
2025.09.22	00:32:43.791	0.93238	0.93421			6
2025.09.22	00:32:44.104	0.93236	0.93423			6
2025.09.22	00:32:44.477	0.93234	0.93425			6
2025.09.22	00:32:44.980	0.93246	0.93413			6
2025.09.22	00:32:45.478	0.93235	0.93424			6
2025.09.22	00:32:45.940	0.93234	0.93425			6
2025.09.22	00:32:46.442	0.93235	0.93424			6
2025.09.22	00:32:46.753	0.93232	0.93427			6
2025.09.22	00:32:47.163	0.93237	0.93422			6
2025.09.22	00:32:47.525	0.93233	0.93427			6
2025.09.22	00:32:47.955		0.93425			4
2025.09.22	00:32:48.456	0.93231	0.93427			6
2025.09.22	00:32:48.960	0.93232				2
2025.09.22	00:32:49.463	0.93230	0.93428			6
2025.09.22	00:32:49.899	0.93233	0.93425			6
2025.09.22	00:32:50.397		0.93428			4
2025.09.22	00:32:50.902	0.93234	0.93424			6
2025.09.22	00:32:51.284	0.93239	0.93419			6
2025.09.22	00:32:51.906	0.93243	0.93415			6
2025.09.22	00:32:52.397	0.93241	0.93417			6
2025.09.22	00:32:52.899	0.93240	0.93419			6
2025.09.22	00:32:53.636	0.93243	0.93417			6
2025.09.22	00:32:54.135	0.93245	0.93415			6
2025.09.22	00:32:54.635	0.93240	0.93419			6
2025.09.22	00:32:55.642	0.93246	0.93413			6
2025.09.22	00:32:56.138	0.93240	0.93418			6
2025.09.22	00:32:56.641	0.93244	0.93415			6
2025.09.22	00:32:56.960	0.93241	0.93418			6
2025.09.22	00:32:57.651	0.93247	0.93412			6
2025.09.22	00:32:58.150	0.93239	0.93419			6
2025.09.22	00:32:58.867	0.93241	0.93418			6
2025.09.22	00:32:59.363	0.93246	0.93413			6
2025.09.22	00:32:59.864	0.93240	0.93418			6
2025.09.22	00:33:00.296	0.93243	0.93416			6
2025.09.22	00:33:00.725	0.93241	0.93418			6
2025.09.22	00:33:01.605	0.93243	0.93416			6
2025.09.22	00:33:02.483	0.93240	0.93419			6
2025.09.22	00:33:02.981	0.93241	0.93418			6
2025.09.22	00:33:03.480	0.93245	0.93414			6
2025.09.22	00:33:03.978	0.93241	0.93418			6
2025.09.22	00:33:04.476	0.93248	0.93410			6
2025.09.22	00:33:04.797	0.93240	0.93418			6
2025.09.22	00:33:05.477	0.93245	0.93413			6
2025.09.22	00:33:05.792	0.93243	0.93416			6
2025.09.22	00:33:06.283	0.93247	0.93412			6
2025.09.22	00:33:07.077	0.93243	0.93416			6
2025.09.22	00:33:07.384	0.93242	0.93417			6
2025.09.22	00:33:08.463		0.93416			4
2025.09.22	00:33:08.788	0.93244	0.93415			6
2025.09.22	00:33:09.337	0.93242	0.93417			6
2025.09.22	00:33:10.154	0.93246	0.93413			6
2025.09.22	00:33:10.652	0.93244	0.93415			6
2025.09.22	00:33:11.156	0.93247	0.93412			6
2025.09.22	00:33:11.614	0.93243	0.93415			6
2025.09.22	00:33:12.123	0.93247	0.93412			6
2025.09.22	00:33:12.652	0.93244	0.93415			6
2025.09.22	00:33:13.023	0.93246	0.93412			6
2025.09.22	00:33:13.455	0.93243	0.93416			6
2025.09.22	00:33:14.152	0.93246	0.93413			6
2025.09.22	00:33:14.654	0.93242	0.93417			6
2025.09.22	00:33:15.125	0.93246	0.93412			6
2025.09.22	00:33:15.435	0.93244	0.93414			6
2025.09.22	00:33:15.939	0.93248	0.93410			6
2025.09.22	00:33:16.441	0.93243	0.93416			6
2025.09.22	00:33:16.743	0.93245	0.93413			6
2025.09.22	00:33:17.194	0.93246	0.93412			6
2025.09.22	00:33:17.695	0.93249	0.93410			6
2025.09.22	00:33:21.361	0.93272	0.93502			6
2025.09.22	00:33:24.138	0.93266	0.93500			6
2025.09.22	00:33:28.577		0.93502			4
2025.09.22	00:33:29.572	0.93260	0.93497			6
2025.09.22	00:33:34.735	0.93256	0.93494			6
2025.09.22	00:33:37.477		0.93483			4
2025.09.22	00:33:37.792	0.93244	0.93480			6
2025.09.22	00:33:38.399	0.93259	0.93481			6
2025.09.22	00:33:38.708	0.93250	0.93473			6
2025.09.22	00:33:39.015	0.93252	0.93479			6
2025.09.22	00:33:39.404	0.93244	0.93478			6
2025.09.22	00:33:39.853	0.93241				2
2025.09.22	00:33:40.859	0.93250	0.93472			6
2025.09.22	00:33:41.171	0.93266	0.93483			6
2025.09.22	00:33:41.483	0.93231	0.93468			6
2025.09.22	00:33:42.098	0.93298	0.93476			6
2025.09.22	00:33:42.442		0.93472			4
2025.09.22	00:33:42.777	0.93242	0.93465			6
2025.09.22	00:33:43.078		0.93463			4
2025.09.22	00:33:43.381	0.93276	0.93477			6
2025.09.22	00:33:43.690	0.93266	0.93503			6
2025.09.22	00:33:44.010	0.93267	0.93504			6
2025.09.22	00:33:44.662	0.93262	0.93499			6
2025.09.22	00:33:46.166	0.93263	0.93500			6
2025.09.22	00:33:47.073	0.93265	0.93501			6
2025.09.22	00:33:47.375		0.93502			4
2025.09.22	00:33:47.723	0.93251	0.93453			6
2025.09.22	00:33:48.338	0.93233	0.93455			6
2025.09.22	00:33:48.642	0.93262	0.93499			6
2025.09.22	00:33:52.844	0.93236	0.93456			6
2025.09.22	00:33:53.158	0.93260	0.93497			6
2025.09.22	00:33:54.852	0.93256	0.93458			6
2025.09.22	00:33:55.156	0.93270	0.93463			6
2025.09.22	00:33:55.462	0.93232	0.93460			6
2025.09.22	00:33:55.767		0.93461			4
2025.09.22	00:33:56.077	0.93269	0.93505			6
2025.09.22	00:33:56.411	0.93236	0.93468			6
2025.09.22	00:33:56.712	0.93268	0.93505			6
2025.09.22	00:33:57.015	0.93266	0.93502			6
2025.09.22	00:33:57.365	0.93268	0.93505			6
2025.09.22	00:33:57.667	0.93260	0.93497			6
2025.09.22	00:33:58.370	0.93277	0.93507			6
2025.09.22	00:33:58.671	0.93292	0.93504			6
2025.09.22	00:33:58.990	0.93295	0.93501			6
2025.09.22	00:33:59.293	0.93308	0.93511			6
2025.09.22	00:33:59.621	0.93309	0.93510			6
2025.09.22	00:33:59.924	0.93303	0.93503			6
2025.09.22	00:34:00.227	0.93310	0.93509			6
2025.09.22	00:34:00.546	0.93298	0.93498			6
2025.09.22	00:34:00.848	0.93292	0.93490			6
2025.09.22	00:34:01.152	0.93298	0.93498			6
2025.09.22	00:34:01.482	0.93292	0.93490			6
2025.09.22	00:34:01.783	0.93298	0.93498			6
2025.09.22	00:34:02.404	0.93292	0.93490			6
2025.09.22	00:34:02.709	0.93298	0.93498			6
2025.09.22	00:34:03.337	0.93292	0.93490			6
2025.09.22	00:34:03.656	0.93298	0.93498			6
2025.09.22	00:34:03.957	0.93292	0.93490			6
2025.09.22	00:34:04.589	0.93298	0.93498			6
2025.09.22	00:34:05.816	0.93208	0.93446			6
2025.09.22	00:34:06.118	0.93292	0.93490			6
2025.09.22	00:34:06.748	0.93293	0.93491			6
2025.09.22	00:34:07.067	0.93221	0.93453			6
2025.09.22	00:34:07.377	0.93301	0.93501			6
2025.09.22	00:34:07.700	0.93298	0.93496			6
2025.09.22	00:34:08.019	0.93303	0.93504			6
2025.09.22	00:34:08.337	0.93234	0.93456			6
2025.09.22	00:34:08.638	0.93301	0.93500			6
2025.09.22	00:34:08.956	0.93296	0.93494			6
2025.09.22	00:34:09.275	0.93298	0.93499			6
2025.09.22	00:34:09.925	0.93293	0.93491			6
2025.09.22	00:34:10.225	0.93298	0.93499			6
2025.09.22	00:34:10.530	0.93293	0.93491			6
2025.09.22	00:34:11.482	0.93298	0.93499			6
2025.09.22	00:34:11.811	0.93293	0.93491			6
2025.09.22	00:34:12.115	0.93298	0.93499			6
2025.09.22	00:34:12.737	0.93293	0.93491			6
2025.09.22	00:34:13.674	0.93298	0.93499			6
2025.09.22	00:34:14.600	0.93297	0.93498			6
2025.09.22	00:34:15.230	0.93292	0.93490			6
2025.09.22	00:34:15.551	0.93234	0.93454			6
2025.09.22	00:34:15.858	0.93307	0.93507			6
2025.09.22	00:34:16.183	0.93302	0.93502			6
2025.09.22	00:34:16.805	0.93296	0.93494			6
2025.09.22	00:34:17.108	0.93213	0.93447			6
2025.09.22	00:34:17.418	0.93214	0.93445			6
2025.09.22	00:34:17.765	0.93309	0.93509			6
2025.09.22	00:34:18.085	0.93303	0.93502			6
2025.09.22	00:34:18.692	0.93291	0.93489			6
2025.09.22	00:34:18.999	0.93218	0.93451			6
2025.09.22	00:34:19.302	0.93297	0.93497			6
2025.09.22	00:34:19.617	0.93298	0.93499			6
2025.09.22	00:34:19.945		0.93498			4
2025.09.22	00:34:20.246	0.93292	0.93490			6
2025.09.22	00:34:21.174	0.93298	0.93498			6
2025.09.22	00:34:22.726	0.93292	0.93490			6
2025.09.22	00:34:23.054	0.93298	0.93498			6
2025.09.22	00:34:23.357	0.93292	0.93490			6
2025.09.22	00:34:23.676	0.93298	0.93498			6
2025.09.22	00:34:23.978	0.93292	0.93490			6
2025.09.22	00:34:25.836	0.93298	0.93498			6
2025.09.22	00:34:26.467	0.93293	0.93491			6
2025.09.22	00:34:26.770	0.93292	0.93490			6
2025.09.22	00:34:27.090	0.93293	0.93491			6
2025.09.22	00:34:27.397	0.93223	0.93445			6
2025.09.22	00:34:27.800	0.93298	0.93499			6
2025.09.22	00:34:28.124	0.93281	0.93479			6
2025.09.22	00:34:28.442	0.93288	0.93488			6
2025.09.22	00:34:28.745	0.93281	0.93480			6
2025.09.22	00:34:29.363	0.93243	0.93450			6
2025.09.22	00:34:29.792	0.93214	0.93449			6
2025.09.22	00:34:30.103	0.93286	0.93487			6
2025.09.22	00:34:30.430	0.93243	0.93447			6
2025.09.22	00:34:30.735	0.93294	0.93492			6
2025.09.22	00:34:31.051	0.93300	0.93500			6
2025.09.22	00:34:31.685	0.93294	0.93492			6
2025.09.22	00:34:31.989	0.93300	0.93500			6
2025.09.22	00:34:32.290	0.93294	0.93492			6
2025.09.22	00:34:32.610	0.93300	0.93500			6
2025.09.22	00:34:33.217	0.93294	0.93492			6
2025.09.22	00:34:33.544	0.93300	0.93500			6
2025.09.22	00:34:33.846	0.93243	0.93448			6
2025.09.22	00:34:34.149	0.93294	0.93492			6
2025.09.22	00:34:34.469	0.93243	0.93447			6
2025.09.22	00:34:34.777	0.93300	0.93500			6
2025.09.22	00:34:35.100	0.93294	0.93492			6
2025.09.22	00:34:35.403	0.93300	0.93500			6
2025.09.22	00:34:35.704	0.93294	0.93492			6
2025.09.22	00:34:36.327	0.93293	0.93491			6
2025.09.22	00:34:36.654	0.93296	0.93494			6
2025.09.22	00:34:36.960	0.93301	0.93502			6
2025.09.22	00:34:37.308	0.93294	0.93492			6
2025.09.22	00:34:37.629	0.93299	0.93500			6
2025.09.22	00:34:37.960	0.93294	0.93492			6
2025.09.22	00:34:38.280	0.93299	0.93500			6
2025.09.22	00:34:38.611	0.93301	0.93502			6
2025.09.22	00:34:38.961	0.93293	0.93491			6
2025.09.22	00:34:39.264	0.93296	0.93494			6
2025.09.22	00:34:39.568	0.93292	0.93490			6
2025.09.22	00:34:39.919	0.93220	0.93452			6
2025.09.22	00:34:40.225	0.93291	0.93490			6
2025.09.22	00:34:40.538	0.93212	0.93447			6
2025.09.22	00:34:40.849	0.93214				2
2025.09.22	00:34:41.272	0.93292	0.93492			6
2025.09.22	00:34:41.575	0.93289	0.93489			6
2025.09.22	00:34:41.875	0.93287	0.93485			6
2025.09.22	00:34:42.224	0.93292	0.93492			6
2025.09.22	00:34:42.527	0.93287	0.93485			6
2025.09.22	00:34:42.829	0.93225	0.93453			6
2025.09.22	00:34:43.138	0.93287	0.93485			6
2025.09.22	00:34:43.481	0.93291	0.93492			6
2025.09.22	00:34:43.831	0.93233	0.93453			6
2025.09.22	00:34:44.323	0.93292	0.93492			6
2025.09.22	00:34:44.633	0.93291	0.93491			6
2025.09.22	00:34:44.938	0.93237	0.93456			6
2025.09.22	00:34:45.241	0.93290	0.93491			6
2025.09.22	00:34:45.577	0.93225	0.93452			6
2025.09.22	00:34:45.883	0.93228	0.93455			6
2025.09.22	00:34:46.197	0.93287	0.93485			6
2025.09.22	00:34:46.543	0.93213	0.93450			6
2025.09.22	00:34:46.857	0.93286	0.93484			6
2025.09.22	00:34:47.192	0.93222	0.93453			6
2025.09.22	00:34:47.499	0.93295	0.93493			6
2025.09.22	00:34:47.845	0.93239	0.93455			6
2025.09.22	00:34:48.158	0.93297	0.93495			6
2025.09.22	00:34:48.501	0.93302	0.93502			6
2025.09.22	00:34:48.852	0.93225	0.93455			6
2025.09.22	00:34:49.158	0.93243	0.93457			6
2025.09.22	00:34:49.466	0.93228	0.93460			6
2025.09.22	00:34:49.777	0.93244	0.93456			6
2025.09.22	00:34:50.078	0.93234	0.93454			6
2025.09.22	00:34:50.383	0.93242	0.93456			6
2025.09.22	00:34:50.698	0.93233				2
2025.09.22	00:34:50.999	0.93239	0.93460			6
2025.09.22	00:34:51.318	0.93237	0.93457			6
2025.09.22	00:34:51.625	0.93253	0.93463			6
2025.09.22	00:34:51.938	0.93301	0.93502			6
2025.09.22	00:34:52.265	0.93296	0.93494			6
2025.09.22	00:34:52.612	0.93225	0.93459			6
2025.09.22	00:34:52.917	0.93265	0.93460			6
2025.09.22	00:34:53.218	0.93247	0.93457			6
2025.09.22	00:34:53.520	0.93234	0.93458			6
2025.09.22	00:34:53.839	0.93304	0.93504			6
2025.09.22	00:34:54.169	0.93307	0.93507			6
2025.09.22	00:34:54.472	0.93299	0.93499			6
2025.09.22	00:34:54.774	0.93246	0.93449			6
2025.09.22	00:34:55.302	0.93296	0.93494			6
2025.09.22	00:34:55.629		0.93497			4
2025.09.22	00:34:55.978	0.93299	0.93499			6
2025.09.22	00:34:56.280	0.93224	0.93447			6
2025.09.22	00:34:56.602	0.93243				2
2025.09.22	00:34:56.906	0.93296	0.93494			6
2025.09.22	00:34:57.233	0.93247	0.93447			6
2025.09.22	00:34:57.536	0.93290	0.93491			6
2025.09.22	00:34:57.838	0.93278	0.93476			6
2025.09.22	00:34:58.178	0.93284	0.93485			6
2025.09.22	00:34:58.486	0.93224	0.93450			6
2025.09.22	00:34:58.808	0.93222	0.93453			6
2025.09.22	00:34:59.310	0.93284	0.93484			6
2025.09.22	00:34:59.617	0.93231	0.93450			6
2025.09.22	00:35:00.020	0.93219	0.93449			6
2025.09.22	00:35:00.326	0.93295	0.93495			6
2025.09.22	00:35:00.993	0.93299	0.93499			6
2025.09.22	00:35:01.343	0.93293	0.93491			6
2025.09.22	00:35:01.645	0.93297	0.93495			6
2025.09.22	00:35:01.948	0.93298	0.93498			6
2025.09.22	00:35:03.251	0.93292	0.93490			6
2025.09.22	00:35:04.208	0.93298	0.93498			6
2025.09.22	00:35:04.857	0.93290	0.93488			6
2025.09.22	00:35:05.161	0.93296	0.93497			6
2025.09.22	00:35:05.497	0.93301	0.93502			6
2025.09.22	00:35:05.812	0.93295	0.93493			6
2025.09.22	00:35:06.116	0.93291	0.93489			6
2025.09.22	00:35:06.465	0.93303	0.93503			6
2025.09.22	00:35:06.767	0.93307	0.93507			6
2025.09.22	00:35:07.115	0.93298	0.93498			6
2025.09.22	00:35:07.419	0.93303	0.93503			6
2025.09.22	00:35:07.722	0.93228	0.93456			6
2025.09.22	00:35:08.037	0.93300	0.93500			6
2025.09.22	00:35:08.375	0.93299				2
2025.09.22	00:35:08.724	0.93294	0.93492			6
2025.09.22	00:35:09.028	0.93301	0.93499			6
2025.09.22	00:35:09.329		0.93502			4
2025.09.22	00:35:09.678	0.93296	0.93497			6
2025.09.22	00:35:09.981	0.93293	0.93491			6
2025.09.22	00:35:10.634	0.93279	0.93477			6
2025.09.22	00:35:10.936	0.93281	0.93479			6
2025.09.22	00:35:11.285	0.93307	0.93507			6
2025.09.22	00:35:11.636	0.93291	0.93489			6
2025.09.22	00:35:11.939	0.93294	0.93494			6
2025.09.22	00:35:12.591	0.93309	0.93509			6
2025.09.22	00:35:13.593	0.93301	0.93501			6
2025.09.22	00:35:13.896	0.93295	0.93493			6
2025.09.22	00:35:14.549	0.93307	0.93507			6
2025.09.22	00:35:14.849	0.93294	0.93491			6
2025.09.22	00:35:15.198	0.93291	0.93489			6
2025.09.22	00:35:15.501	0.93296	0.93494			6
2025.09.22	00:35:15.852	0.93297	0.93495			6
2025.09.22	00:35:16.154	0.93296	0.93494			6
2025.09.22	00:35:16.458	0.93299	0.93500			6
2025.09.22	00:35:16.806	0.93221	0.93454			6
2025.09.22	00:35:17.118	0.93294	0.93492			6
2025.09.22	00:35:17.456	0.93299	0.93499			6
2025.09.22	00:35:17.761	0.93292	0.93490			6
2025.09.22	00:35:18.416	0.93216	0.93453			6
2025.09.22	00:35:18.717	0.93299	0.93499			6
2025.09.22	00:35:19.068	0.93293	0.93491			6
2025.09.22	00:35:20.677	0.93296	0.93494			6
2025.09.22	00:35:20.978	0.93300	0.93500			6
2025.09.22	00:35:21.282	0.93301	0.93502			6
2025.09.22	00:35:21.632	0.93216	0.93454			6
2025.09.22	00:35:21.937	0.93302	0.93502			6
2025.09.22	00:35:22.283	0.93296	0.93494			6
2025.09.22	00:35:22.585	0.93218	0.93453			6
2025.09.22	00:35:22.899		0.93454			4
2025.09.22	00:35:23.200	0.93207	0.93445			6
2025.09.22	00:35:23.518	0.93289	0.93486			6
2025.09.22	00:35:23.838	0.93296	0.93494			6
2025.09.22	00:35:24.444	0.93307	0.93507			6
2025.09.22	00:35:24.795	0.93298	0.93495			6
2025.09.22	00:35:25.097	0.93306	0.93507			6
2025.09.22	00:35:25.398	0.93301	0.93502			6
2025.09.22	00:35:25.747	0.93297	0.93495			6
2025.09.22	00:35:26.049	0.93293	0.93491			6
2025.09.22	00:35:26.398	0.93296	0.93494			6
2025.09.22	00:35:26.703	0.93299	0.93499			6
2025.09.22	00:35:27.005	0.93301	0.93501			6
2025.09.22	00:35:27.655		0.93502			4
2025.09.22	00:35:28.004	0.93290	0.93488			6
2025.09.22	00:35:28.309	0.93220	0.93453			6
2025.09.22	00:35:28.617	0.93297	0.93495			6
2025.09.22	00:35:28.957	0.93301	0.93501			6
2025.09.22	00:35:29.261	0.93297	0.93495			6
2025.09.22	00:35:29.610	0.93234	0.93462			6
2025.09.22	00:35:29.918	0.93297	0.93494			6
2025.09.22	00:35:30.264		0.93495			4
2025.09.22	00:35:30.616	0.93304	0.93504			6
2025.09.22	00:35:30.917	0.93298	0.93496			6
2025.09.22	00:35:31.257		0.93495			4
2025.09.22	00:35:31.568	0.93300	0.93497			6
2025.09.22	00:35:32.220	0.93306	0.93506			6
2025.09.22	00:35:32.871	0.93299	0.93496			6
2025.09.22	00:35:33.174	0.93238	0.93466			6
2025.09.22	00:35:33.479	0.93305	0.93505			6
2025.09.22	00:35:33.826	0.93300	0.93498			6
2025.09.22	00:35:34.128	0.93306	0.93506			6
2025.09.22	00:35:34.478	0.93299	0.93496			6
2025.09.22	00:35:34.780	0.93303	0.93504			6
2025.09.22	00:35:35.131	0.93299	0.93496			6
2025.09.22	00:35:35.435	0.93306	0.93506			6
2025.09.22	00:35:35.737	0.93308	0.93509			6
2025.09.22	00:35:37.042	0.93309	0.93510			6
2025.09.22	00:35:37.343	0.93307	0.93507			6
2025.09.22	00:35:37.694	0.93308	0.93508			6
2025.09.22	00:35:37.996	0.93305	0.93503			6
2025.09.22	00:35:38.345	0.93307	0.93506			6
2025.09.22	00:35:41.510	0.93309	0.93507			6
2025.09.22	00:35:52.750		0.93509			4
2025.09.22	00:35:55.960	0.93308	0.93507			6
2025.09.22	00:35:58.216	0.93303				2
2025.09.22	00:36:00.173	0.93303				2
2025.09.22	00:36:06.595		0.93506			4
2025.09.22	00:36:07.202	0.93226	0.93463			6
2025.09.22	00:36:10.924	0.93303	0.93512			6
2025.09.22	00:36:11.267	0.93226	0.93463			6
2025.09.22	00:36:14.237	0.93303	0.93509			6
2025.09.22	00:36:25.470	0.93301				2
2025.09.22	00:36:25.819		0.93508			4
2025.09.22	00:36:26.123	0.93222	0.93460			6
2025.09.22	00:36:26.754	0.93301	0.93508			6
2025.09.22	00:36:29.638	0.93222	0.93460			6
2025.09.22	00:36:31.187	0.93225	0.93457			6
2025.09.22	00:36:32.806	0.93223	0.93459			6
2025.09.22	00:36:39.220	0.93231				2
2025.09.22	00:36:40.865	0.93239	0.93461			6
2025.09.22	00:36:43.195	0.93300	0.93510			6
2025.09.22	00:36:43.504		0.93511			4
2025.09.22	00:36:55.807	0.93297	0.93508			6
2025.09.22	00:36:56.761	0.93301	0.93512			6
2025.09.22	00:37:00.326	0.93274	0.93468			6
2025.09.22	00:37:04.814		0.93467			4
2025.09.22	00:37:07.296		0.93464			4
2025.09.22	00:37:07.869	0.93282	0.93472			6
2025.09.22	00:37:08.794		0.93470			4
2025.09.22	00:37:15.358		0.93468			4
2025.09.22	00:37:18.828	0.93285	0.93470			6
2025.09.22	00:37:19.415		0.93468			4
2025.09.22	00:37:20.361		0.93466			4
2025.09.22	00:37:21.860		0.93468			4
2025.09.22	00:37:22.251		0.93467			4
2025.09.22	00:37:22.871		0.93463			4
2025.09.22	00:37:23.764	0.93298	0.93464			6
2025.09.22	00:37:24.095		0.93463			4
2025.09.22	00:37:25.576		0.93464			4
2025.09.22	00:37:26.043	0.93304	0.93467			6
2025.09.22	00:37:26.537		0.93466			4
2025.09.22	00:37:28.764	0.93300	0.93463			6
2025.09.22	00:37:29.701		0.93462			4
2025.09.22	00:37:33.425		0.93461			4
2025.09.22	00:37:33.917	0.93297	0.93465			6
2025.09.22	00:37:34.409	0.93296	0.93460			6
2025.09.22	00:37:34.841	0.93304	0.93461			6
2025.09.22	00:37:35.388		0.93462			4
2025.09.22	00:37:35.871		0.93461			4
2025.09.22	00:37:38.821	0.93303	0.93468			6
2025.09.22	00:37:39.323	0.93307	0.93462			6
2025.09.22	00:37:39.826	0.93298	0.93469			6
2025.09.22	00:37:40.145	0.93313	0.93470			6
2025.09.22	00:37:40.627		0.93469			4
2025.09.22	00:37:41.127		0.93468			4
2025.09.22	00:37:43.333		0.93467			4
2025.09.22	00:37:47.527		0.93468			4
2025.09.22	00:37:48.725		0.93467			4
2025.09.22	00:37:50.458	0.93317	0.93477			6
2025.09.22	00:37:50.955		0.93476			4
2025.09.22	00:37:51.464		0.93468			4
2025.09.22	00:37:52.988	0.93228	0.93440			6
2025.09.22	00:37:53.319	0.93202	0.93438			6
2025.09.22	00:37:53.762	0.93284	0.93504			6
2025.09.22	00:37:54.383	0.93251	0.93448			6
2025.09.22	00:37:54.932	0.93283	0.93503			6
2025.09.22	00:37:55.538	0.93202	0.93440			6
2025.09.22	00:38:00.084	0.93202	0.93439			6
2025.09.22	00:38:01.265	0.93200	0.93435			6
2025.09.22	00:38:02.189	0.93199				2
2025.09.22	00:38:04.055	0.93296	0.93498			6
2025.09.22	00:38:04.720	0.93297	0.93499			6
2025.09.22	00:38:05.977	0.93198	0.93435			6
2025.09.22	00:38:06.416		0.93434			4
2025.09.22	00:38:10.689	0.93287	0.93501			6
2025.09.22	00:38:11.295	0.93295				2
2025.09.22	00:38:11.947	0.93294	0.93502			6
2025.09.22	00:38:12.901	0.93295	0.93503			6
2025.09.22	00:38:13.854	0.93296				2
2025.09.22	00:38:14.806		0.93504			4
2025.09.22	00:38:16.111	0.93295	0.93503			6
2025.09.22	00:38:18.015	0.93282	0.93490			6
2025.09.22	00:38:21.569	0.93281	0.93483			6
2025.09.22	00:38:23.478	0.93208	0.93436			6
2025.09.22	00:38:23.884		0.93439			4
2025.09.22	00:38:24.221		0.93435			4
2025.09.22	00:38:25.625	0.93209				2
2025.09.22	00:38:30.575		0.93439			4
2025.09.22	00:38:32.223		0.93438			4
2025.09.22	00:38:33.049	0.93296	0.93498			6
2025.09.22	00:38:33.350	0.93257	0.93455			6
2025.09.22	00:38:33.689	0.93297	0.93499			6
2025.09.22	00:38:34.649	0.93296	0.93500			6
2025.09.22	00:38:36.910		0.93501			4
2025.09.22	00:38:38.814	0.93295	0.93503			6
2025.09.22	00:38:39.162	0.93297	0.93505			6
2025.09.22	00:38:39.767	0.93298				2
2025.09.22	00:38:40.114	0.93296	0.93504			6
2025.09.22	00:38:40.417	0.93297	0.93505			6
2025.09.22	00:38:41.067		0.93503			4
2025.09.22	00:38:42.020	0.93296	0.93500			6
2025.09.22	00:38:42.670	0.93219	0.93450			6
2025.09.22	00:38:43.094		0.93445			4
2025.09.22	00:38:43.602		0.93443			4
2025.09.22	00:38:44.118		0.93452			4
2025.09.22	00:38:46.623		0.93451			4
2025.09.22	00:38:51.710	0.93293	0.93504			6
2025.09.22	00:38:52.359	0.93294				2
2025.09.22	00:38:54.612	0.93292	0.93496			6
2025.09.22	00:38:54.913	0.93210	0.93447			6
2025.09.22	00:38:55.563	0.93293	0.93503			6
2025.09.22	00:38:57.168	0.93290	0.93504			6
2025.09.22	00:39:00.079	0.93290				2
2025.09.22	00:39:00.683	0.93222	0.93456			6
2025.09.22	00:39:01.269	0.93291	0.93512			6
2025.09.22	00:39:02.835	0.93292				2
2025.09.22	00:39:03.788	0.93293	0.93508			6
2025.09.22	00:39:18.576	0.93292	0.93507			6
2025.09.22	00:39:21.134	0.93293	0.93508			6
2025.09.22	00:39:25.598		0.93504			4
2025.09.22	00:39:26.251	0.93291	0.93502			6
2025.09.22	00:39:26.601	0.93289	0.93500			6
2025.09.22	00:39:27.253	0.93288	0.93503			6
2025.09.22	00:39:35.332		0.93499			4
2025.09.22	00:39:35.635	0.93230	0.93451			6
2025.09.22	00:39:39.437		0.93452			4
2025.09.22	00:39:41.108		0.93447			4
2025.09.22	00:39:42.271		0.93448			4
2025.09.22	00:39:42.726		0.93447			4
2025.09.22	00:39:50.523	0.93220				2
2025.09.22	00:39:51.538	0.93277	0.93454			6
2025.09.22	00:39:52.040	0.93220	0.93447			6
2025.09.22	00:39:52.425	0.93221	0.93446			6
2025.09.22	00:39:53.825	0.93220	0.93447			6
2025.09.22	00:39:54.519	0.93225	0.93442			6
2025.09.22	00:39:55.015	0.93217	0.93449			6
2025.09.22	00:39:55.445	0.93222	0.93445			6
2025.09.22	00:39:56.448	0.93224	0.93443			6
2025.09.22	00:39:56.955	0.93223	0.93444			6
2025.09.22	00:39:57.307	0.93225	0.93442			6
2025.09.22	00:39:57.945	0.93221	0.93446			6
2025.09.22	00:39:58.449	0.93223	0.93444			6
2025.09.22	00:39:58.951	0.93225	0.93442			6
2025.09.22	00:39:59.443	0.93222	0.93445			6
2025.09.22	00:39:59.953	0.93224	0.93443			6
2025.09.22	00:40:00.445	0.93223	0.93444			6
2025.09.22	00:40:00.855	0.93221	0.93446			6
2025.09.22	00:40:01.448		0.93447			4
2025.09.22	00:40:02.137	0.93222				2
2025.09.22	00:40:02.449		0.93448			4
2025.09.22	00:40:02.945	0.93224	0.93446			6
2025.09.22	00:40:03.444	0.93225	0.93444			6
2025.09.22	00:40:03.767	0.93226	0.93443			6
2025.09.22	00:40:04.446	0.93235	0.93436			6
2025.09.22	00:40:04.945	0.93234	0.93435			6
2025.09.22	00:40:05.261		0.93437			4
2025.09.22	00:40:05.746	0.93235	0.93435			6
2025.09.22	00:40:06.108	0.93234	0.93436			6
2025.09.22	00:40:06.483		0.93437			4
2025.09.22	00:40:11.528	0.93235	0.93436			6
2025.09.22	00:40:12.176	0.93215	0.93433			6
2025.09.22	00:40:12.628	0.93210	0.93432			6
2025.09.22	00:40:17.172	0.93198	0.93429			6
2025.09.22	00:40:17.670	0.93197	0.93435			6
2025.09.22	00:40:18.136		0.93431			4
2025.09.22	00:40:19.326		0.93434			4
2025.09.22	00:40:20.880		0.93432			4
2025.09.22	00:40:21.336		0.93431			4
2025.09.22	00:40:21.648		0.93434			4
2025.09.22	00:40:22.292		0.93429			4
2025.09.22	00:40:23.762		0.93430			4
2025.09.22	00:40:27.504		0.93431			4
2025.09.22	00:40:27.823	0.93216	0.93434			6
2025.09.22	00:40:28.137	0.93197				2
2025.09.22	00:40:28.451		0.93433			4
2025.09.22	00:40:29.665	0.93250	0.93435			6
2025.09.22	00:40:29.996	0.93256	0.93436			6
2025.09.22	00:40:36.083		0.93435			4
2025.09.22	00:40:37.623		0.93440			4
2025.09.22	00:40:38.282		0.93441			4
2025.09.22	00:40:38.600		0.93436			4
2025.09.22	00:40:39.269		0.93453			4
2025.09.22	00:40:39.637		0.93455			4
2025.09.22	00:40:40.392		0.93453			4
2025.09.22	00:40:41.441		0.93460			4
2025.09.22	00:40:44.225		0.93461			4
2025.09.22	00:40:44.880		0.93437			4
2025.09.22	00:40:45.635		0.93436			4
2025.09.22	00:40:51.769	0.93250				2
2025.09.22	00:40:54.295	0.93246	0.93426			6
2025.09.22	00:40:54.867	0.93212	0.93434			6
2025.09.22	00:40:56.114	0.93267	0.93449			6
2025.09.22	00:40:56.617	0.93258	0.93448			6
2025.09.22	00:40:57.725		0.93447			4
2025.09.22	00:40:59.828		0.93445			4
2025.09.22	00:41:01.028	0.93251	0.93443			6
2025.09.22	00:41:03.425		0.93442			4
2025.09.22	00:41:06.251		0.93440			4
2025.09.22	00:41:10.231		0.93444			4
2025.09.22	00:41:12.197		0.93443			4
2025.09.22	00:41:13.160		0.93434			4
2025.09.22	00:41:15.280		0.93438			4
2025.09.22	00:41:15.996		0.93435			4
2025.09.22	00:41:16.496		0.93438			4
2025.09.22	00:41:17.215		0.93434			4
2025.09.22	00:41:17.709		0.93438			4
2025.09.22	00:41:18.250		0.93433			4
2025.09.22	00:41:19.832	0.93302	0.93466			6
2025.09.22	00:41:20.410		0.93463			4
2025.09.22	00:41:20.770	0.93304	0.93446			6
2025.09.22	00:41:21.106	0.93303	0.93452			6
2025.09.22	00:41:21.902	0.93301	0.93455			6
2025.09.22	00:41:22.225	0.93300	0.93454			6
2025.09.22	00:41:22.552		0.93452			4
2025.09.22	00:41:22.897	0.93301	0.93451			6
2025.09.22	00:41:23.230		0.93450			4
2025.09.22	00:41:23.570		0.93451			4
2025.09.22	00:41:23.908		0.93450			4
2025.09.22	00:41:24.236	0.93307				2
2025.09.22	00:41:24.588	0.93300				2
2025.09.22	00:41:24.924	0.93211	0.93429			6
2025.09.22	00:41:25.323	0.93210	0.93431			6
2025.09.22	00:41:26.199	0.93211	0.93429			6
2025.09.22	00:41:26.586		0.93430			4
2025.09.22	00:41:26.996	0.93299	0.93457			6
2025.09.22	00:41:27.306		0.93464			4
2025.09.22	00:41:27.607		0.93472			4
2025.09.22	00:41:28.242		0.93469			4
2025.09.22	00:41:28.551		0.93466			4
2025.09.22	00:41:28.891		0.93469			4
2025.09.22	00:41:29.202		0.93472			4
2025.09.22	00:41:29.959		0.93466			4
2025.09.22	00:41:31.051		0.93465			4
2025.09.22	00:41:31.402		0.93466			4
2025.09.22	00:41:31.794		0.93453			4
2025.09.22	00:41:32.173		0.93455			4
2025.09.22	00:41:32.489		0.93453			4
2025.09.22	00:41:32.803		0.93455			4
2025.09.22	00:41:33.428		0.93457			4
2025.09.22	00:41:33.743		0.93454			4
2025.09.22	00:41:34.058		0.93456			4
2025.09.22	00:41:34.376		0.93454			4
2025.09.22	00:41:34.689		0.93456			4
2025.09.22	00:41:35.002	0.93190	0.93427			6
2025.09.22	00:41:35.309	0.93192	0.93429			6
2025.09.22	00:41:35.615	0.93288	0.93450			6
2025.09.22	00:41:36.004	0.93241	0.93455			6
2025.09.22	00:41:36.345		0.93453			4
2025.09.22	00:41:36.693		0.93455			4
2025.09.22	00:41:37.040	0.93244	0.93452			6
2025.09.22	00:41:37.378	0.93261	0.93451			6
2025.09.22	00:41:37.865	0.93245				2
2025.09.22	00:41:38.380		0.93453			4
2025.09.22	00:41:38.706	0.93259	0.93456			6
2025.09.22	00:41:39.668	0.93245	0.93459			6
2025.09.22	00:41:40.024		0.93460			4
2025.09.22	00:41:40.361	0.93259	0.93459			6
2025.09.22	00:41:40.820	0.93274				2
2025.09.22	00:41:41.577	0.93276	0.93454			6
2025.09.22	00:41:42.818		0.93458			4
2025.09.22	00:41:45.274	0.93267	0.93460			6
2025.09.22	00:41:48.763	0.93276	0.93459			6
2025.09.22	00:41:49.772	0.93269	0.93460			6
2025.09.22	00:41:50.211	0.93275	0.93459			6
2025.09.22	00:41:50.535	0.93219	0.93448			6
2025.09.22	00:41:50.855		0.93445			4
2025.09.22	00:41:51.256		0.93448			4
2025.09.22	00:41:51.586		0.93445			4
2025.09.22	00:41:51.905		0.93448			4
2025.09.22	00:41:52.211		0.93445			4
2025.09.22	00:41:52.522	0.93228	0.93448			6
2025.09.22	00:41:52.826	0.93231	0.93445			6
2025.09.22	00:41:53.136	0.93228	0.93448			6
2025.09.22	00:41:53.445	0.93231	0.93444			6
2025.09.22	00:41:53.760	0.93228	0.93447			6
2025.09.22	00:41:54.083	0.93231	0.93444			6
2025.09.22	00:41:54.420	0.93228	0.93448			6
2025.09.22	00:41:54.750	0.93219	0.93444			6
2025.09.22	00:41:55.077		0.93447			4
2025.09.22	00:41:55.394	0.93240	0.93444			6
2025.09.22	00:41:55.737	0.93219	0.93447			6
2025.09.22	00:41:56.063		0.93444			4
2025.09.22	00:41:56.393	0.93237	0.93447			6
2025.09.22	00:41:56.721	0.93241	0.93443			6
2025.09.22	00:41:57.073	0.93238	0.93446			6
2025.09.22	00:41:57.425	0.93241	0.93443			6
2025.09.22	00:41:57.801	0.93238	0.93446			6
2025.09.22	00:41:58.175	0.93220	0.93443			6
2025.09.22	00:41:58.553	0.93242	0.93446			6
2025.09.22	00:41:58.930	0.93245	0.93442			6
2025.09.22	00:41:59.288	0.93220	0.93445			6
2025.09.22	00:41:59.715	0.93242				2
2025.09.22	00:42:00.070	0.93220				2
2025.09.22	00:42:00.458		0.93442			4
2025.09.22	00:42:00.785	0.93258	0.93441			6
2025.09.22	00:42:01.288	0.93220				2
2025.09.22	00:42:01.788	0.93258	0.93442			6
2025.09.22	00:42:02.288	0.93220	0.93441			6
2025.09.22	00:42:02.787	0.93258				2
2025.09.22	00:42:03.288	0.93220				2
2025.09.22	00:42:03.787	0.93258				2
2025.09.22	00:42:04.289	0.93220	0.93445			6
2025.09.22	00:42:04.790	0.93257	0.93442			6
2025.09.22	00:42:05.224	0.93220	0.93445			6
2025.09.22	00:42:05.789	0.93262	0.93442			6
2025.09.22	00:42:06.123	0.93220	0.93444			6
2025.09.22	00:42:06.787	0.93262	0.93441			6
2025.09.22	00:42:07.287	0.93220	0.93444			6
2025.09.22	00:42:07.787	0.93259				2
2025.09.22	00:42:08.290	0.93220				2
2025.09.22	00:42:08.790	0.93259				2
2025.09.22	00:42:09.288	0.93220				2
2025.09.22	00:42:09.786	0.93259				2
2025.09.22	00:42:10.287	0.93220				2
2025.09.22	00:42:10.788	0.93259				2
2025.09.22	00:42:11.295	0.93220				2
2025.09.22	00:42:11.730	0.93259				2
2025.09.22	00:42:12.288	0.93220				2
2025.09.22	00:42:12.789	0.93259				2
2025.09.22	00:42:13.287	0.93220				2
2025.09.22	00:42:13.787	0.93259				2
2025.09.22	00:42:14.287	0.93220				2
2025.09.22	00:42:14.787	0.93259				2
2025.09.22	00:42:15.287	0.93220				2
2025.09.22	00:42:16.208		0.93441			4
2025.09.22	00:42:16.624		0.93440			4
2025.09.22	00:42:20.610	0.93224				2
2025.09.22	00:42:21.312		0.93441			4
2025.09.22	00:42:26.825		0.93440			4
2025.09.22	00:42:35.554		0.93441			4
2025.09.22	00:42:37.500		0.93442			4
2025.09.22	00:42:38.498		0.93440			4
2025.09.22	00:42:40.670		0.93439			4
2025.09.22	00:42:42.527		0.93437			4
2025.09.22	00:42:43.144		0.93446			4
2025.09.22	00:42:44.165		0.93447			4
2025.09.22	00:42:45.704	0.93215	0.93446			6
2025.09.22	00:42:46.033	0.93278	0.93505			6
2025.09.22	00:42:50.868	0.93280	0.93507			6
2025.09.22	00:42:52.173	0.93281				2
2025.09.22	00:42:53.781	0.93279	0.93505			6
2025.09.22	00:42:54.431	0.93280	0.93506			6
2025.09.22	00:42:56.037		0.93505			4
2025.09.22	00:42:56.342	0.93279	0.93504			6
2025.09.22	00:43:00.207	0.93280	0.93505			6
2025.09.22	00:43:00.858	0.93281	0.93506			6
2025.09.22	00:43:02.117	0.93282				2
2025.09.22	00:43:03.072		0.93507			4
2025.09.22	00:43:04.374	0.93281	0.93506			6
2025.09.22	00:43:04.677		0.93505			4
2025.09.22	00:43:08.890	0.93282	0.93506			6
2025.09.22	00:43:10.798	0.93219	0.93445			6
2025.09.22	00:43:11.823		0.93446			4
2025.09.22	00:43:14.223		0.93445			4
2025.09.22	00:43:21.148	0.93209	0.93443			6
2025.09.22	00:43:21.505		0.93440			4
2025.09.22	00:43:23.225		0.93439			4
2025.09.22	00:43:25.961		0.93441			4
2025.09.22	00:43:27.127		0.93440			4
2025.09.22	00:43:32.310	0.93236				2
2025.09.22	00:43:35.526	0.93235				2
2025.09.22	00:43:36.337	0.93211				2
2025.09.22	00:43:37.927		0.93439			4
2025.09.22	00:43:39.123		0.93440			4
2025.09.22	00:43:40.020		0.93439			4
2025.09.22	00:43:40.333		0.93441			4
2025.09.22	00:43:41.316		0.93438			4
2025.09.22	00:43:46.633		0.93440			4
2025.09.22	00:43:48.500		0.93442			4
2025.09.22	00:43:49.141		0.93441			4
2025.09.22	00:43:49.504		0.93442			4
2025.09.22	00:43:50.189		0.93441			4
2025.09.22	00:43:50.830		0.93440			4
2025.09.22	00:43:52.325		0.93441			4
2025.09.22	00:43:57.467		0.93440			4
2025.09.22	00:44:00.425	0.93211	0.93441			6
2025.09.22	00:44:01.258	0.93289	0.93493			6
2025.09.22	00:44:01.566	0.93219	0.93439			6
2025.09.22	00:44:03.127		0.93438			4
2025.09.22	00:44:11.588	0.93232	0.93439			6
2025.09.22	00:44:12.092		0.93440			4
2025.09.22	00:44:12.636	0.93230	0.93442			6
2025.09.22	00:44:13.088	0.93210				2
2025.09.22	00:44:16.260		0.93444			4
2025.09.22	00:44:17.658		0.93443			4
2025.09.22	00:44:18.125		0.93442			4
2025.09.22	00:44:18.679		0.93445			4
2025.09.22	00:44:20.226		0.93444			4
2025.09.22	00:44:22.755		0.93443			4
2025.09.22	00:44:27.502	0.93288	0.93498			6
2025.09.22	00:44:27.835	0.93289	0.93494			6
2025.09.22	00:44:28.140	0.93290	0.93495			6
2025.09.22	00:44:28.789	0.93289	0.93494			6
2025.09.22	00:44:30.396		0.93493			4
2025.09.22	00:44:30.747		0.93495			4
2025.09.22	00:44:32.004		0.93494			4
2025.09.22	00:44:35.869	0.93288	0.93495			6
2025.09.22	00:44:38.129	0.93287	0.93494			6
2025.09.22	00:44:39.084		0.93496			4
2025.09.22	00:44:40.039		0.93499			4
2025.09.22	00:44:51.382	0.93292	0.93497			6
2025.09.22	00:44:51.732	0.93290	0.93498			6
2025.09.22	00:44:57.502	0.93291	0.93497			6
2025.09.22	00:44:58.153	0.93289	0.93498			6
2025.09.22	00:44:59.410		0.93496			4
2025.09.22	00:45:00.062	0.93289				2
2025.09.22	00:45:10.084	0.93307	0.93478			6
2025.09.22	00:45:12.545	0.93306	0.93480			6
2025.09.22	00:45:17.675	0.93305				2
2025.09.22	00:45:19.582		0.93478			4
2025.09.22	00:45:21.535	0.93308	0.93477			6
2025.09.22	00:45:30.219		0.93478			4
2025.09.22	00:45:36.951	0.93307	0.93477			6
2025.09.22	00:45:40.817	0.93306	0.93475			6
2025.09.22	00:45:42.122		0.93476			4
2025.09.22	00:45:42.775	0.93308	0.93488			6
2025.09.22	00:45:44.125	0.93305	0.93476			6
2025.09.22	00:45:44.428	0.93308	0.93488			6
2025.09.22	00:45:44.776	0.93305	0.93476			6
2025.09.22	00:45:46.688	0.93306	0.93477			6
2025.09.22	00:45:56.623	0.93305	0.93476			6
2025.09.22	00:45:56.973	0.93306	0.93480			6
2025.09.22	00:45:58.275	0.93280	0.93450			6
2025.09.22	00:45:58.879	0.93215	0.93409			6
2025.09.22	00:45:59.640		0.93417			4
2025.09.22	00:46:01.023	0.93215	0.93416			6
2025.09.22	00:46:03.425		0.93415			4
2025.09.22	00:46:04.102	0.93256				2
2025.09.22	00:46:04.602	0.93215				2
2025.09.22	00:46:07.173		0.93408			4
2025.09.22	00:46:08.124	0.93251	0.93442			6
2025.09.22	00:46:10.065	0.93255	0.93437			6
2025.09.22	00:46:11.364	0.93256	0.93436			6
2025.09.22	00:46:12.625	0.93258	0.93435			6
2025.09.22	00:46:14.576	0.93260	0.93434			6
2025.09.22	00:46:15.226	0.93269	0.93395			6
2025.09.22	00:46:16.730	0.93260	0.93434			6
2025.09.22	00:46:17.337	0.93264	0.93432			6
2025.09.22	00:46:18.941	0.93254	0.93437			6
2025.09.22	00:46:25.711	0.93193	0.93392			6
2025.09.22	00:46:29.317	0.93247	0.93441			6
2025.09.22	00:46:29.626	0.93249	0.93438			6
2025.09.22	00:46:29.927	0.93194	0.93391			6
2025.09.22	00:46:31.625		0.93392			4
2025.09.22	00:46:32.198	0.93247	0.93441			6
2025.09.22	00:46:32.536	0.93249	0.93438			6
2025.09.22	00:46:33.537	0.93250	0.93436			6
2025.09.22	00:46:33.842	0.93252	0.93435			6
2025.09.22	00:46:42.220	0.93253	0.93436			6
2025.09.22	00:46:43.824	0.93255	0.93437			6
2025.09.22	00:46:47.481	0.93250	0.93440			6
2025.09.22	00:46:47.785	0.93252	0.93434			6
2025.09.22	00:46:50.741	0.93296	0.93395			6
2025.09.22	00:46:51.453	0.93252	0.93434			6
2025.09.22	00:46:51.798	0.93253				2
2025.09.22	00:46:52.149	0.93296	0.93395			6
2025.09.22	00:46:52.454	0.93253	0.93434			6
2025.09.22	00:46:52.797	0.93296	0.93395			6
2025.09.22	00:46:53.456	0.93253	0.93434			6
2025.09.22	00:46:57.669	0.93243	0.93397			6
2025.09.22	00:46:58.313	0.93247	0.93440			6
2025.09.22	00:46:58.623	0.93251	0.93435			6
2025.09.22	00:46:58.923		0.93436			4
2025.09.22	00:46:59.229	0.93247	0.93441			6
2025.09.22	00:47:02.669	0.93290	0.93437			6
2025.09.22	00:47:06.203		0.93432			4
2025.09.22	00:47:07.402		0.93428			4
2025.09.22	00:47:08.361		0.93422			4
2025.09.22	00:47:10.181		0.93423			4
2025.09.22	00:47:18.636	0.93289	0.93433			6
2025.09.22	00:47:18.984		0.93435			4
2025.09.22	00:47:19.313		0.93432			4
2025.09.22	00:47:19.644	0.93296	0.93435			6
2025.09.22	00:47:19.945		0.93432			4
2025.09.22	00:47:21.755	0.93286	0.93420			6
2025.09.22	00:47:22.819		0.93421			4
2025.09.22	00:47:28.445	0.93247	0.93416			6
2025.09.22	00:47:30.124	0.93246	0.93418			6
2025.09.22	00:47:50.197	0.93225	0.93416			6
2025.09.22	00:47:50.663	0.93271	0.93450			6
2025.09.22	00:47:50.967	0.93307	0.93427			6
2025.09.22	00:47:52.397		0.93431			4
2025.09.22	00:47:52.721		0.93433			4
2025.09.22	00:47:53.024		0.93430			4
2025.09.22	00:47:53.398	0.93308	0.93440			6
2025.09.22	00:47:57.135		0.93439			4
2025.09.22	00:47:58.326		0.93437			4
2025.09.22	00:47:59.836		0.93436			4
2025.09.22	00:48:00.694	0.93308	0.93434			6
2025.09.22	00:48:01.181		0.93438			4
2025.09.22	00:48:03.120		0.93434			4
2025.09.22	00:48:03.726		0.93441			4
2025.09.22	00:48:04.675		0.93446			4
2025.09.22	00:48:04.980		0.93439			4
2025.09.22	00:48:05.282		0.93443			4
2025.09.22	00:48:06.203		0.93446			4
2025.09.22	00:48:07.739		0.93440			4
2025.09.22	00:48:08.046		0.93446			4
2025.09.22	00:48:08.346		0.93444			4
2025.09.22	00:48:08.657		0.93443			4
2025.09.22	00:48:08.962		0.93445			4
2025.09.22	00:48:09.280		0.93436			4
2025.09.22	00:48:11.184	0.93309	0.93432			6
2025.09.22	00:48:11.502		0.93436			4
2025.09.22	00:48:13.401		0.93435			4
2025.09.22	00:48:13.729		0.93430			4
2025.09.22	00:48:14.263		0.93435			4
2025.09.22	00:48:17.535		0.93436			4
2025.09.22	00:48:18.327	0.93308				2
2025.09.22	00:48:19.492	0.93309	0.93440			6
2025.09.22	00:48:19.989		0.93437			4
2025.09.22	00:48:20.490		0.93438			4
2025.09.22	00:48:21.399		0.93433			4
2025.09.22	00:48:21.969		0.93437			4
2025.09.22	00:48:23.474		0.93435			4
2025.09.22	00:48:24.265		0.93433			4
2025.09.22	00:48:24.679		0.93437			4
2025.09.22	00:48:31.960	0.93298				2
2025.09.22	00:48:34.686	0.93262				2
2025.09.22	00:48:35.240	0.93249	0.93436			6
2025.09.22	00:48:36.295	0.93279	0.93437			6
2025.09.22	00:48:38.767	0.93283				2
2025.09.22	00:48:40.933		0.93438			4
2025.09.22	00:48:42.384	0.93282	0.93460			6
2025.09.22	00:48:43.927	0.93283	0.93456			6
2025.09.22	00:48:44.368	0.93282	0.93464			6
2025.09.22	00:48:48.669		0.93466			4
2025.09.22	00:48:55.428		0.93464			4
2025.09.22	00:49:00.002	0.93282				2
2025.09.22	00:49:09.435	0.93286	0.93459			6
2025.09.22	00:49:19.817	0.93285	0.93464			6
2025.09.22	00:49:20.462	0.93286	0.93459			6
2025.09.22	00:49:21.885	0.93285	0.93464			6
2025.09.22	00:49:22.821	0.93286	0.93459			6
2025.09.22	00:49:23.899	0.93287	0.93449			6
2025.09.22	00:49:27.376	0.93289	0.93422			6
2025.09.22	00:49:28.636	0.93288	0.93433			6
2025.09.22	00:49:30.293		0.93439			4
2025.09.22	00:49:33.738		0.93433			4
2025.09.22	00:49:34.753	0.93289	0.93430			6
2025.09.22	00:49:35.076		0.93429			4
2025.09.22	00:49:35.448	0.93287	0.93457			6
2025.09.22	00:49:37.266		0.93453			4
2025.09.22	00:49:37.871		0.93448			4
2025.09.22	00:49:39.764	0.93286	0.93456			6
2025.09.22	00:50:00.420	0.93286				2
2025.09.22	00:50:01.918	0.93288	0.93452			6
2025.09.22	00:50:03.554	0.93257	0.93454			6
2025.09.22	00:50:13.095	0.93277	0.93465			6
2025.09.22	00:50:19.236	0.93271	0.93467			6
2025.09.22	00:50:29.291	0.93282	0.93466			6
2025.09.22	00:50:35.145	0.93276	0.93472			6
2025.09.22	00:50:36.309	0.93287	0.93466			6
2025.09.22	00:50:36.637	0.93264				2
2025.09.22	00:50:37.623	0.93279	0.93465			6
2025.09.22	00:50:42.464	0.93272	0.93471			6
2025.09.22	00:50:44.503	0.93270				2
2025.09.22	00:50:47.153	0.93276				2
2025.09.22	00:50:48.263	0.93273				2
2025.09.22	00:50:48.823	0.93282	0.93470			6
2025.09.22	00:50:50.594	0.93301	0.93488			6
2025.09.22	00:50:51.460	0.93304	0.93499			6
2025.09.22	00:50:53.794	0.93312	0.93512			6
2025.09.22	00:50:54.419	0.93325				2
2025.09.22	00:50:58.626	0.93321	0.93522			6
2025.09.22	00:51:00.414	0.93321				2
2025.09.22	00:51:01.482	0.93320	0.93521			6
2025.09.22	00:51:02.487	0.93321	0.93509			6
2025.09.22	00:51:06.430	0.93322				2
2025.09.22	00:51:08.305	0.93321	0.93516			6
2025.09.22	00:51:11.542	0.93297	0.93493			6
2025.09.22	00:51:13.490	0.93314	0.93506			6
2025.09.22	00:51:13.987	0.93306	0.93508			6
2025.09.22	00:51:15.030	0.93295	0.93493			6
2025.09.22	00:51:16.095	0.93316	0.93513			6
2025.09.22	00:51:16.810	0.93312	0.93505			6
2025.09.22	00:51:17.544	0.93299	0.93494			6
2025.09.22	00:51:18.031		0.93493			4
2025.09.22	00:51:18.766	0.93288	0.93488			6
2025.09.22	00:51:19.079	0.93318	0.93504			6
2025.09.22	00:51:19.535	0.93316	0.93505			6
2025.09.22	00:51:19.867	0.93308	0.93510			6
2025.09.22	00:51:20.271		0.93505			4
2025.09.22	00:51:20.760	0.93316	0.93504			6
2025.09.22	00:51:21.133	0.93313	0.93514			6
2025.09.22	00:51:24.075	0.93316	0.93504			6
2025.09.22	00:51:25.503	0.93321				2
2025.09.22	00:51:26.741	0.93318	0.93510			6
2025.09.22	00:51:27.849	0.93337	0.93503			6
2025.09.22	00:51:28.178	0.93322	0.93504			6
2025.09.22	00:51:28.539	0.93314	0.93506			6
2025.09.22	00:51:29.874	0.93311	0.93504			6
2025.09.22	00:51:30.633	0.93322				2
2025.09.22	00:51:31.195	0.93312	0.93505			6
2025.09.22	00:51:33.655	0.93313	0.93504			6
2025.09.22	00:51:35.281	0.93316				2
2025.09.22	00:51:41.000	0.93318				2
2025.09.22	00:51:41.310	0.93321				2
2025.09.22	00:51:41.895	0.93317	0.93510			6
2025.09.22	00:51:43.029	0.93326	0.93506			6
2025.09.22	00:51:46.001	0.93322	0.93503			6
2025.09.22	00:51:48.428	0.93315	0.93511			6
2025.09.22	00:51:54.850	0.93322				2
2025.09.22	00:51:55.199	0.93317				2
2025.09.22	00:52:02.185	0.93317				2
2025.09.22	00:52:03.346		0.93510			4
2025.09.22	00:52:03.805		0.93511			4
2025.09.22	00:52:04.303	0.93322	0.93504			6
2025.09.22	00:52:15.395	0.93312				2
2025.09.22	00:52:15.697	0.93303	0.93505			6
2025.09.22	00:52:16.726	0.93314	0.93515			6
2025.09.22	00:52:26.300	0.93317	0.93513			6
2025.09.22	00:52:26.619	0.93311				2
2025.09.22	00:52:30.841	0.93300	0.93501			6
2025.09.22	00:52:44.992	0.93299	0.93496			6
2025.09.22	00:52:49.498	0.93302	0.93491			6
2025.09.22	00:52:50.050	0.93309				2
2025.09.22	00:52:50.399		0.93493			4
2025.09.22	00:52:50.856	0.93300				2
2025.09.22	00:52:53.963	0.93308	0.93505			6
2025.09.22	00:52:54.273	0.93315	0.93502			6
2025.09.22	00:52:57.112	0.93290	0.93492			6
2025.09.22	00:52:58.213	0.93301	0.93493			6
2025.09.22	00:52:59.026	0.93292				2
2025.09.22	00:53:02.722	0.93292	0.93491			6
2025.09.22	00:53:03.056		0.93487			4
2025.09.22	00:53:03.456	0.93308	0.93493			6
2025.09.22	00:53:04.433	0.93304	0.93492			6
2025.09.22	00:53:05.197	0.93303	0.93493			6
2025.09.22	00:53:05.534	0.93305				2
2025.09.22	00:53:06.504	0.93306	0.93486			6
2025.09.22	00:53:09.341	0.93299	0.93484			6
2025.09.22	00:53:13.446	0.93296	0.93483			6
2025.09.22	00:53:14.077		0.93484			4
2025.09.22	00:53:19.158	0.93281	0.93475			6
2025.09.22	00:53:20.223		0.93476			4
2025.09.22	00:53:24.870		0.93477			4
2025.09.22	00:53:26.528		0.93476			4
2025.09.22	00:53:28.323		0.93475			4
2025.09.22	00:53:28.840		0.93476			4
2025.09.22	00:53:29.809		0.93475			4
2025.09.22	00:53:32.522		0.93474			4
2025.09.22	00:53:42.725		0.93475			4
2025.09.22	00:53:44.541		0.93473			4
2025.09.22	00:53:47.525		0.93472			4
2025.09.22	00:53:48.164		0.93469			4
2025.09.22	00:53:48.637		0.93471			4
2025.09.22	00:53:49.133		0.93472			4
2025.09.22	00:53:52.924		0.93471			4
2025.09.22	00:53:54.123		0.93472			4
2025.09.22	00:53:55.323		0.93471			4
2025.09.22	00:53:56.767		0.93472			4
2025.09.22	00:53:58.519		0.93474			4
2025.09.22	00:54:00.854	0.93281				2
2025.09.22	00:54:03.165		0.93473			4
2025.09.22	00:54:05.469		0.93471			4
2025.09.22	00:54:08.521		0.93469			4
2025.09.22	00:54:12.316	0.93290				2
2025.09.22	00:54:19.925		0.93468			4
2025.09.22	00:54:22.255		0.93467			4
2025.09.22	00:54:24.182		0.93468			4
2025.09.22	00:54:27.836		0.93463			4
2025.09.22	00:54:35.837		0.93462			4
2025.09.22	00:54:42.555		0.93459			4
2025.09.22	00:54:45.155		0.93460			4
2025.09.22	00:54:46.259		0.93459			4
2025.09.22	00:54:48.226		0.93455			4
2025.09.22	00:54:52.967		0.93456			4
2025.09.22	00:54:53.637		0.93455			4
2025.09.22	00:55:00.723	0.93290				2
2025.09.22	00:55:02.665	0.93270	0.93457			6
2025.09.22	00:55:02.978	0.93284				2
2025.09.22	00:55:09.424		0.93458			4
2025.09.22	00:55:09.845		0.93457			4
2025.09.22	00:55:10.843		0.93456			4
2025.09.22	00:55:15.126		0.93455			4
2025.09.22	00:55:17.979	0.93273	0.93456			6
2025.09.22	00:55:18.640		0.93455			4
2025.09.22	00:55:22.323		0.93456			4
2025.09.22	00:55:25.981	0.93284				2
2025.09.22	00:55:27.340	0.93273				2
2025.09.22	00:55:34.640		0.93457			4
2025.09.22	00:55:49.925		0.93458			4
2025.09.22	00:55:53.826		0.93457			4
2025.09.22	00:56:03.130	0.93273				2
2025.09.22	00:56:04.324		0.93456			4
2025.09.22	00:56:08.936		0.93455			4
2025.09.22	00:56:10.638		0.93456			4
2025.09.22	00:56:12.228	0.93275	0.93454			6
2025.09.22	00:56:13.636		0.93455			4
2025.09.22	00:56:16.327		0.93454			4
2025.09.22	00:56:21.124		0.93457			4
2025.09.22	00:56:21.636		0.93451			4
2025.09.22	00:56:22.642		0.93455			4
2025.09.22	00:56:24.641		0.93454			4
2025.09.22	00:56:35.523		0.93453			4
2025.09.22	00:56:38.236		0.93451			4
2025.09.22	00:56:40.325		0.93452			4
2025.09.22	00:56:48.225		0.93451			4
2025.09.22	00:56:50.532		0.93452			4
2025.09.22	00:57:01.506	0.93275				2
2025.09.22	00:57:11.167		0.93451			4
2025.09.22	00:57:12.725		0.93452			4
2025.09.22	00:57:18.510	0.93274	0.93453			6
2025.09.22	00:57:22.397	0.93265				2
2025.09.22	00:57:22.880	0.93312	0.93495			6
2025.09.22	00:57:24.745	0.93314	0.93498			6
2025.09.22	00:57:25.093	0.93311	0.93495			6
2025.09.22	00:57:26.696	0.93313	0.93499			6
2025.09.22	00:57:28.601		0.93498			4
2025.09.22	00:57:33.418	0.93314	0.93499			6
2025.09.22	00:57:33.768	0.93313				2
2025.09.22	00:57:34.371		0.93505			4
2025.09.22	00:57:34.723	0.93288	0.93455			6
2025.09.22	00:57:35.174	0.93313	0.93505			6
2025.09.22	00:57:35.524	0.93288	0.93457			6
2025.09.22	00:57:36.147	0.93274	0.93452			6
2025.09.22	00:57:36.454	0.93313	0.93505			6
2025.09.22	00:57:36.779	0.93264	0.93453			6
2025.09.22	00:57:37.081	0.93313	0.93506			6
2025.09.22	00:57:37.430	0.93269	0.93453			6
2025.09.22	00:57:37.748	0.93312	0.93500			6
2025.09.22	00:57:38.383	0.93266	0.93453			6
2025.09.22	00:57:38.733	0.93312	0.93500			6
2025.09.22	00:57:39.034	0.93265	0.93453			6
2025.09.22	00:57:39.430	0.93312	0.93500			6
2025.09.22	00:57:39.736	0.93293	0.93458			6
2025.09.22	00:57:40.087	0.93313	0.93500			6
2025.09.22	00:57:41.038	0.93266	0.93457			6
2025.09.22	00:57:41.518	0.93312	0.93500			6
2025.09.22	00:57:41.840	0.93297	0.93459			6
2025.09.22	00:57:42.279	0.93313	0.93501			6
2025.09.22	00:57:43.198	0.93261	0.93453			6
2025.09.22	00:57:43.670	0.93312	0.93500			6
2025.09.22	00:57:44.652	0.93311	0.93499			6
2025.09.22	00:57:46.256	0.93310	0.93493			6
2025.09.22	00:57:49.563	0.93313	0.93506			6
2025.09.22	00:57:49.914	0.93259	0.93458			6
2025.09.22	00:57:50.411	0.93287	0.93463			6
2025.09.22	00:57:50.905	0.93313	0.93501			6
2025.09.22	00:57:51.220	0.93316	0.93504			6
2025.09.22	00:57:51.571	0.93288	0.93460			6
2025.09.22	00:57:51.905	0.93313	0.93501			6
2025.09.22	00:57:52.222	0.93316	0.93504			6
2025.09.22	00:57:52.523	0.93288	0.93460			6
2025.09.22	00:57:52.909	0.93313	0.93501			6
2025.09.22	00:57:53.227	0.93316	0.93504			6
2025.09.22	00:57:53.528	0.93288	0.93460			6
2025.09.22	00:57:53.871	0.93313	0.93501			6
2025.09.22	00:57:54.179	0.93311	0.93496			6
2025.09.22	00:57:58.048	0.93308	0.93492			6
2025.09.22	00:58:00.050	0.93308				2
2025.09.22	00:58:04.313	0.93312	0.93500			6
2025.09.22	00:58:07.176	0.93313	0.93502			6
2025.09.22	00:58:08.177	0.93308	0.93492			6
2025.09.22	00:58:09.786	0.93316	0.93509			6
2025.09.22	00:58:10.088	0.93288	0.93464			6
2025.09.22	00:58:10.391	0.93313	0.93502			6
2025.09.22	00:58:10.742	0.93316	0.93504			6
2025.09.22	00:58:11.088	0.93264	0.93452			6
2025.09.22	00:58:11.822		0.93453			4
2025.09.22	00:58:12.254	0.93253	0.93452			6
2025.09.22	00:58:15.200	0.93312	0.93503			6
2025.09.22	00:58:15.506	0.93315	0.93505			6
2025.09.22	00:58:15.806	0.93252	0.93452			6
2025.09.22	00:58:26.254	0.93288	0.93463			6
2025.09.22	00:58:26.560		0.93465			4
2025.09.22	00:58:26.922	0.93312	0.93504			6
2025.09.22	00:58:27.250	0.93285	0.93463			6
2025.09.22	00:58:27.925	0.93312	0.93505			6
2025.09.22	00:58:28.251	0.93285	0.93464			6
2025.09.22	00:58:28.923	0.93312	0.93505			6
2025.09.22	00:58:29.254	0.93285	0.93461			6
2025.09.22	00:58:29.728	0.93312	0.93504			6
2025.09.22	00:58:31.714	0.93291	0.93462			6
2025.09.22	00:58:32.196	0.93312	0.93505			6
2025.09.22	00:58:33.169	0.93290	0.93464			6
2025.09.22	00:58:33.486	0.93312	0.93504			6
2025.09.22	00:58:34.124	0.93285	0.93464			6
2025.09.22	00:58:34.494	0.93312	0.93504			6
2025.09.22	00:58:35.128	0.93290	0.93460			6
2025.09.22	00:58:35.696	0.93312	0.93504			6
2025.09.22	00:58:36.028	0.93261	0.93458			6
2025.09.22	00:58:36.825	0.93313	0.93504			6
2025.09.22	00:58:37.132	0.93288	0.93462			6
2025.09.22	00:58:37.772	0.93312	0.93501			6
2025.09.22	00:58:38.085	0.93285	0.93461			6
2025.09.22	00:58:38.774	0.93312	0.93501			6
2025.09.22	00:58:39.087	0.93310	0.93496			6
2025.09.22	00:58:40.042	0.93285	0.93469			6
2025.09.22	00:58:40.775	0.93327	0.93516			6
2025.09.22	00:58:41.093	0.93287	0.93469			6
2025.09.22	00:58:41.775	0.93327	0.93522			6
2025.09.22	00:58:42.099	0.93290	0.93474			6
2025.09.22	00:58:42.572	0.93325	0.93511			6
2025.09.22	00:58:45.157	0.93264	0.93460			6
2025.09.22	00:58:45.794	0.93271	0.93461			6
2025.09.22	00:58:46.274	0.93316	0.93499			6
2025.09.22	00:58:46.613	0.93314	0.93498			6
2025.09.22	00:58:46.962	0.93323	0.93507			6
2025.09.22	00:58:47.915	0.93325	0.93515			6
2025.09.22	00:58:49.218	0.93324	0.93507			6
2025.09.22	00:58:51.776	0.93333	0.93516			6
2025.09.22	00:58:52.079	0.93334	0.93517			6
2025.09.22	00:58:52.431	0.93330	0.93513			6
2025.09.22	00:58:53.033	0.93335	0.93518			6
2025.09.22	00:58:53.383	0.93336	0.93519			6
2025.09.22	00:58:54.993	0.93331	0.93514			6
2025.09.22	00:58:55.293	0.93344	0.93527			6
2025.09.22	00:58:56.298	0.93343	0.93526			6
2025.09.22	00:58:56.902	0.93344	0.93527			6
2025.09.22	00:58:57.554	0.93342	0.93526			6
2025.09.22	00:58:57.904	0.93346	0.93537			6
2025.09.22	00:58:58.209	0.93344	0.93536			6
2025.09.22	00:58:58.509	0.93345				2
2025.09.22	00:58:59.164	0.93343	0.93535			6
2025.09.22	00:58:59.467	0.93345	0.93537			6
2025.09.22	00:58:59.815	0.93344	0.93536			6
2025.09.22	00:59:00.115	0.93279	0.93472			6
2025.09.22	00:59:00.727	0.93344	0.93536			6
2025.09.22	00:59:01.069	0.93345				2
2025.09.22	00:59:01.420	0.93344				2
2025.09.22	00:59:01.720	0.93346	0.93537			6
2025.09.22	00:59:02.070	0.93350	0.93535			6
2025.09.22	00:59:02.374	0.93309	0.93486			6
2025.09.22	00:59:02.680	0.93354	0.93539			6
2025.09.22	00:59:03.675	0.93355	0.93540			6
2025.09.22	00:59:03.977	0.93350	0.93534			6
2025.09.22	00:59:04.327	0.93354	0.93538			6
2025.09.22	00:59:04.630	0.93353	0.93537			6
2025.09.22	00:59:05.585	0.93354				2
2025.09.22	00:59:06.939	0.93353				2
2025.09.22	00:59:09.501	0.93354				2
2025.09.22	00:59:11.106	0.93356	0.93539			6
2025.09.22	00:59:15.322	0.93355	0.93538			6
2025.09.22	00:59:19.237		0.93539			4
2025.09.22	00:59:23.401	0.93352	0.93535			6
2025.09.22	00:59:25.660	0.93355	0.93537			6
2025.09.22	00:59:29.775	0.93360	0.93560			6
2025.09.22	00:59:30.119	0.93295	0.93497			6
2025.09.22	00:59:30.456	0.93360	0.93557			6
2025.09.22	00:59:30.779	0.93353	0.93549			6
2025.09.22	00:59:31.384	0.93345	0.93542			6
2025.09.22	00:59:42.467	0.93357	0.93551			6
2025.09.22	00:59:45.680	0.93358				2
2025.09.22	00:59:49.195	0.93355	0.93549			6
2025.09.22	00:59:52.652	0.93353	0.93543			6
2025.09.22	00:59:52.953		0.93542			4
2025.09.22	00:59:57.817	0.93349	0.93538			6
2025.09.22	00:59:58.167	0.93353	0.93542			6
2025.09.22	01:00:00.075	0.93353				2
2025.09.22	01:00:00.391	0.93350	0.93517			6
2025.09.22	01:00:00.975	0.93291	0.93493			6
2025.09.22	01:00:01.278	0.93320	0.93490			6
2025.09.22	01:00:01.594	0.93325	0.93503			6
2025.09.22	01:00:02.461		0.93502			4
2025.09.22	01:00:02.896	0.93367				2
2025.09.22	01:00:03.204	0.93358	0.93520			6
2025.09.22	01:00:03.824	0.93360	0.93521			6
2025.09.22	01:00:04.170	0.93369	0.93529			6
2025.09.22	01:00:04.475	0.93371	0.93530			6
2025.09.22	01:00:04.821	0.93368	0.93528			6
2025.09.22	01:00:05.173		0.93527			4
2025.09.22	01:00:05.475	0.93369	0.93528			6
2025.09.22	01:00:05.827	0.93367	0.93523			6
2025.09.22	01:00:06.127	0.93371	0.93525			6
2025.09.22	01:00:06.447	0.93374	0.93527			6
2025.09.22	01:00:06.748	0.93377	0.93490			6
2025.09.22	01:00:07.382	0.93373				2
2025.09.22	01:00:08.373	0.93379				2
2025.09.22	01:00:10.145	0.93398				2
2025.09.22	01:00:10.481	0.93410	0.93506			6
2025.09.22	01:00:11.043	0.93409	0.93514			6
2025.09.22	01:00:11.843	0.93397	0.93510			6
2025.09.22	01:00:12.477	0.93410				2
2025.09.22	01:00:13.024	0.93411				2
2025.09.22	01:00:14.223	0.93412				2
2025.09.22	01:00:16.152	0.93416	0.93508			6
2025.09.22	01:00:17.223	0.93418				2
2025.09.22	01:00:17.901	0.93397	0.93497			6
2025.09.22	01:00:19.079	0.93395				2
2025.09.22	01:00:20.237	0.93420				2
2025.09.22	01:00:21.471	0.93419				2
2025.09.22	01:00:22.463	0.93421	0.93499			6
2025.09.22	01:00:23.554	0.93422	0.93497			6
2025.09.22	01:00:24.364	0.93420	0.93494			6
2025.09.22	01:00:25.925	0.93421				2
2025.09.22	01:00:26.271	0.93403				2
2025.09.22	01:00:26.636	0.93405				2
2025.09.22	01:00:27.566	0.93402				2
2025.09.22	01:00:27.943	0.93405				2
2025.09.22	01:00:28.483	0.93403	0.93496			6
2025.09.22	01:00:28.924	0.93404				2
2025.09.22	01:00:29.426	0.93405	0.93493			6
2025.09.22	01:00:29.738	0.93396	0.93494			6
2025.09.22	01:00:30.404	0.93394				2
2025.09.22	01:00:32.596	0.93395	0.93498			6
2025.09.22	01:00:34.325		0.93497			4
2025.09.22	01:00:34.636		0.93496			4
2025.09.22	01:00:34.981	0.93399	0.93497			6
2025.09.22	01:00:35.838		0.93496			4
2025.09.22	01:00:37.198	0.93395	0.93498			6
2025.09.22	01:00:39.900		0.93495			4
2025.09.22	01:00:41.932	0.93407				2
2025.09.22	01:00:42.501	0.93409				2
2025.09.22	01:00:44.742	0.93410				2
2025.09.22	01:00:47.502	0.93395				2
2025.09.22	01:00:47.823	0.93384	0.93493			6
2025.09.22	01:00:48.642		0.93492			4
2025.09.22	01:00:48.957	0.93385	0.93480			6
2025.09.22	01:00:49.924	0.93384	0.93489			6
2025.09.22	01:00:50.267	0.93421	0.93499			6
2025.09.22	01:00:51.401	0.93419	0.93501			6
2025.09.22	01:00:51.730	0.93405	0.93496			6
2025.09.22	01:00:53.142		0.93495			4
2025.09.22	01:00:55.005		0.93494			4
2025.09.22	01:00:56.506	0.93418	0.93497			6
2025.09.22	01:00:57.069	0.93421				2
2025.09.22	01:01:00.312	0.93423				2
2025.09.22	01:01:01.154	0.93400	0.93496			6
2025.09.22	01:01:01.518		0.93497			4
2025.09.22	01:01:02.826		0.93496			4
2025.09.22	01:01:04.290	0.93399				2
2025.09.22	01:01:04.623	0.93402	0.93495			6
2025.09.22	01:01:05.827	0.93405	0.93494			6
2025.09.22	01:01:06.724	0.93408	0.93492			6
2025.09.22	01:01:07.581	0.93402	0.93494			6
2025.09.22	01:01:09.125		0.93493			4
2025.09.22	01:01:10.325	0.93403	0.93490			6
2025.09.22	01:01:10.956	0.93405	0.93491			6
2025.09.22	01:01:11.260	0.93403				2
2025.09.22	01:01:11.732		0.93490			4
2025.09.22	01:01:12.292	0.93397	0.93483			6
2025.09.22	01:01:12.703	0.93396	0.93482			6
2025.09.22	01:01:13.398		0.93483			4
2025.09.22	01:01:14.045	0.93399	0.93485			6
2025.09.22	01:01:14.353		0.93486			4
2025.09.22	01:01:14.675	0.93393	0.93481			6
2025.09.22	01:01:16.106	0.93392	0.93483			6
2025.09.22	01:01:16.583	0.93394	0.93482			6
2025.09.22	01:01:17.479	0.93397	0.93483			6
2025.09.22	01:01:18.627	0.93387	0.93482			6
2025.09.22	01:01:20.306	0.93424	0.93487			6
2025.09.22	01:01:20.629	0.93425				2
2025.09.22	01:01:20.933	0.93427				2
2025.09.22	01:01:21.277	0.93430	0.93492			6
2025.09.22	01:01:22.278	0.93428	0.93486			6
2025.09.22	01:01:22.582	0.93427				2
2025.09.22	01:01:23.045	0.93428	0.93489			6
2025.09.22	01:01:24.097	0.93429				2
2025.09.22	01:01:26.267	0.93413	0.93482			6
2025.09.22	01:01:26.767	0.93414				2
2025.09.22	01:01:27.124	0.93426	0.93489			6
2025.09.22	01:01:27.680	0.93424	0.93484			6
2025.09.22	01:01:28.837		0.93485			4
2025.09.22	01:01:40.854	0.93425				2
2025.09.22	01:01:41.577	0.93429	0.93489			6
2025.09.22	01:01:41.887	0.93428				2
2025.09.22	01:01:42.218	0.93427	0.93486			6
2025.09.22	01:01:43.314	0.93428				2
2025.09.22	01:01:44.939		0.93484			4
2025.09.22	01:01:45.314	0.93427	0.93474			6
2025.09.22	01:01:47.826	0.93426				2
2025.09.22	01:01:53.824	0.93425				2
2025.09.22	01:01:54.301	0.93428	0.93501			6
2025.09.22	01:01:55.322		0.93481			4
2025.09.22	01:01:55.671		0.93484			4
2025.09.22	01:01:55.979	0.93429	0.93486			6
2025.09.22	01:01:56.859		0.93481			4
2025.09.22	01:01:58.527	0.93424	0.93482			6
2025.09.22	01:02:00.423	0.93424	0.93480			6
2025.09.22	01:02:00.902		0.93482			4
2025.09.22	01:02:01.639	0.93425	0.93480			6
2025.09.22	01:02:02.033	0.93427				2
2025.09.22	01:02:02.338	0.93430	0.93483			6
2025.09.22	01:02:02.648	0.93428	0.93482			6
2025.09.22	01:02:03.041	0.93427				2
2025.09.22	01:02:03.392	0.93428				2
2025.09.22	01:02:03.777	0.93426	0.93480			6
2025.09.22	01:02:05.823		0.93477			4
2025.09.22	01:02:06.322	0.93425	0.93478			6
2025.09.22	01:02:11.476	0.93427	0.93480			6
2025.09.22	01:02:11.935	0.93426				2
2025.09.22	01:02:12.263	0.93427				2
2025.09.22	01:02:12.667	0.93425				2
2025.09.22	01:02:19.814	0.93419	0.93468			6
2025.09.22	01:02:20.869	0.93418				2
2025.09.22	01:02:21.726	0.93419	0.93464			6
2025.09.22	01:02:22.357	0.93416				2
2025.09.22	01:02:22.663	0.93417	0.93463			6
2025.09.22	01:02:23.036		0.93466			4
2025.09.22	01:02:23.713	0.93413	0.93457			6
2025.09.22	01:02:24.026	0.93414				2
2025.09.22	01:02:24.393	0.93404	0.93459			6
2025.09.22	01:02:24.729	0.93400	0.93463			6
2025.09.22	01:02:25.048	0.93409	0.93461			6
2025.09.22	01:02:26.284	0.93413	0.93457			6
2025.09.22	01:02:26.600	0.93406	0.93456			6
2025.09.22	01:02:27.792		0.93457			4
2025.09.22	01:02:28.098		0.93456			4
2025.09.22	01:02:30.362	0.93411	0.93451			6
2025.09.22	01:02:30.679	0.93390	0.93450			6
2025.09.22	01:02:31.260	0.93409	0.93453			6
2025.09.22	01:02:31.638	0.93408	0.93454			6
2025.09.22	01:02:32.584	0.93409				2
2025.09.22	01:02:32.891		0.93453			4
2025.09.22	01:02:33.280	0.93399				2
2025.09.22	01:02:33.667	0.93392	0.93452			6
2025.09.22	01:02:33.972	0.93393	0.93451			6
2025.09.22	01:02:35.227	0.93412	0.93453			6
2025.09.22	01:02:35.966	0.93409	0.93456			6
2025.09.22	01:02:36.347	0.93390	0.93449			6
2025.09.22	01:02:37.275	0.93402	0.93451			6
2025.09.22	01:02:37.630	0.93399	0.93454			6
2025.09.22	01:02:38.331	0.93400	0.93453			6
2025.09.22	01:02:38.637	0.93401	0.93452			6
2025.09.22	01:02:39.420	0.93391	0.93448			6
2025.09.22	01:02:39.742		0.93449			4
2025.09.22	01:02:40.314		0.93448			4
2025.09.22	01:02:40.772	0.93401	0.93452			6
2025.09.22	01:02:41.541	0.93398	0.93448			6
2025.09.22	01:02:42.378	0.93394	0.93445			6
2025.09.22	01:02:42.680	0.93393	0.93446			6
2025.09.22	01:02:44.230	0.93404				2
2025.09.22	01:02:45.308	0.93410	0.93449			6
2025.09.22	01:02:45.657	0.93393	0.93446			6
2025.09.22	01:02:46.635		0.93447			4
2025.09.22	01:02:47.983	0.93414	0.93450			6
2025.09.22	01:02:48.294	0.93398	0.93447			6
2025.09.22	01:02:48.725	0.93394				2
2025.09.22	01:02:49.047		0.93448			4
2025.09.22	01:02:49.799	0.93399	0.93447			6
2025.09.22	01:02:50.116	0.93415	0.93461			6
2025.09.22	01:02:50.467	0.93413	0.93448			6
2025.09.22	01:02:51.567	0.93410	0.93451			6
2025.09.22	01:02:52.602	0.93418	0.93452			6
2025.09.22	01:02:53.825	0.93414	0.93451			6
2025.09.22	01:02:54.140	0.93416				2
2025.09.22	01:02:55.324	0.93417				2
2025.09.22	01:02:55.819	0.93418	0.93450			6
2025.09.22	01:02:56.409	0.93420	0.93451			6
2025.09.22	01:02:57.041	0.93417	0.93454			6
2025.09.22	01:02:57.430	0.93396				2
2025.09.22	01:02:57.826		0.93455			4
2025.09.22	01:02:58.138		0.93454			4
2025.09.22	01:02:58.564	0.93406	0.93453			6
2025.09.22	01:02:59.396	0.93397	0.93452			6
2025.09.22	01:03:00.316	0.93397				2
2025.09.22	01:03:01.045		0.93453			4
2025.09.22	01:03:01.371	0.93396	0.93454			6
2025.09.22	01:03:02.641	0.93416				2
2025.09.22	01:03:03.153	0.93398				2
2025.09.22	01:03:05.530	0.93399	0.93453			6
2025.09.22	01:03:06.013	0.93402				2
2025.09.22	01:03:06.421	0.93404	0.93452			6
2025.09.22	01:03:10.176	0.93422	0.93454			6
2025.09.22	01:03:10.478	0.93418	0.93452			6
2025.09.22	01:03:11.426	0.93420	0.93451			6
2025.09.22	01:03:12.561	0.93418				2
2025.09.22	01:03:14.037	0.93419	0.93450			6
2025.09.22	01:03:19.210	0.93420				2
2025.09.22	01:03:21.294	0.93419				2
2025.09.22	01:03:22.039	0.93418	0.93451			6
2025.09.22	01:03:22.348	0.93420	0.93449			6
2025.09.22	01:03:25.126		0.93450			4
2025.09.22	01:03:25.468	0.93419				2
2025.09.22	01:03:28.419	0.93417	0.93453			6
2025.09.22	01:03:29.628	0.93419	0.93451			6
2025.09.22	01:03:30.291	0.93396	0.93450			6
2025.09.22	01:03:30.636		0.93451			4
2025.09.22	01:03:31.029	0.93406				2
2025.09.22	01:03:32.034	0.93407				2
2025.09.22	01:03:32.813		0.93450			4
2025.09.22	01:03:33.482	0.93404	0.93451			6
2025.09.22	01:03:35.724	0.93407				2
2025.09.22	01:03:37.611	0.93411				2
2025.09.22	01:03:39.725		0.93450			4
2025.09.22	01:03:41.730	0.93407				2
2025.09.22	01:03:43.678		0.93451			4
2025.09.22	01:03:47.824		0.93450			4
2025.09.22	01:03:51.101	0.93410	0.93451			6
2025.09.22	01:03:52.411	0.93409	0.93452			6
2025.09.22	01:03:53.121	0.93408				2
2025.09.22	01:03:53.446	0.93406				2
2025.09.22	01:03:54.351		0.93453			4
2025.09.22	01:03:54.763		0.93452			4
2025.09.22	01:03:56.181		0.93453			4
2025.09.22	01:03:56.521	0.93423	0.93454			6
2025.09.22	01:03:57.005	0.93424	0.93453			6
2025.09.22	01:03:58.209	0.93425	0.93452			6
2025.09.22	01:03:58.578	0.93426	0.93455			6
2025.09.22	01:04:00.341	0.93415	0.93456			6
2025.09.22	01:04:00.727	0.93408				2
2025.09.22	01:04:01.296	0.93430	0.93457			6
2025.09.22	01:04:01.663		0.93461			4
2025.09.22	01:04:03.314	0.93432	0.93466			6
2025.09.22	01:04:04.808	0.93430	0.93465			6
2025.09.22	01:04:05.219	0.93431				2
2025.09.22	01:04:05.618		0.93467			4
2025.09.22	01:04:06.123	0.93432				2
2025.09.22	01:04:11.678		0.93465			4
2025.09.22	01:04:12.123		0.93459			4
2025.09.22	01:04:12.724	0.93431				2
2025.09.22	01:04:13.422		0.93460			4
2025.09.22	01:04:15.124		0.93459			4
2025.09.22	01:04:17.711	0.93424	0.93456			6
2025.09.22	01:04:20.615	0.93416	0.93446			6
2025.09.22	01:04:21.064	0.93417	0.93447			6
2025.09.22	01:04:21.528	0.93422				2
2025.09.22	01:04:21.851	0.93434	0.93459			6
2025.09.22	01:04:22.735	0.93432	0.93460			6
2025.09.22	01:04:24.935		0.93459			4
2025.09.22	01:04:30.590	0.93431	0.93457			6
2025.09.22	01:04:31.027		0.93456			4
2025.09.22	01:04:39.227		0.93450			4
2025.09.22	01:04:40.383	0.93433				2
2025.09.22	01:04:43.628	0.93434				2
2025.09.22	01:04:44.224	0.93433				2
2025.09.22	01:04:44.600	0.93432				2
2025.09.22	01:04:45.725	0.93433				2
2025.09.22	01:04:47.616	0.93434				2
2025.09.22	01:04:48.244		0.93451			4
2025.09.22	01:04:48.559	0.93440	0.93460			6
2025.09.22	01:04:48.935		0.93462			4
2025.09.22	01:04:54.782	0.93439				2
2025.09.22	01:04:55.084	0.93443	0.93468			6
2025.09.22	01:04:55.402		0.93469			4
2025.09.22	01:04:55.711	0.93442	0.93466			6
2025.09.22	01:04:56.018		0.93467			4
2025.09.22	01:04:58.127	0.93440	0.93462			6
2025.09.22	01:05:00.353	0.93439	0.93461			6
2025.09.22	01:05:00.720	0.93437				2
2025.09.22	01:05:01.632	0.93438				2
2025.09.22	01:05:04.600	0.93439				2
2025.09.22	01:05:06.435	0.93436				2
2025.09.22	01:05:09.205	0.93434	0.93459			6
2025.09.22	01:05:11.525		0.93458			4
2025.09.22	01:05:14.224		0.93459			4
2025.09.22	01:05:15.358	0.93431	0.93458			6
2025.09.22	01:05:15.677	0.93426				2
2025.09.22	01:05:18.046	0.93434				2
2025.09.22	01:05:22.776	0.93433	0.93457			6
2025.09.22	01:05:23.224	0.93434	0.93458			6
2025.09.22	01:05:23.614	0.93438	0.93460			6
2025.09.22	01:05:24.648	0.93437	0.93458			6
2025.09.22	01:05:27.692	0.93434				2
2025.09.22	01:05:29.417	0.93437	0.93461			6
2025.09.22	01:05:33.392	0.93438				2
2025.09.22	01:05:33.725	0.93437				2
2025.09.22	01:05:34.762	0.93436	0.93459			6
2025.09.22	01:05:37.629	0.93434	0.93457			6
2025.09.22	01:05:38.139	0.93426	0.93458			6
2025.09.22	01:05:38.445		0.93457			4
2025.09.22	01:05:41.827		0.93458			4
2025.09.22	01:05:44.818		0.93459			4
2025.09.22	01:05:45.819		0.93458			4
2025.09.22	01:05:48.327		0.93459			4
2025.09.22	01:05:49.626	0.93431				2
2025.09.22	01:05:52.481	0.93435	0.93458			6
2025.09.22	01:05:54.364	0.93436				2
2025.09.22	01:05:55.592	0.93435	0.93459			6
2025.09.22	01:05:57.576		0.93460			4
2025.09.22	01:05:58.857		0.93459			4
2025.09.22	01:05:59.169		0.93460			4
2025.09.22	01:05:59.964	0.93426	0.93458			6
2025.09.22	01:06:00.326	0.93426				2
2025.09.22	01:06:01.616	0.93435				2
2025.09.22	01:06:03.127	0.93436				2
2025.09.22	01:06:04.269	0.93426				2
2025.09.22	01:06:04.720	0.93435				2
2025.09.22	01:06:05.708		0.93459			4
2025.09.22	01:06:07.587	0.93436	0.93462			6
2025.09.22	01:06:07.916	0.93435	0.93460			6
2025.09.22	01:06:08.280	0.93434	0.93458			6
2025.09.22	01:06:08.583	0.93441	0.93467			6
2025.09.22	01:06:08.917	0.93436	0.93460			6
2025.09.22	01:06:14.363	0.93439				2
2025.09.22	01:06:14.705	0.93440	0.93466			6
2025.09.22	01:06:15.019	0.93443	0.93467			6
2025.09.22	01:06:17.410		0.93469			4
2025.09.22	01:06:17.739	0.93439				2
2025.09.22	01:06:18.595	0.93449	0.93470			6
2025.09.22	01:06:23.794	0.93446	0.93467			6
2025.09.22	01:06:25.323		0.93466			4
2025.09.22	01:06:29.020		0.93469			4
2025.09.22	01:06:39.788	0.93447				2
2025.09.22	01:06:40.103	0.93448				2
2025.09.22	01:06:44.346	0.93447	0.93470			6
2025.09.22	01:06:44.648	0.93446	0.93469			6
2025.09.22	01:06:51.150		0.93468			4
2025.09.22	01:06:52.324	0.93445				2
2025.09.22	01:07:00.617	0.93442	0.93467			6
2025.09.22	01:07:01.445		0.93466			4
2025.09.22	01:07:07.176	0.93439	0.93461			6
2025.09.22	01:07:08.843		0.93462			4
2025.09.22	01:07:15.725	0.93442	0.93466			6
2025.09.22	01:07:16.862		0.93468			4
2025.09.22	01:07:17.426		0.93463			4
2025.09.22	01:07:17.790	0.93441	0.93468			6
2025.09.22	01:07:18.192	0.93443	0.93467			6
2025.09.22	01:07:18.634	0.93445	0.93466			6
2025.09.22	01:07:21.542	0.93442	0.93463			6
2025.09.22	01:07:21.847	0.93438	0.93459			6
2025.09.22	01:07:27.124		0.93463			4
2025.09.22	01:07:27.438		0.93460			4
2025.09.22	01:07:27.749	0.93435				2
2025.09.22	01:07:32.886	0.93436				2
2025.09.22	01:07:37.626		0.93459			4
2025.09.22	01:07:39.887	0.93433				2
2025.09.22	01:07:47.588	0.93434	0.93457			6
2025.09.22	01:07:53.224	0.93433				2
2025.09.22	01:08:00.670	0.93425	0.93450			6
2025.09.22	01:08:02.237		0.93449			4
2025.09.22	01:08:05.591	0.93426	0.93454			6
2025.09.22	01:08:07.519		0.93452			4
2025.09.22	01:08:08.159	0.93425	0.93449			6
2025.09.22	01:08:11.175	0.93430				2
2025.09.22	01:08:14.447	0.93426	0.93453			6
2025.09.22	01:08:14.745	0.93427				2
2025.09.22	01:08:16.925	0.93434	0.93458			6
2025.09.22	01:08:25.986		0.93460			4
2025.09.22	01:08:27.424		0.93459			4
2025.09.22	01:08:28.345		0.93460			4
2025.09.22	01:08:40.216	0.93433	0.93457			6
2025.09.22	01:08:43.595	0.93434	0.93458			6
2025.09.22	01:08:55.556		0.93459			4
2025.09.22	01:08:56.344		0.93457			4
2025.09.22	01:09:00.165	0.93434	0.93458			6
2025.09.22	01:09:00.503		0.93459			4
2025.09.22	01:09:01.107		0.93458			4
2025.09.22	01:09:10.315		0.93457			4
2025.09.22	01:09:12.381		0.93458			4
2025.09.22	01:09:16.419		0.93457			4
2025.09.22	01:09:18.988		0.93458			4
2025.09.22	01:09:22.924	0.93436	0.93456			6
2025.09.22	01:09:23.254		0.93457			4
2025.09.22	01:09:26.353	0.93434				2
2025.09.22	01:09:35.548	0.93433				2
2025.09.22	01:09:36.724		0.93456			4
2025.09.22	01:09:41.597	0.93434	0.93457			6
2025.09.22	01:09:43.924		0.93456			4
2025.09.22	01:09:50.526		0.93457			4
2025.09.22	01:09:52.327		0.93456			4
2025.09.22	01:09:56.224	0.93433				2
2025.09.22	01:09:59.823		0.93457			4
2025.09.22	01:10:00.666	0.93434	0.93456			6
2025.09.22	01:10:01.001	0.93433	0.93457			6
2025.09.22	01:10:01.807	0.93434	0.93456			6
2025.09.22	01:10:03.009		0.93454			4
2025.09.22	01:10:09.291	0.93433	0.93455			6
2025.09.22	01:10:11.225	0.93434	0.93454			6
2025.09.22	01:10:12.813	0.93433	0.93453			6
2025.09.22	01:10:15.724	0.93432				2
2025.09.22	01:10:19.172	0.93428	0.93448			6
2025.09.22	01:10:19.596	0.93427				2
2025.09.22	01:10:25.120	0.93430	0.93450			6
2025.09.22	01:10:25.451		0.93452			4
2025.09.22	01:10:25.924	0.93431				2
2025.09.22	01:10:28.067	0.93430				2
2025.09.22	01:10:28.422		0.93451			4
2025.09.22	01:10:28.768		0.93452			4
2025.09.22	01:10:29.078		0.93451			4
2025.09.22	01:10:29.388	0.93432	0.93452			6
2025.09.22	01:10:29.707	0.93431				2
2025.09.22	01:10:30.428	0.93426	0.93449			6
2025.09.22	01:10:33.395	0.93430	0.93450			6
2025.09.22	01:10:33.698	0.93425	0.93449			6
2025.09.22	01:10:34.010	0.93430	0.93450			6
2025.09.22	01:10:34.318		0.93448			4
2025.09.22	01:10:34.622	0.93428	0.93449			6
2025.09.22	01:10:36.094	0.93426	0.93447			6
2025.09.22	01:10:36.399	0.93428				2
2025.09.22	01:10:39.933		0.93448			4
2025.09.22	01:10:40.430	0.93429				2
2025.09.22	01:10:44.269	0.93430				2
2025.09.22	01:10:45.423	0.93429				2
2025.09.22	01:11:00.561	0.93421	0.93446			6
2025.09.22	01:11:01.274		0.93445			4
2025.09.22	01:11:01.603		0.93448			4
2025.09.22	01:11:03.292		0.93447			4
2025.09.22	01:11:03.797		0.93446			4
2025.09.22	01:11:08.602		0.93447			4
2025.09.22	01:11:11.057		0.93448			4
2025.09.22	01:11:12.723		0.93447			4
2025.09.22	01:11:14.356		0.93446			4
2025.09.22	01:11:16.026		0.93442			4
2025.09.22	01:11:16.389	0.93422	0.93445			6
2025.09.22	01:11:18.126		0.93446			4
2025.09.22	01:11:22.325	0.93421				2
2025.09.22	01:11:23.390	0.93422				2
2025.09.22	01:11:28.825	0.93421	0.93445			6
2025.09.22	01:11:29.126		0.93446			4
2025.09.22	01:11:41.424	0.93424	0.93447			6
2025.09.22	01:11:45.583	0.93421				2
2025.09.22	01:11:48.239		0.93446			4
2025.09.22	01:11:48.618		0.93449			4
2025.09.22	01:11:50.224		0.93447			4
2025.09.22	01:12:01.025	0.93421	0.93446			6
2025.09.22	01:12:03.281		0.93445			4
2025.09.22	01:12:03.808		0.93448			4
2025.09.22	01:12:04.128		0.93444			4
2025.09.22	01:12:04.698	0.93420				2
2025.09.22	01:12:05.798	0.93419				2
2025.09.22	01:12:07.460	0.93420				2
2025.09.22	01:12:09.118	0.93418	0.93443			6
2025.09.22	01:12:12.471	0.93420				2
2025.09.22	01:12:13.625		0.93444			4
2025.09.22	01:12:14.663	0.93419				2
2025.09.22	01:12:14.972	0.93426	0.93446			6
2025.09.22	01:12:19.784	0.93422	0.93441			6
2025.09.22	01:12:31.602	0.93425	0.93443			6
2025.09.22	01:12:32.603	0.93424	0.93444			6
2025.09.22	01:12:33.759	0.93426	0.93443			6
2025.09.22	01:12:35.362	0.93425				2
2025.09.22	01:12:35.825	0.93424	0.93442			6
2025.09.22	01:12:37.323	0.93423				2
2025.09.22	01:12:40.224	0.93424	0.93443			6
2025.09.22	01:12:42.127	0.93423	0.93444			6
2025.09.22	01:12:45.227	0.93424	0.93441			6
2025.09.22	01:12:56.082	0.93425				2
2025.09.22	01:12:56.471	0.93418	0.93438			6
2025.09.22	01:12:56.802	0.93419				2
2025.09.22	01:12:57.355		0.93436			4
2025.09.22	01:12:59.297	0.93418				2
2025.09.22	01:12:59.807	0.93417				2
2025.09.22	01:13:00.123	0.93414	0.93435			6
2025.09.22	01:13:00.636		0.93436			4
2025.09.22	01:13:01.663	0.93416	0.93433			6
2025.09.22	01:13:02.582	0.93417	0.93437			6
2025.09.22	01:13:03.239	0.93415	0.93435			6
2025.09.22	01:13:10.385	0.93420	0.93436			6
2025.09.22	01:13:11.335	0.93414				2
2025.09.22	01:13:11.970	0.93420				2
2025.09.22	01:13:12.974	0.93419				2
2025.09.22	01:13:15.980	0.93420				2
2025.09.22	01:13:16.623	0.93419				2
2025.09.22	01:13:17.526	0.93420				2
2025.09.22	01:13:25.029	0.93419				2
2025.09.22	01:13:27.127		0.93437			4
2025.09.22	01:13:28.025		0.93436			4
2025.09.22	01:13:29.488	0.93422	0.93438			6
2025.09.22	01:13:38.294	0.93417	0.93436			6
2025.09.22	01:13:40.517	0.93416				2
2025.09.22	01:13:44.016		0.93437			4
2025.09.22	01:13:45.125	0.93419	0.93436			6
2025.09.22	01:13:45.443	0.93423	0.93439			6
2025.09.22	01:13:57.810	0.93419	0.93436			6
2025.09.22	01:14:00.641	0.93419				2
2025.09.22	01:14:01.023	0.93420	0.93437			6
2025.09.22	01:14:10.994	0.93422				2
2025.09.22	01:14:20.524		0.93440			4
2025.09.22	01:14:22.325	0.93423	0.93439			6
2025.09.22	01:14:29.051	0.93422				2
2025.09.22	01:14:41.730	0.93420				2
2025.09.22	01:14:45.380	0.93422				2
2025.09.22	01:14:57.594	0.93427	0.93444			6
2025.09.22	01:14:57.933	0.93428	0.93446			6
2025.09.22	01:14:58.783	0.93429	0.93444			6
2025.09.22	01:15:00.406	0.93430	0.93446			6
2025.09.22	01:15:01.923	0.93431				2
2025.09.22	01:15:06.186	0.93426	0.93443			6
2025.09.22	01:15:08.343		0.93442			4
2025.09.22	01:15:14.523		0.93443			4
2025.09.22	01:15:17.413		0.93442			4
2025.09.22	01:15:34.148	0.93424	0.93444			6
2025.09.22	01:15:42.813	0.93427				2
2025.09.22	01:15:43.812	0.93425	0.93443			6
2025.09.22	01:15:44.821	0.93424	0.93441			6
2025.09.22	01:15:45.723	0.93425				2
2025.09.22	01:15:49.595	0.93428	0.93443			6
2025.09.22	01:15:49.923	0.93429				2
2025.09.22	01:16:00.315	0.93429				2
2025.09.22	01:16:00.664	0.93423	0.93442			6
2025.09.22	01:16:01.742	0.93425	0.93441			6
2025.09.22	01:16:02.562		0.93440			4
2025.09.22	01:16:17.536	0.93426	0.93443			6
2025.09.22	01:16:27.601	0.93430	0.93445			6
2025.09.22	01:16:36.262	0.93431	0.93446			6
2025.09.22	01:16:45.367	0.93430	0.93445			6
2025.09.22	01:16:49.773	0.93429	0.93447			6
2025.09.22	01:16:55.297	0.93430	0.93446			6
2025.09.22	01:16:58.914	0.93431				2
2025.09.22	01:17:00.691	0.93431				2
2025.09.22	01:17:02.824		0.93447			4
2025.09.22	01:17:09.766	0.93432				2
2025.09.22	01:17:10.924	0.93431				2
2025.09.22	01:17:15.607	0.93434	0.93449			6
2025.09.22	01:17:16.106		0.93450			4
2025.09.22	01:17:17.901	0.93433	0.93449			6
2025.09.22	01:17:18.204		0.93448			4
2025.09.22	01:17:19.053	0.93432	0.93447			6
2025.09.22	01:17:28.325		0.93448			4
2025.09.22	01:17:36.128		0.93447			4
2025.09.22	01:17:37.492		0.93446			4
2025.09.22	01:17:45.369	0.93434	0.93449			6
2025.09.22	01:17:45.678		0.93450			4
2025.09.22	01:17:51.162	0.93431	0.93447			6
2025.09.22	01:17:51.490		0.93446			4
2025.09.22	01:18:00.683	0.93431				2
2025.09.22	01:18:01.325		0.93445			4
2025.09.22	01:18:01.697		0.93446			4
2025.09.22	01:18:02.920	0.93429	0.93443			6
2025.09.22	01:18:06.081	0.93428	0.93444			6
2025.09.22	01:18:06.580	0.93431	0.93446			6
2025.09.22	01:18:07.643	0.93432				2
2025.09.22	01:18:08.346		0.93447			4
2025.09.22	01:18:13.762	0.93435	0.93449			6
2025.09.22	01:18:15.871		0.93448			4
2025.09.22	01:18:16.798		0.93449			4
2025.09.22	01:18:19.045	0.93434				2
2025.09.22	01:18:22.152		0.93448			4
2025.09.22	01:18:23.318		0.93449			4
2025.09.22	01:18:25.391	0.93435	0.93448			6
2025.09.22	01:18:34.621	0.93436	0.93451			6
2025.09.22	01:18:36.654	0.93435				2
2025.09.22	01:18:38.013		0.93452			4
2025.09.22	01:18:38.726		0.93451			4
2025.09.22	01:18:39.760		0.93452			4
2025.09.22	01:18:41.836		0.93451			4
2025.09.22	01:18:42.168		0.93450			4
2025.09.22	01:18:42.867		0.93451			4
2025.09.22	01:18:43.179		0.93450			4
2025.09.22	01:18:45.258	0.93436				2
2025.09.22	01:18:45.590	0.93435				2
2025.09.22	01:18:46.236	0.93436				2
2025.09.22	01:18:47.247	0.93435				2
2025.09.22	01:18:49.920		0.93451			4
2025.09.22	01:18:50.283		0.93450			4
2025.09.22	01:18:50.671	0.93434				2
2025.09.22	01:18:51.674	0.93435				2
2025.09.22	01:18:52.361	0.93436	0.93449			6
2025.09.22	01:18:52.923		0.93450			4
2025.09.22	01:18:53.417		0.93449			4
2025.09.22	01:18:53.806		0.93450			4
2025.09.22	01:18:54.452		0.93449			4
2025.09.22	01:18:54.755		0.93450			4
2025.09.22	01:18:57.602		0.93449			4
2025.09.22	01:18:58.726		0.93450			4
2025.09.22	01:19:00.317	0.93436				2
2025.09.22	01:19:00.682	0.93434	0.93447			6
2025.09.22	01:19:01.131	0.93433	0.93448			6
2025.09.22	01:19:02.435	0.93446	0.93455			6
2025.09.22	01:19:03.041	0.93445	0.93457			6
2025.09.22	01:19:03.425	0.93440	0.93455			6
2025.09.22	01:19:04.106	0.93439				2
2025.09.22	01:19:04.449	0.93440				2
2025.09.22	01:19:05.879	0.93436				2
2025.09.22	01:19:07.797		0.93454			4
2025.09.22	01:19:08.524		0.93455			4
2025.09.22	01:19:09.872		0.93454			4
2025.09.22	01:19:10.624		0.93455			4
2025.09.22	01:19:10.974		0.93454			4
2025.09.22	01:19:11.524		0.93455			4
2025.09.22	01:19:12.010		0.93454			4
2025.09.22	01:19:12.423		0.93455			4
2025.09.22	01:19:13.627		0.93456			4
2025.09.22	01:19:16.151		0.93455			4
2025.09.22	01:19:16.625		0.93456			4
2025.09.22	01:19:17.224		0.93455			4
2025.09.22	01:19:17.826		0.93456			4
2025.09.22	01:19:18.221		0.93455			4
2025.09.22	01:19:29.106	0.93439	0.93456			6
2025.09.22	01:19:29.422	0.93444	0.93457			6
2025.09.22	01:19:31.029		0.93456			4
2025.09.22	01:19:31.358	0.93438	0.93457			6
2025.09.22	01:19:33.647	0.93439	0.93455			6
2025.09.22	01:19:34.023		0.93456			4
2025.09.22	01:19:34.443	0.93440	0.93455			6
2025.09.22	01:19:35.442	0.93439				2
2025.09.22	01:19:35.872		0.93456			4
2025.09.22	01:19:36.904	0.93440	0.93455			6
2025.09.22	01:19:38.136	0.93439				2
2025.09.22	01:19:38.939		0.93456			4
2025.09.22	01:19:39.589		0.93455			4
2025.09.22	01:19:40.013		0.93456			4
2025.09.22	01:19:40.625		0.93455			4
2025.09.22	01:19:41.584	0.93440				2
2025.09.22	01:19:42.697	0.93439	0.93456			6
2025.09.22	01:19:43.666	0.93440	0.93455			6
2025.09.22	01:19:44.059	0.93439	0.93456			6
2025.09.22	01:19:45.378	0.93440	0.93455			6
2025.09.22	01:19:46.011	0.93437	0.93454			6
2025.09.22	01:19:47.004	0.93440				2
2025.09.22	01:19:47.786	0.93438	0.93453			6
2025.09.22	01:19:48.133	0.93437				2
2025.09.22	01:19:49.982		0.93454			4
2025.09.22	01:19:50.336		0.93453			4
2025.09.22	01:19:50.854		0.93454			4
2025.09.22	01:19:51.833		0.93453			4
2025.09.22	01:19:54.347	0.93436	0.93454			6
2025.09.22	01:19:56.038		0.93453			4
2025.09.22	01:19:56.422	0.93437				2
2025.09.22	01:19:57.073	0.93436				2
2025.09.22	01:19:57.456	0.93437				2
2025.09.22	01:19:58.052	0.93436				2
2025.09.22	01:19:59.054	0.93437				2
2025.09.22	01:20:00.181	0.93436				2
2025.09.22	01:20:00.566	0.93439				2
2025.09.22	01:20:00.903	0.93438				2
2025.09.22	01:20:01.609	0.93444	0.93458			6
2025.09.22	01:20:02.293	0.93442	0.93457			6
2025.09.22	01:20:03.049	0.93441				2
2025.09.22	01:20:04.023	0.93440	0.93458			6
2025.09.22	01:20:04.359	0.93441	0.93457			6
2025.09.22	01:20:04.925	0.93440	0.93459			6
2025.09.22	01:20:05.229	0.93441	0.93457			6
2025.09.22	01:20:05.825		0.93458			4
2025.09.22	01:20:06.138	0.93442	0.93457			6
2025.09.22	01:20:07.024	0.93441	0.93458			6
2025.09.22	01:20:08.205		0.93457			4
2025.09.22	01:20:08.827		0.93458			4
2025.09.22	01:20:09.245		0.93457			4
2025.09.22	01:20:09.569	0.93440	0.93458			6
2025.09.22	01:20:10.415	0.93441	0.93457			6
2025.09.22	01:20:10.923		0.93458			4
2025.09.22	01:20:11.312		0.93457			4
2025.09.22	01:20:12.127	0.93440	0.93459			6
2025.09.22	01:20:12.447	0.93441	0.93458			6
2025.09.22	01:20:12.864	0.93440				2
2025.09.22	01:20:13.318	0.93442	0.93457			6
2025.09.22	01:20:13.649	0.93440	0.93459			6
2025.09.22	01:20:14.227	0.93441	0.93458			6
2025.09.22	01:20:15.123	0.93440				2
2025.09.22	01:20:15.456	0.93441				2
2025.09.22	01:20:16.324	0.93440				2
2025.09.22	01:20:18.601	0.93441				2
2025.09.22	01:20:19.604	0.93440				2
2025.09.22	01:20:21.671	0.93441				2
2025.09.22	01:20:22.136		0.93457			4
2025.09.22	01:20:22.439	0.93442	0.93458			6
2025.09.22	01:20:22.743	0.93443	0.93457			6
2025.09.22	01:20:23.743	0.93442	0.93455			6
2025.09.22	01:20:24.752		0.93456			4
2025.09.22	01:20:25.881		0.93455			4
2025.09.22	01:20:30.634	0.93443	0.93459			6
2025.09.22	01:20:43.923	0.93442				2
2025.09.22	01:20:44.338	0.93443				2
2025.09.22	01:20:47.439	0.93445	0.93458			6
2025.09.22	01:20:47.751	0.93446				2
2025.09.22	01:20:49.721	0.93445	0.93459			6
2025.09.22	01:20:51.735	0.93446				2
2025.09.22	01:20:52.348	0.93445				2
2025.09.22	01:20:55.989	0.93446				2
2025.09.22	01:20:56.524	0.93445				2
2025.09.22	01:20:57.030	0.93446				2
2025.09.22	01:20:58.058	0.93445				2
2025.09.22	01:20:58.450	0.93446				2
2025.09.22	01:20:59.119	0.93445				2
2025.09.22	01:21:00.161	0.93445				2
2025.09.22	01:21:00.616	0.93438	0.93451			6
2025.09.22	01:21:02.626	0.93439				2
2025.09.22	01:21:02.975	0.93438	0.93452			6
2025.09.22	01:21:03.310	0.93439				2
2025.09.22	01:21:03.757	0.93438				2
2025.09.22	01:21:04.186		0.93451			4
2025.09.22	01:21:06.260	0.93439				2
2025.09.22	01:21:06.614	0.93441	0.93453			6
2025.09.22	01:21:06.924	0.93440				2
2025.09.22	01:21:10.146		0.93454			4
2025.09.22	01:21:11.218	0.93441				2
2025.09.22	01:21:11.605	0.93439	0.93453			6
2025.09.22	01:21:11.923	0.93441				2
2025.09.22	01:21:12.645	0.93439	0.93454			6
2025.09.22	01:21:12.952	0.93441				2
2025.09.22	01:21:13.680	0.93439				2
2025.09.22	01:21:13.999	0.93441	0.93453			6
2025.09.22	01:21:15.234		0.93454			4
2025.09.22	01:21:15.929	0.93440	0.93453			6
2025.09.22	01:21:16.324	0.93441				2
2025.09.22	01:21:16.744	0.93439	0.93455			6
2025.09.22	01:21:17.058	0.93440	0.93453			6
2025.09.22	01:21:17.523	0.93441				2
2025.09.22	01:21:17.825	0.93439	0.93455			6
2025.09.22	01:21:18.142	0.93441	0.93454			6
2025.09.22	01:21:18.531	0.93439	0.93453			6
2025.09.22	01:21:19.034	0.93440	0.93452			6
2025.09.22	01:21:19.422		0.93453			4
2025.09.22	01:21:19.989		0.93452			4
2025.09.22	01:21:20.823	0.93439	0.93454			6
2025.09.22	01:21:21.170	0.93440				2
2025.09.22	01:21:22.204	0.93439				2
2025.09.22	01:21:23.525	0.93440				2
2025.09.22	01:21:23.917	0.93439	0.93453			6
2025.09.22	01:21:24.306	0.93440	0.93454			6
2025.09.22	01:21:25.730	0.93439				2
2025.09.22	01:21:26.118		0.93453			4
2025.09.22	01:21:26.430	0.93438				2
2025.09.22	01:21:26.772	0.93439				2
2025.09.22	01:21:27.156		0.93452			4
2025.09.22	01:21:27.517		0.93453			4
2025.09.22	01:21:28.308	0.93438				2
2025.09.22	01:21:29.341	0.93437	0.93450			6
2025.09.22	01:21:29.659	0.93435	0.93451			6
2025.09.22	01:21:29.987	0.93437				2
2025.09.22	01:21:30.621	0.93435	0.93452			6
2025.09.22	01:21:30.929	0.93436	0.93451			6
2025.09.22	01:21:31.264	0.93439	0.93452			6
2025.09.22	01:21:31.665		0.93453			4
2025.09.22	01:21:32.224		0.93452			4
2025.09.22	01:21:32.711		0.93453			4
2025.09.22	01:21:33.123		0.93452			4
2025.09.22	01:21:34.321		0.93453			4
2025.09.22	01:21:34.938	0.93440				2
2025.09.22	01:21:37.625	0.93438	0.93455			6
2025.09.22	01:21:37.947	0.93440	0.93453			6
2025.09.22	01:21:39.884	0.93439				2
2025.09.22	01:21:44.027	0.93440				2
2025.09.22	01:21:44.522	0.93439				2
2025.09.22	01:21:44.909	0.93438	0.93454			6
2025.09.22	01:21:45.241	0.93439	0.93451			6
2025.09.22	01:21:47.222		0.93452			4
2025.09.22	01:21:48.557	0.93438	0.93451			6
2025.09.22	01:21:51.135	0.93439	0.93452			6
2025.09.22	01:21:51.725	0.93438	0.93451			6
2025.09.22	01:21:54.626	0.93439	0.93452			6
2025.09.22	01:21:58.512	0.93440	0.93453			6
2025.09.22	01:21:59.350		0.93456			4
2025.09.22	01:21:59.666	0.93442	0.93455			6
2025.09.22	01:22:00.475	0.93436	0.93450			6
2025.09.22	01:22:00.779		0.93448			4
2025.09.22	01:22:01.823	0.93437	0.93450			6
2025.09.22	01:22:02.282		0.93449			4
2025.09.22	01:22:03.324		0.93450			4
2025.09.22	01:22:05.393		0.93451			4
2025.09.22	01:22:05.696	0.93435	0.93449			6
2025.09.22	01:22:06.080		0.93450			4
2025.09.22	01:22:07.465	0.93434				2
2025.09.22	01:22:11.492	0.93435				2
2025.09.22	01:22:18.053	0.93434	0.93448			6
2025.09.22	01:22:19.509	0.93433				2
2025.09.22	01:22:20.874	0.93434				2
2025.09.22	01:22:22.619	0.93433				2
2025.09.22	01:22:22.923	0.93434				2
2025.09.22	01:22:24.686	0.93433				2
2025.09.22	01:22:25.024	0.93434				2
2025.09.22	01:22:25.723	0.93433				2
2025.09.22	01:22:26.226	0.93434				2
2025.09.22	01:22:27.793	0.93433				2
2025.09.22	01:22:28.302	0.93434				2
2025.09.22	01:22:28.833		0.93449			4
2025.09.22	01:22:29.686	0.93430	0.93444			6
2025.09.22	01:22:31.239	0.93428				2
2025.09.22	01:22:32.848	0.93427	0.93445			6
2025.09.22	01:22:33.292	0.93428	0.93444			6
2025.09.22	01:22:33.937	0.93427				2
2025.09.22	01:22:34.332	0.93428	0.93443			6
2025.09.22	01:22:34.924	0.93429	0.93444			6
2025.09.22	01:22:35.369	0.93430	0.93443			6
2025.09.22	01:22:35.960	0.93428	0.93444			6
2025.09.22	01:22:36.424		0.93443			4
2025.09.22	01:22:36.989	0.93429	0.93444			6
2025.09.22	01:22:37.469	0.93428				2
2025.09.22	01:22:38.513		0.93443			4
2025.09.22	01:22:39.063		0.93444			4
2025.09.22	01:22:40.602		0.93443			4
2025.09.22	01:22:41.131		0.93444			4
2025.09.22	01:22:41.645	0.93431	0.93443			6
2025.09.22	01:22:41.985	0.93429				2
2025.09.22	01:22:45.364	0.93427	0.93445			6
2025.09.22	01:22:45.695	0.93428				2
2025.09.22	01:22:46.553		0.93444			4
2025.09.22	01:22:46.861	0.93426	0.93445			6
2025.09.22	01:22:47.494	0.93430	0.93443			6
2025.09.22	01:22:47.797	0.93431	0.93445			6
2025.09.22	01:22:48.528	0.93432	0.93444			6
2025.09.22	01:22:48.838	0.93431	0.93445			6
2025.09.22	01:22:49.550		0.93444			4
2025.09.22	01:22:50.225	0.93430	0.93445			6
2025.09.22	01:22:51.781	0.93431	0.93444			6
2025.09.22	01:22:53.524		0.93445			4
2025.09.22	01:22:53.884		0.93444			4
2025.09.22	01:22:54.426		0.93445			4
2025.09.22	01:22:54.758		0.93444			4
2025.09.22	01:22:56.224		0.93445			4
2025.09.22	01:22:56.963		0.93444			4
2025.09.22	01:22:57.723	0.93433	0.93449			6
2025.09.22	01:22:58.027	0.93434				2
2025.09.22	01:22:58.943	0.93433				2
2025.09.22	01:22:59.971	0.93434				2
2025.09.22	01:23:00.599	0.93434	0.93446			6
2025.09.22	01:23:02.315	0.93436	0.93448			6
2025.09.22	01:23:02.953	0.93435	0.93447			6
2025.09.22	01:23:03.323		0.93449			4
2025.09.22	01:23:06.449		0.93448			4
2025.09.22	01:23:07.416		0.93449			4
2025.09.22	01:23:08.133	0.93437	0.93448			6
2025.09.22	01:23:08.521	0.93438				2
2025.09.22	01:23:09.922	0.93432	0.93447			6
2025.09.22	01:23:21.870	0.93435	0.93450			6
2025.09.22	01:23:22.343	0.93436				2
2025.09.22	01:23:22.996	0.93437				2
2025.09.22	01:23:23.526	0.93436				2
2025.09.22	01:23:24.158	0.93437				2
2025.09.22	01:23:27.107		0.93449			4
2025.09.22	01:23:29.540	0.93436				2
2025.09.22	01:23:30.212	0.93437	0.93450			6
