<DATE>	<TIME>	<BID>	<ASK>	<LAST>	<VOLUME>	<FLAGS>
2025.01.20	00:02:13.282	0.93812	0.94036			6
2025.01.20	00:02:18.124	0.93813				2
2025.01.20	00:02:22.614	0.93809				2
2025.01.20	00:03:04.387	0.93810				2
2025.01.20	00:03:34.427	0.93811	0.94036			6
2025.01.20	00:04:03.203	0.93811				2
2025.01.20	00:04:03.820	0.93816				2
2025.01.20	00:04:42.056		0.94036			4
2025.01.20	00:05:00.460	0.93830	0.94049			6
2025.01.20	00:05:01.319	0.93846	0.94065			6
2025.01.20	00:05:01.689	0.93868	0.94088			6
2025.01.20	00:05:01.995	0.93820	0.94030			6
2025.01.20	00:05:03.187		0.94027			4
2025.01.20	00:05:05.225	0.93819	0.94028			6
2025.01.20	00:05:05.528		0.94027			4
2025.01.20	00:05:06.415		0.94026			4
2025.01.20	00:05:06.734	0.93821	0.94031			6
2025.01.20	00:05:07.042		0.94029			4
2025.01.20	00:05:08.696	0.93822	0.94037			6
2025.01.20	00:05:10.204	0.93828	0.94043			6
2025.01.20	00:05:11.328	0.93825	0.94039			6
2025.01.20	00:05:11.830	0.93824	0.94034			6
2025.01.20	00:05:12.343	0.93831	0.94031			6
2025.01.20	00:05:15.231		0.94029			4
2025.01.20	00:05:16.497		0.94027			4
2025.01.20	00:05:18.497	0.93830	0.94025			6
2025.01.20	00:05:22.065	0.93831	0.94026			6
2025.01.20	00:05:23.054	0.93830	0.94024			6
2025.01.20	00:05:24.075	0.93831	0.94025			6
2025.01.20	00:05:25.373	0.93826	0.94028			6
2025.01.20	00:05:27.272		0.94027			4
2025.01.20	00:05:29.786	0.93827	0.94041			6
2025.01.20	00:05:30.386		0.94042			4
2025.01.20	00:05:31.946		0.94040			4
2025.01.20	00:05:34.389		0.94039			4
2025.01.20	00:05:36.382	0.93834	0.94031			6
2025.01.20	00:05:39.992	0.93833	0.94029			6
2025.01.20	00:05:43.007	0.93829	0.94032			6
2025.01.20	00:05:48.863		0.94031			4
2025.01.20	00:05:53.143	0.93828	0.94028			6
2025.01.20	00:05:55.610	0.93831				2
2025.01.20	00:05:57.231	0.93830				2
2025.01.20	00:06:03.640	0.93830	0.94029			6
2025.01.20	00:06:04.526	0.93805	0.94040			6
2025.01.20	00:06:05.776		0.94038			4
2025.01.20	00:06:06.312		0.94035			4
2025.01.20	00:06:06.616	0.93825	0.94018			6
2025.01.20	00:06:09.009	0.93822	0.94016			6
2025.01.20	00:06:11.831		0.94013			4
2025.01.20	00:06:21.536		0.94012			4
2025.01.20	00:06:23.194	0.93814	0.94024			6
2025.01.20	00:06:23.617		0.94022			4
2025.01.20	00:06:24.180	0.93815	0.94021			6
2025.01.20	00:06:27.224		0.94019			4
2025.01.20	00:06:28.994	0.93813	0.94013			6
2025.01.20	00:06:29.762		0.94011			4
2025.01.20	00:06:30.544		0.94012			4
2025.01.20	00:06:37.037		0.94010			4
2025.01.20	00:06:42.175		0.94011			4
2025.01.20	00:06:43.688		0.94010			4
2025.01.20	00:06:48.543		0.94008			4
2025.01.20	00:06:48.862	0.93815				2
2025.01.20	00:06:50.542	0.93825	0.94020			6
2025.01.20	00:06:51.995	0.93827	0.94017			6
2025.01.20	00:07:00.994	0.93818	0.94019			6
2025.01.20	00:07:04.576	0.93860	0.94061			6
2025.01.20	00:07:05.725		0.94060			4
2025.01.20	00:07:07.923	0.93890	0.94103			6
2025.01.20	00:07:08.518		0.94115			4
2025.01.20	00:07:09.606	0.93891	0.94125			6
2025.01.20	00:07:09.993	0.93890	0.94117			6
2025.01.20	00:07:18.697		0.94109			4
2025.01.20	00:07:19.532	0.93896	0.94115			6
2025.01.20	00:07:20.207	0.93894	0.94108			6
2025.01.20	00:07:21.521	0.93895	0.94114			6
2025.01.20	00:07:22.236		0.94117			4
2025.01.20	00:07:22.664		0.94110			4
2025.01.20	00:07:37.210	0.93896	0.94131			6
2025.01.20	00:07:37.527	0.93895	0.94121			6
2025.01.20	00:07:38.006	0.93896	0.94131			6
2025.01.20	00:07:38.745	0.93895	0.94121			6
2025.01.20	00:07:39.251	0.93896	0.94127			6
2025.01.20	00:07:39.753	0.93895	0.94117			6
2025.01.20	00:07:40.245	0.93896	0.94127			6
2025.01.20	00:07:40.757	0.93895	0.94117			6
2025.01.20	00:07:41.247	0.93896	0.94127			6
2025.01.20	00:07:41.744	0.93895	0.94117			6
2025.01.20	00:07:42.243	0.93896	0.94127			6
2025.01.20	00:07:42.752	0.93895	0.94117			6
2025.01.20	00:07:43.247	0.93896	0.94127			6
2025.01.20	00:07:43.743	0.93895	0.94117			6
2025.01.20	00:07:44.258	0.93896	0.94127			6
2025.01.20	00:07:44.747	0.93895	0.94117			6
2025.01.20	00:07:45.246	0.93896	0.94127			6
2025.01.20	00:07:45.749	0.93895	0.94118			6
2025.01.20	00:07:46.254	0.93896	0.94127			6
2025.01.20	00:07:46.750	0.93895	0.94118			6
2025.01.20	00:07:47.243	0.93896	0.94127			6
2025.01.20	00:07:47.745	0.93895	0.94118			6
2025.01.20	00:07:48.249	0.93896	0.94127			6
2025.01.20	00:07:48.747	0.93895	0.94118			6
2025.01.20	00:07:49.256	0.93896	0.94127			6
2025.01.20	00:07:49.747	0.93895	0.94118			6
2025.01.20	00:07:50.244	0.93896	0.94127			6
2025.01.20	00:07:50.745	0.93895	0.94118			6
2025.01.20	00:07:51.261	0.93896	0.94127			6
2025.01.20	00:07:51.591		0.94122			4
2025.01.20	00:07:55.683		0.94126			4
2025.01.20	00:07:57.686	0.93895	0.94115			6
2025.01.20	00:07:58.190	0.93896	0.94126			6
2025.01.20	00:07:59.184	0.93895	0.94115			6
2025.01.20	00:07:59.684	0.93896	0.94126			6
2025.01.20	00:08:00.184	0.93896				2
2025.01.20	00:08:00.684	0.93895	0.94115			6
2025.01.20	00:08:18.948	0.93909	0.94125			6
2025.01.20	00:08:19.346	0.93915	0.94132			6
2025.01.20	00:09:04.012	0.93915				2
2025.01.20	00:09:19.444		0.94132			4
2025.01.20	00:09:40.187	0.93917	0.94127			6
2025.01.20	00:10:00.362	0.93917				2
2025.01.20	00:10:37.289		0.94122			4
2025.01.20	00:10:41.270		0.94109			4
2025.01.20	00:11:00.470	0.93917				2
2025.01.20	00:11:03.470	0.93859	0.94097			6
2025.01.20	00:11:04.666	0.93860				2
2025.01.20	00:11:05.168	0.93917	0.94109			6
2025.01.20	00:11:28.968	0.93916	0.94105			6
2025.01.20	00:12:00.168	0.93916				2
2025.01.20	00:12:29.270		0.94105			4
2025.01.20	00:12:46.459	0.93902	0.94113			6
2025.01.20	00:12:46.931	0.93896				2
2025.01.20	00:12:47.269	0.93895				2
2025.01.20	00:12:48.331	0.93908	0.94109			6
2025.01.20	00:12:49.176	0.93918	0.94103			6
2025.01.20	00:12:49.484	0.93861	0.94096			6
2025.01.20	00:13:00.679	0.93861				2
2025.01.20	00:13:11.662		0.94095			4
2025.01.20	00:13:49.078	0.93862				2
2025.01.20	00:13:49.493	0.93860	0.94096			6
2025.01.20	00:14:00.170	0.93860				2
2025.01.20	00:14:14.870	0.93903	0.94105			6
2025.01.20	00:14:17.870		0.94104			4
2025.01.20	00:14:23.837	0.93906				2
2025.01.20	00:14:48.443		0.94103			4
2025.01.20	00:15:00.484	0.93906	0.94101			6
2025.01.20	00:15:01.540	0.93860	0.94097			6
2025.01.20	00:15:54.349	0.93861	0.94096			6
2025.01.20	00:15:55.674	0.93860	0.94097			6
2025.01.20	00:15:57.431	0.93866	0.94090			6
2025.01.20	00:16:00.772	0.93866				2
2025.01.20	00:16:06.486	0.93907	0.94063			6
2025.01.20	00:16:08.368	0.93867	0.94090			6
2025.01.20	00:16:20.821	0.93907	0.94065			6
2025.01.20	00:16:21.128		0.94071			4
2025.01.20	00:16:21.632		0.94077			4
2025.01.20	00:16:22.229		0.94083			4
2025.01.20	00:16:22.634		0.94089			4
2025.01.20	00:16:23.006		0.94095			4
2025.01.20	00:16:23.397		0.94101			4
2025.01.20	00:16:24.026		0.94104			4
2025.01.20	00:16:24.428		0.94110			4
2025.01.20	00:16:24.834		0.94115			4
2025.01.20	00:16:32.349	0.93906				2
2025.01.20	00:16:32.760	0.93907				2
2025.01.20	00:16:37.664		0.94109			4
2025.01.20	00:16:41.642	0.93910	0.94114			6
2025.01.20	00:16:45.539	0.93933	0.94102			6
2025.01.20	00:16:45.966	0.93910	0.94114			6
2025.01.20	00:16:52.074	0.93911				2
2025.01.20	00:16:53.874		0.94113			4
2025.01.20	00:17:00.432	0.93911				2
2025.01.20	00:17:01.669	0.93912	0.94114			6
2025.01.20	00:17:06.082	0.93913				2
2025.01.20	00:17:06.710	0.93910	0.94111			6
2025.01.20	00:17:08.870	0.93909				2
2025.01.20	00:17:09.972		0.94110			4
2025.01.20	00:17:13.976	0.93910				2
2025.01.20	00:17:25.972		0.94109			4
2025.01.20	00:17:30.170	0.93911				2
2025.01.20	00:17:44.276		0.94108			4
2025.01.20	00:17:48.769	0.93912				2
2025.01.20	00:18:00.171	0.93912				2
2025.01.20	00:18:00.875	0.93928				2
2025.01.20	00:18:01.282	0.93922				2
2025.01.20	00:18:01.670	0.93919				2
2025.01.20	00:18:01.974	0.93913				2
2025.01.20	00:18:02.574	0.93912				2
2025.01.20	00:18:04.071		0.94107			4
2025.01.20	00:18:06.770	0.93913	0.94108			6
2025.01.20	00:18:14.870	0.93914				2
2025.01.20	00:18:17.232	0.93869	0.94085			6
2025.01.20	00:18:22.369		0.94084			4
2025.01.20	00:18:24.778	0.93870				2
2025.01.20	00:18:37.669		0.94083			4
2025.01.20	00:18:41.570	0.93871				2
2025.01.20	00:18:56.779	0.93872	0.94082			6
2025.01.20	00:19:00.086	0.93872				2
2025.01.20	00:19:07.670	0.93873	0.94081			6
2025.01.20	00:20:00.476	0.93873				2
2025.01.20	00:20:07.969		0.94081			4
2025.01.20	00:20:22.656	0.93871	0.94083			6
2025.01.20	00:20:33.472	0.93870	0.94084			6
2025.01.20	00:20:59.567	0.93867	0.94087			6
2025.01.20	00:21:00.681	0.93867				2
2025.01.20	00:21:59.558	0.93866	0.94088			6
2025.01.20	00:22:00.878	0.93866				2
2025.01.20	00:23:00.804	0.93866	0.94088			6
2025.01.20	00:24:00.472	0.93866				2
2025.01.20	00:24:01.670		0.94088			4
2025.01.20	00:25:00.325	0.93866				2
2025.01.20	00:25:02.872		0.94088			4
2025.01.20	00:25:31.370	0.93871	0.94083			6
2025.01.20	00:25:32.523	0.93873	0.94081			6
2025.01.20	00:25:41.227	0.93874	0.94080			6
2025.01.20	00:25:41.873	0.93873				2
2025.01.20	00:25:42.316	0.93874	0.94079			6
2025.01.20	00:25:48.287	0.93875				2
2025.01.20	00:26:00.769	0.93875				2
2025.01.20	00:26:01.971		0.94078			4
2025.01.20	00:26:10.369	0.93874				2
2025.01.20	00:26:12.006	0.93873				2
2025.01.20	00:26:22.669	0.93871				2
2025.01.20	00:26:26.569	0.93870				2
2025.01.20	00:26:43.969	0.93873				2
2025.01.20	00:26:49.968	0.93872				2
2025.01.20	00:26:56.570	0.93873				2
2025.01.20	00:26:56.882	0.93872	0.94079			6
2025.01.20	00:27:00.770	0.93872				2
2025.01.20	00:27:06.481	0.93873	0.94077			6
2025.01.20	00:27:07.069	0.93872	0.94078			6
2025.01.20	00:27:11.896		0.94079			4
2025.01.20	00:27:22.853	0.93873	0.94078			6
2025.01.20	00:27:23.275	0.93872				2
2025.01.20	00:27:28.848	0.93873				2
2025.01.20	00:27:29.269	0.93872				2
2025.01.20	00:27:34.669	0.93873	0.94077			6
2025.01.20	00:27:35.852	0.93872	0.94079			6
2025.01.20	00:27:39.866	0.93873	0.94077			6
2025.01.20	00:27:40.862		0.94078			4
2025.01.20	00:27:43.018		0.94077			4
2025.01.20	00:27:43.873	0.93872	0.94078			6
2025.01.20	00:27:46.622	0.93873	0.94077			6
2025.01.20	00:27:48.172	0.93872	0.94078			6
2025.01.20	00:27:50.270	0.93873	0.94077			6
2025.01.20	00:27:50.679		0.94078			4
2025.01.20	00:27:51.169	0.93872	0.94079			6
2025.01.20	00:27:51.865	0.93873	0.94078			6
2025.01.20	00:27:52.859	0.93872				2
2025.01.20	00:27:54.471	0.93873	0.94077			6
2025.01.20	00:27:54.863	0.93872	0.94078			6
2025.01.20	00:27:57.860	0.93873	0.94077			6
2025.01.20	00:27:58.854	0.93872	0.94078			6
2025.01.20	00:28:00.470	0.93872				2
2025.01.20	00:28:03.995	0.93873	0.94077			6
2025.01.20	00:28:07.863	0.93872	0.94078			6
2025.01.20	00:28:08.812	0.93873	0.94077			6
2025.01.20	00:28:09.854		0.94078			4
2025.01.20	00:28:14.815	0.93872	0.94079			6
2025.01.20	00:28:17.272		0.94078			4
2025.01.20	00:28:18.851	0.93873	0.94077			6
2025.01.20	00:28:25.851	0.93872	0.94079			6
2025.01.20	00:28:30.053	0.93873	0.94078			6
2025.01.20	00:28:31.888		0.94077			4
2025.01.20	00:28:32.939		0.94078			4
2025.01.20	00:28:38.856	0.93874	0.94077			6
2025.01.20	00:28:39.851	0.93873	0.94078			6
2025.01.20	00:28:45.478		0.94077			4
2025.01.20	00:28:51.860	0.93874				2
2025.01.20	00:28:52.847	0.93873	0.94078			6
2025.01.20	00:29:00.411	0.93874	0.94077			6
2025.01.20	00:29:00.839	0.93873				2
2025.01.20	00:29:08.272		0.94078			4
2025.01.20	00:29:17.859	0.93874	0.94077			6
2025.01.20	00:29:18.867	0.93873	0.94078			6
2025.01.20	00:29:24.864		0.94077			4
2025.01.20	00:29:26.276	0.93872	0.94078			6
2025.01.20	00:29:32.916	0.93874	0.94077			6
2025.01.20	00:29:33.920	0.93872	0.94078			6
2025.01.20	00:29:34.372	0.93873	0.94077			6
2025.01.20	00:29:35.037	0.93872	0.94078			6
2025.01.20	00:29:35.574	0.93873	0.94077			6
2025.01.20	00:29:40.040	0.93872	0.94078			6
2025.01.20	00:29:40.371	0.93873	0.94077			6
2025.01.20	00:29:45.851		0.94078			4
2025.01.20	00:29:46.872		0.94077			4
2025.01.20	00:29:54.890		0.94078			4
2025.01.20	00:30:00.101	0.93892	0.94068			6
2025.01.20	00:30:00.416	0.93893	0.94058			6
2025.01.20	00:30:04.981		0.94057			4
2025.01.20	00:30:12.353	0.93894				2
2025.01.20	00:30:21.905	0.93895	0.94056			6
2025.01.20	00:30:24.169		0.94055			4
2025.01.20	00:30:25.020	0.93896				2
2025.01.20	00:30:27.217		0.94054			4
2025.01.20	00:30:28.350	0.93895	0.94056			6
2025.01.20	00:30:28.664		0.94057			4
2025.01.20	00:30:29.154	0.93898	0.94055			6
2025.01.20	00:30:29.666	0.93895	0.94057			6
2025.01.20	00:30:30.162	0.93896				2
2025.01.20	00:30:30.500		0.94056			4
2025.01.20	00:30:30.995	0.93898	0.94054			6
2025.01.20	00:30:36.207		0.94055			4
2025.01.20	00:30:36.713		0.94054			4
2025.01.20	00:30:38.066	0.93895				2
2025.01.20	00:30:38.424	0.93898	0.94051			6
2025.01.20	00:30:38.749	0.93899	0.94052			6
2025.01.20	00:30:41.571	0.93887	0.94064			6
2025.01.20	00:30:42.142	0.93899	0.94050			6
2025.01.20	00:30:42.929		0.94049			4
2025.01.20	00:30:43.529	0.93898	0.94050			6
2025.01.20	00:30:43.974	0.93899				2
2025.01.20	00:30:44.281	0.93895	0.94044			6
2025.01.20	00:30:44.633	0.93901	0.94051			6
2025.01.20	00:30:44.943	0.93900	0.94053			6
2025.01.20	00:30:45.651		0.94050			4
2025.01.20	00:30:45.976	0.93901	0.94049			6
2025.01.20	00:30:47.184	0.93902				2
2025.01.20	00:30:48.470		0.94048			4
2025.01.20	00:30:51.172	0.93903	0.94047			6
2025.01.20	00:30:54.516	0.93904	0.94046			6
2025.01.20	00:30:54.842	0.93897	0.94040			6
2025.01.20	00:30:56.904	0.93898				2
2025.01.20	00:31:00.358	0.93898				2
2025.01.20	00:31:04.070		0.94039			4
2025.01.20	00:31:13.441	0.93897	0.94040			6
2025.01.20	00:31:14.449	0.93898				2
2025.01.20	00:31:14.942	0.93897				2
2025.01.20	00:31:15.685	0.93898	0.94039			6
2025.01.20	00:31:16.182		0.94040			4
2025.01.20	00:31:17.155		0.94039			4
2025.01.20	00:31:17.750		0.94040			4
2025.01.20	00:31:18.243		0.94039			4
2025.01.20	00:31:19.119	0.93897	0.94040			6
2025.01.20	00:31:19.619	0.93894	0.94036			6
2025.01.20	00:31:20.641	0.93893	0.94034			6
2025.01.20	00:31:21.137	0.93891	0.94036			6
2025.01.20	00:31:21.637	0.93892	0.94035			6
2025.01.20	00:31:22.143	0.93893				2
2025.01.20	00:31:22.474	0.93892	0.94036			6
2025.01.20	00:31:23.106	0.93891				2
2025.01.20	00:31:23.411	0.93892				2
2025.01.20	00:31:23.885	0.93893	0.94034			6
2025.01.20	00:31:24.387	0.93896	0.94037			6
2025.01.20	00:31:31.975	0.93895	0.94036			6
2025.01.20	00:31:39.806	0.93891	0.94034			6
2025.01.20	00:31:41.071	0.93892	0.94033			6
2025.01.20	00:31:41.572	0.93891				2
2025.01.20	00:31:42.071	0.93892				2
2025.01.20	00:31:42.626	0.93891				2
2025.01.20	00:31:43.116	0.93892				2
2025.01.20	00:31:43.516	0.93894	0.94035			6
2025.01.20	00:31:44.321	0.93895				2
2025.01.20	00:32:01.071	0.93895				2
2025.01.20	00:32:05.404	0.93894	0.94034			6
2025.01.20	00:32:11.874		0.94033			4
2025.01.20	00:32:15.032	0.93893	0.94032			6
2025.01.20	00:32:21.771		0.94033			4
2025.01.20	00:32:22.080	0.93882	0.94045			6
2025.01.20	00:32:31.366	0.93893	0.94034			6
2025.01.20	00:32:33.173		0.94033			4
2025.01.20	00:32:33.625		0.94034			4
2025.01.20	00:32:34.977	0.93894				2
2025.01.20	00:32:41.579	0.93893	0.94033			6
2025.01.20	00:32:58.069		0.94032			4
2025.01.20	00:33:00.361	0.93893				2
2025.01.20	00:33:09.769	0.93894				2
2025.01.20	00:33:18.469	0.93893	0.94031			6
2025.01.20	00:33:21.171	0.93894	0.94032			6
2025.01.20	00:33:25.074	0.93893	0.94031			6
2025.01.20	00:33:25.910	0.93894	0.94032			6
2025.01.20	00:33:40.071	0.93895				2
2025.01.20	00:33:43.072	0.93894	0.94031			6
2025.01.20	00:33:45.472	0.93893	0.94030			6
2025.01.20	00:33:49.670	0.93894	0.94031			6
2025.01.20	00:34:00.178	0.93894				2
2025.01.20	00:34:07.671		0.94030			4
2025.01.20	00:34:08.569		0.94031			4
2025.01.20	00:34:11.870	0.93895				2
2025.01.20	00:34:15.770		0.94030			4
2025.01.20	00:34:32.633	0.93911	0.94070			6
2025.01.20	00:34:33.171	0.93910				2
2025.01.20	00:34:44.302	0.93912	0.94068			6
2025.01.20	00:34:55.860	0.93911	0.94069			6
2025.01.20	00:34:56.873	0.93910	0.94070			6
2025.01.20	00:35:00.172	0.93910				2
2025.01.20	00:35:05.869	0.93911	0.94068			6
2025.01.20	00:35:07.677		0.94069			4
2025.01.20	00:35:14.810		0.94071			4
2025.01.20	00:35:32.869	0.93910	0.94069			6
2025.01.20	00:35:34.072		0.94071			4
2025.01.20	00:35:35.357		0.94070			4
2025.01.20	00:35:36.092	0.93906	0.94074			6
2025.01.20	00:35:36.472		0.94075			4
2025.01.20	00:35:41.224	0.93905	0.94076			6
2025.01.20	00:35:41.569		0.94075			4
2025.01.20	00:35:43.294	0.93910	0.94071			6
2025.01.20	00:35:47.452	0.93906	0.94076			6
2025.01.20	00:35:48.282		0.94075			4
2025.01.20	00:35:53.080	0.93905	0.94076			6
2025.01.20	00:35:53.799	0.93909	0.94073			6
2025.01.20	00:35:55.103		0.94072			4
2025.01.20	00:35:56.869		0.94073			4
2025.01.20	00:35:58.371		0.94072			4
2025.01.20	00:36:00.171	0.93909				2
2025.01.20	00:36:00.501	0.93910				2
2025.01.20	00:36:00.872	0.93909				2
2025.01.20	00:36:03.472	0.93910	0.94071			6
2025.01.20	00:36:04.107	0.93909	0.94072			6
2025.01.20	00:36:08.006		0.94071			4
2025.01.20	00:36:09.209	0.93910	0.94070			6
2025.01.20	00:36:12.173		0.94072			4
2025.01.20	00:36:14.570		0.94070			4
2025.01.20	00:36:16.916		0.94071			4
2025.01.20	00:36:19.113		0.94070			4
2025.01.20	00:36:20.311		0.94071			4
2025.01.20	00:36:27.802	0.93911	0.94070			6
2025.01.20	00:36:28.377		0.94069			4
2025.01.20	00:36:28.699	0.93910	0.94071			6
2025.01.20	00:36:30.171	0.93911				2
2025.01.20	00:36:34.072		0.94070			4
2025.01.20	00:36:35.604		0.94068			4
2025.01.20	00:36:36.173	0.93910	0.94070			6
2025.01.20	00:36:37.974		0.94069			4
2025.01.20	00:36:39.472	0.93911	0.94068			6
2025.01.20	00:36:43.376	0.93910				2
2025.01.20	00:36:47.278	0.93911				2
2025.01.20	00:36:50.091		0.94067			4
2025.01.20	00:36:52.373		0.94066			4
2025.01.20	00:36:56.601		0.94057			4
2025.01.20	00:37:01.061	0.93910	0.94058			6
2025.01.20	00:37:01.668		0.94060			4
2025.01.20	00:37:02.742	0.93911	0.94056			6
2025.01.20	00:37:03.705		0.94055			4
2025.01.20	00:37:05.253	0.93910	0.94056			6
2025.01.20	00:37:05.672	0.93912				2
2025.01.20	00:37:06.169	0.93911	0.94055			6
2025.01.20	00:37:06.472		0.94056			4
2025.01.20	00:37:08.269		0.94057			4
2025.01.20	00:37:09.119	0.93910				2
2025.01.20	00:37:09.460	0.93911	0.94064			6
2025.01.20	00:37:10.708		0.94066			4
2025.01.20	00:37:11.572	0.93909				2
2025.01.20	00:37:11.904	0.93911				2
2025.01.20	00:37:16.715	0.93909	0.94068			6
2025.01.20	00:37:17.706	0.93911	0.94065			6
2025.01.20	00:37:18.168		0.94063			4
2025.01.20	00:37:18.740		0.94062			4
2025.01.20	00:37:20.572	0.93912	0.94061			6
2025.01.20	00:37:21.173		0.94062			4
2025.01.20	00:37:25.376	0.93913				2
2025.01.20	00:37:27.478		0.94061			4
2025.01.20	00:37:36.239	0.93916	0.94066			6
2025.01.20	00:37:37.071		0.94069			4
2025.01.20	00:37:40.677		0.94068			4
2025.01.20	00:37:41.511		0.94067			4
2025.01.20	00:37:43.072		0.94068			4
2025.01.20	00:37:47.572		0.94067			4
2025.01.20	00:37:50.572	0.93917				2
2025.01.20	00:37:53.928	0.93916	0.94068			6
2025.01.20	00:37:58.071	0.93915				2
2025.01.20	00:38:00.681	0.93916				2
2025.01.20	00:38:06.171		0.94067			4
2025.01.20	00:38:08.919	0.93911				2
2025.01.20	00:38:09.470		0.94065			4
2025.01.20	00:38:10.351		0.94066			4
2025.01.20	00:38:12.774		0.94067			4
2025.01.20	00:38:21.880	0.93907	0.94069			6
2025.01.20	00:38:26.297	0.93906				2
2025.01.20	00:38:26.907	0.93907	0.94068			6
2025.01.20	00:38:27.771	0.93906	0.94069			6
2025.01.20	00:38:31.594	0.93905				2
2025.01.20	00:38:32.871		0.94070			4
2025.01.20	00:38:34.084	0.93906	0.94069			6
2025.01.20	00:38:43.072		0.94068			4
2025.01.20	00:38:46.093	0.93902	0.94016			6
2025.01.20	00:38:47.208	0.93900	0.94014			6
2025.01.20	00:38:49.671	0.93914	0.94060			6
2025.01.20	00:38:49.977	0.93910	0.94061			6
2025.01.20	00:38:51.170	0.93911	0.94059			6
2025.01.20	00:38:52.970		0.94060			4
2025.01.20	00:38:53.749		0.94058			4
2025.01.20	00:38:55.396		0.94059			4
2025.01.20	00:38:58.075		0.94058			4
2025.01.20	00:38:59.827	0.93909	0.94060			6
2025.01.20	00:39:00.146	0.93908	0.94061			6
2025.01.20	00:39:02.911	0.93905	0.94064			6
2025.01.20	00:39:03.362	0.93903	0.94066			6
2025.01.20	00:39:04.106	0.93901	0.94068			6
2025.01.20	00:39:04.476	0.93918	0.94051			6
2025.01.20	00:39:04.865	0.93921	0.94048			6
2025.01.20	00:39:05.273	0.93924	0.94045			6
2025.01.20	00:39:05.722	0.93919	0.94048			6
2025.01.20	00:39:06.232	0.93915	0.94052			6
2025.01.20	00:39:06.628	0.93914	0.94055			6
2025.01.20	00:39:07.973		0.94054			4
2025.01.20	00:39:09.169		0.94053			4
2025.01.20	00:39:10.371	0.93915				2
2025.01.20	00:39:12.769		0.94051			4
2025.01.20	00:39:16.370	0.93914				2
2025.01.20	00:39:16.676	0.93913				2
2025.01.20	00:39:27.961	0.93911	0.94053			6
2025.01.20	00:39:28.463	0.93906	0.94058			6
2025.01.20	00:39:28.958	0.93905	0.94059			6
2025.01.20	00:39:31.404		0.94060			4
2025.01.20	00:39:32.119	0.93916	0.94049			6
2025.01.20	00:39:32.474	0.93917	0.94048			6
2025.01.20	00:39:34.671		0.94049			4
2025.01.20	00:39:36.258		0.94048			4
2025.01.20	00:39:40.970	0.93902	0.94047			6
2025.01.20	00:39:41.282	0.93904	0.94012			6
2025.01.20	00:39:42.207	0.93897	0.94010			6
2025.01.20	00:39:43.714	0.93893	0.94014			6
2025.01.20	00:39:45.370	0.93898	0.94009			6
2025.01.20	00:39:45.772	0.93894	0.94013			6
2025.01.20	00:39:46.471	0.93895				2
2025.01.20	00:39:47.273	0.93896				2
2025.01.20	00:39:48.786	0.93895				2
2025.01.20	00:39:56.576	0.93896				2
2025.01.20	00:40:00.172	0.93896	0.94012			6
2025.01.20	00:40:01.373	0.93895	0.94013			6
2025.01.20	00:40:09.148	0.93897	0.94010			6
2025.01.20	00:40:12.169	0.93895				2
2025.01.20	00:40:13.380	0.93894	0.94011			6
2025.01.20	00:40:14.246	0.93912	0.94050			6
2025.01.20	00:40:15.171	0.93914	0.94048			6
2025.01.20	00:40:16.670	0.93912	0.94050			6
2025.01.20	00:40:23.151	0.93907	0.94055			6
2025.01.20	00:40:23.581	0.93904	0.94058			6
2025.01.20	00:40:41.288	0.93913	0.94049			6
2025.01.20	00:40:41.869		0.94048			4
2025.01.20	00:40:42.809	0.93912	0.94050			6
2025.01.20	00:40:45.770		0.94051			4
2025.01.20	00:40:53.037		0.94050			4
2025.01.20	00:40:57.058	0.93901	0.94004			6
2025.01.20	00:40:57.497	0.93910	0.94052			6
2025.01.20	00:41:04.374	0.93910				2
2025.01.20	00:41:11.517	0.93911	0.94051			6
2025.01.20	00:41:12.700	0.93901	0.94004			6
2025.01.20	00:41:13.002	0.93900				2
2025.01.20	00:41:13.501	0.93893	0.94012			6
2025.01.20	00:41:14.354	0.93901	0.94005			6
2025.01.20	00:41:14.860	0.93902	0.94004			6
2025.01.20	00:41:15.293	0.93900	0.94006			6
2025.01.20	00:41:16.707	0.93901	0.94005			6
2025.01.20	00:41:18.376	0.93899	0.94007			6
2025.01.20	00:41:19.073		0.94006			4
2025.01.20	00:41:20.120	0.93901	0.94005			6
2025.01.20	00:41:24.881	0.93902	0.94004			6
2025.01.20	00:41:34.669	0.93901	0.94003			6
2025.01.20	00:41:38.351	0.93900	0.94005			6
2025.01.20	00:41:39.471	0.93901	0.94003			6
2025.01.20	00:41:40.652		0.94004			4
2025.01.20	00:41:43.370	0.93900				2
2025.01.20	00:41:46.930	0.93901	0.94003			6
2025.01.20	00:41:52.979	0.93902				2
2025.01.20	00:42:00.615	0.93902				2
2025.01.20	00:42:04.069		0.94002			4
2025.01.20	00:42:04.414		0.94003			4
2025.01.20	00:42:08.407		0.94002			4
2025.01.20	00:42:22.412	0.93903				2
2025.01.20	00:42:23.598	0.93902				2
2025.01.20	00:42:25.071	0.93903				2
2025.01.20	00:42:27.472	0.93902				2
2025.01.20	00:42:35.551	0.93904	0.94003			6
2025.01.20	00:42:43.899	0.93905				2
2025.01.20	00:42:44.880	0.93903	0.94001			6
2025.01.20	00:42:45.768		0.94002			4
2025.01.20	00:42:46.372	0.93904				2
2025.01.20	00:42:59.875		0.94003			4
2025.01.20	00:43:01.969	0.93904				2
2025.01.20	00:43:05.756		0.94002			4
2025.01.20	00:43:06.172	0.93903				2
2025.01.20	00:43:07.915	0.93904				2
2025.01.20	00:43:14.385	0.93910	0.94053			6
2025.01.20	00:43:14.872	0.93911				2
2025.01.20	00:43:17.305	0.93904	0.94002			6
2025.01.20	00:43:18.028	0.93915	0.94019			6
2025.01.20	00:43:18.770	0.93917	0.94020			6
2025.01.20	00:43:19.921	0.93918	0.94018			6
2025.01.20	00:43:20.270		0.94020			4
2025.01.20	00:43:20.602	0.93914	0.94023			6
2025.01.20	00:43:20.982	0.93918	0.94020			6
2025.01.20	00:43:21.461	0.93916	0.94022			6
2025.01.20	00:43:22.175	0.93919	0.94019			6
2025.01.20	00:43:22.918	0.93918	0.94021			6
2025.01.20	00:43:23.714	0.93916	0.94022			6
2025.01.20	00:43:24.121	0.93911	0.94028			6
2025.01.20	00:43:24.588	0.93914	0.94025			6
2025.01.20	00:43:25.458	0.93913				2
2025.01.20	00:43:25.861		0.94026			4
2025.01.20	00:43:26.873		0.94025			4
2025.01.20	00:43:27.594	0.93905	0.94001			6
2025.01.20	00:43:28.129	0.93906	0.94003			6
2025.01.20	00:43:28.843	0.93905				2
2025.01.20	00:43:29.148		0.94001			4
2025.01.20	00:43:30.436	0.93904				2
2025.01.20	00:43:30.801	0.93899	0.94007			6
2025.01.20	00:43:31.148	0.93902	0.94003			6
2025.01.20	00:43:31.894	0.93903	0.94002			6
2025.01.20	00:43:32.228	0.93905	0.94001			6
2025.01.20	00:43:33.286	0.93903	0.94002			6
2025.01.20	00:43:33.769	0.93905	0.94001			6
2025.01.20	00:43:35.869		0.94000			4
2025.01.20	00:43:44.480	0.93920	0.94044			6
2025.01.20	00:43:44.910	0.93921	0.94042			6
2025.01.20	00:43:45.414	0.93905	0.94000			6
2025.01.20	00:43:45.940	0.93904				2
2025.01.20	00:43:46.351		0.94001			4
2025.01.20	00:43:46.694	0.93900	0.94004			6
2025.01.20	00:43:47.015	0.93902	0.94003			6
2025.01.20	00:43:47.502	0.93901				2
2025.01.20	00:43:48.171	0.93896	0.94008			6
2025.01.20	00:43:48.765	0.93898	0.94007			6
2025.01.20	00:43:49.071	0.93897				2
2025.01.20	00:43:49.371	0.93898	0.94006			6
2025.01.20	00:43:49.760	0.93897	0.94007			6
2025.01.20	00:43:50.872	0.93896	0.94008			6
2025.01.20	00:43:52.807	0.93893	0.94010			6
2025.01.20	00:43:54.509	0.93894				2
2025.01.20	00:43:55.370	0.93895	0.94009			6
2025.01.20	00:43:57.204	0.93893	0.94010			6
2025.01.20	00:43:58.616	0.93899	0.94006			6
2025.01.20	00:43:59.596	0.93905	0.94000			6
2025.01.20	00:44:00.151	0.93901	0.94004			6
2025.01.20	00:44:00.723	0.93899	0.94006			6
2025.01.20	00:44:03.205	0.93922	0.94016			6
2025.01.20	00:44:03.777	0.93898	0.94008			6
2025.01.20	00:44:04.351	0.93901				2
2025.01.20	00:44:05.606	0.93900	0.94009			6
2025.01.20	00:44:06.169	0.93899				2
2025.01.20	00:44:15.243	0.93884	0.94008			6
2025.01.20	00:44:15.909	0.93886	0.94006			6
2025.01.20	00:44:17.006	0.93885	0.94007			6
2025.01.20	00:44:18.278	0.93887	0.94006			6
2025.01.20	00:44:18.980	0.93888	0.94005			6
2025.01.20	00:44:19.976	0.93885	0.94007			6
2025.01.20	00:44:21.805	0.93887	0.94005			6
2025.01.20	00:44:22.522	0.93888	0.94004			6
2025.01.20	00:44:22.901	0.93886				2
2025.01.20	00:44:23.269	0.93889	0.94002			6
2025.01.20	00:44:23.872	0.93891	0.94000			6
2025.01.20	00:44:24.696	0.93892	0.93999			6
2025.01.20	00:44:25.073	0.93890				2
2025.01.20	00:44:25.672		0.93998			4
2025.01.20	00:44:26.570	0.93918	0.94029			6
2025.01.20	00:44:27.300	0.93919	0.94028			6
2025.01.20	00:44:27.955	0.93885	0.94003			6
2025.01.20	00:44:28.335	0.93887	0.94002			6
2025.01.20	00:44:29.743	0.93888	0.94001			6
2025.01.20	00:44:30.173	0.93916	0.94030			6
2025.01.20	00:44:30.622	0.93918	0.94028			6
2025.01.20	00:44:31.257	0.93883	0.94005			6
2025.01.20	00:44:31.613	0.93885	0.94003			6
2025.01.20	00:44:32.886	0.93886	0.94002			6
2025.01.20	00:44:34.261	0.93887	0.94001			6
2025.01.20	00:44:36.794	0.93916	0.94031			6
2025.01.20	00:44:37.624	0.93920	0.94027			6
2025.01.20	00:44:37.964	0.93886	0.94002			6
2025.01.20	00:44:38.631	0.93888	0.94001			6
2025.01.20	00:44:39.770		0.94000			4
2025.01.20	00:44:40.936	0.93887	0.94001			6
2025.01.20	00:44:42.173	0.93888				2
2025.01.20	00:44:43.425	0.93889	0.93999			6
2025.01.20	00:44:48.866	0.93890	0.93997			6
2025.01.20	00:44:50.570	0.93889				2
2025.01.20	00:44:52.834	0.93890				2
2025.01.20	00:44:53.654	0.93889	0.93998			6
2025.01.20	00:44:58.699	0.93887	0.94001			6
2025.01.20	00:44:59.454	0.93888	0.93999			6
2025.01.20	00:45:00.028	0.93889				2
2025.01.20	00:45:00.424	0.93920	0.94026			6
2025.01.20	00:45:00.796	0.93887	0.94001			6
2025.01.20	00:45:01.491		0.94000			4
2025.01.20	00:45:02.128		0.94027			4
2025.01.20	00:45:04.039	0.93888	0.94000			6
2025.01.20	00:45:04.900		0.93999			4
2025.01.20	00:45:05.431	0.93920	0.94025			6
2025.01.20	00:45:07.927	0.93901	0.93986			6
2025.01.20	00:45:08.306	0.93940	0.94006			6
2025.01.20	00:45:09.634	0.93901	0.93987			6
2025.01.20	00:45:10.104	0.93904	0.93984			6
2025.01.20	00:45:10.429	0.93912	0.93983			6
2025.01.20	00:45:11.348	0.93913	0.93982			6
2025.01.20	00:45:12.358	0.93907	0.93988			6
2025.01.20	00:45:13.023	0.93911	0.93985			6
2025.01.20	00:45:13.637	0.93912	0.93983			6
2025.01.20	00:45:14.542	0.93941	0.94013			6
2025.01.20	00:45:15.020	0.93938	0.94015			6
2025.01.20	00:45:15.505	0.93936	0.94018			6
2025.01.20	00:45:16.347	0.93910	0.93985			6
2025.01.20	00:45:17.128	0.93913	0.93983			6
2025.01.20	00:45:17.903	0.93917	0.93979			6
2025.01.20	00:45:18.204	0.93933	0.94024			6
2025.01.20	00:45:18.507	0.93939	0.94015			6
2025.01.20	00:45:20.437		0.94016			4
2025.01.20	00:45:20.829	0.93936	0.94018			6
2025.01.20	00:45:22.049	0.93907	0.93988			6
2025.01.20	00:45:24.086	0.93909	0.93987			6
2025.01.20	00:45:25.163		0.93986			4
2025.01.20	00:45:25.781	0.93910	0.93985			6
2025.01.20	00:45:26.423	0.93941	0.94013			6
2025.01.20	00:45:26.989	0.93940	0.94014			6
2025.01.20	00:45:32.272		0.94015			4
2025.01.20	00:45:35.875	0.93941	0.94014			6
2025.01.20	00:45:44.610		0.94013			4
2025.01.20	00:45:45.806	0.93940	0.94014			6
2025.01.20	00:45:47.832	0.93941				2
2025.01.20	00:45:48.658	0.93938	0.94016			6
2025.01.20	00:45:48.969		0.94015			4
2025.01.20	00:45:49.409	0.93937	0.94016			6
2025.01.20	00:45:50.982	0.93865	0.94056			6
2025.01.20	00:45:51.473	0.93871				2
2025.01.20	00:45:51.873	0.93865				2
2025.01.20	00:45:52.368	0.93866				2
2025.01.20	00:45:53.563	0.93878				2
2025.01.20	00:45:54.127	0.93874				2
2025.01.20	00:45:54.471	0.93877				2
2025.01.20	00:45:55.372	0.93879	0.94058			6
2025.01.20	00:45:55.974	0.93884				2
2025.01.20	00:45:56.869	0.93893				2
2025.01.20	00:45:57.182	0.93897				2
2025.01.20	00:45:57.771	0.93872				2
2025.01.20	00:45:58.100	0.93874				2
2025.01.20	00:45:58.419	0.93883				2
2025.01.20	00:45:58.721	0.93881				2
2025.01.20	00:45:59.028	0.93885				2
2025.01.20	00:45:59.874	0.93888				2
2025.01.20	00:46:00.358	0.93891				2
2025.01.20	00:46:00.683	0.93893				2
2025.01.20	00:46:01.071	0.93897				2
2025.01.20	00:46:01.970	0.93898				2
2025.01.20	00:46:02.415	0.93899	0.94057			6
2025.01.20	00:46:02.874	0.93918				2
2025.01.20	00:46:03.476	0.93911	0.94047			6
2025.01.20	00:46:03.973	0.93913	0.94046			6
2025.01.20	00:46:04.680	0.93916	0.94043			6
2025.01.20	00:46:05.581	0.93917	0.94041			6
2025.01.20	00:46:06.173	0.93918	0.94040			6
2025.01.20	00:46:06.776	0.93921	0.94039			6
2025.01.20	00:46:07.083	0.93922	0.94036			6
2025.01.20	00:46:07.969	0.93888	0.94023			6
2025.01.20	00:46:08.352	0.93890	0.94020			6
2025.01.20	00:46:08.714	0.93891				2
2025.01.20	00:46:09.174	0.93882	0.94018			6
2025.01.20	00:46:09.773		0.94017			4
2025.01.20	00:46:10.358	0.93883	0.94016			6
2025.01.20	00:46:10.675	0.93885	0.94014			6
2025.01.20	00:46:11.279	0.93886	0.94013			6
2025.01.20	00:46:11.880	0.93888	0.94011			6
2025.01.20	00:46:12.201	0.93889	0.94010			6
2025.01.20	00:46:12.766	0.93925	0.94012			6
2025.01.20	00:46:13.097	0.93926	0.94011			6
2025.01.20	00:46:13.464	0.93928	0.94008			6
2025.01.20	00:46:14.349	0.93933	0.94009			6
2025.01.20	00:46:14.672	0.93938	0.94014			6
2025.01.20	00:46:15.772	0.93944	0.94032			6
2025.01.20	00:46:16.076		0.94009			4
2025.01.20	00:46:16.509	0.93939	0.94014			6
2025.01.20	00:46:18.771	0.93938	0.94013			6
2025.01.20	00:46:19.364	0.93944	0.94010			6
2025.01.20	00:46:19.858	0.93941	0.94012			6
2025.01.20	00:46:20.873	0.93942				2
2025.01.20	00:46:25.638	0.93940	0.94013			6
2025.01.20	00:46:28.414	0.93943	0.94010			6
2025.01.20	00:46:28.888	0.93940	0.94013			6
2025.01.20	00:46:29.249	0.93944	0.94009			6
2025.01.20	00:46:29.558	0.93946	0.94011			6
2025.01.20	00:46:29.904		0.94008			4
2025.01.20	00:46:30.923		0.94026			4
2025.01.20	00:46:32.308	0.93943	0.94051			6
2025.01.20	00:46:32.690		0.94025			4
2025.01.20	00:46:33.394	0.93939	0.94032			6
2025.01.20	00:46:33.770		0.94030			4
2025.01.20	00:46:35.000	0.93940	0.94033			6
2025.01.20	00:46:35.570		0.94029			4
2025.01.20	00:46:35.906	0.93943	0.94028			6
2025.01.20	00:46:40.372	0.93942				2
2025.01.20	00:46:41.021		0.94026			4
2025.01.20	00:46:43.093	0.93941	0.94027			6
2025.01.20	00:46:45.778		0.94028			4
2025.01.20	00:46:47.994		0.94027			4
2025.01.20	00:46:48.471		0.94028			4
2025.01.20	00:46:49.253		0.94025			4
2025.01.20	00:46:50.428	0.93939	0.94001			6
2025.01.20	00:46:51.008	0.93941	0.94009			6
2025.01.20	00:46:52.074		0.94007			4
2025.01.20	00:46:52.671		0.94009			4
2025.01.20	00:47:00.366	0.93941				2
2025.01.20	00:47:02.110	0.93914	0.94018			6
2025.01.20	00:47:03.015	0.93915	0.94019			6
2025.01.20	00:47:03.922	0.93941	0.94009			6
2025.01.20	00:47:05.991	0.93939	0.94010			6
2025.01.20	00:47:06.469		0.94009			4
2025.01.20	00:47:06.773		0.94011			4
2025.01.20	00:47:07.196	0.93940	0.94010			6
2025.01.20	00:47:07.670		0.94011			4
2025.01.20	00:47:08.355		0.94010			4
2025.01.20	00:47:08.882	0.93941				2
2025.01.20	00:47:10.856	0.93938	0.94001			6
2025.01.20	00:47:17.318	0.93939	0.94002			6
2025.01.20	00:47:18.809	0.93938	0.94001			6
2025.01.20	00:47:20.860	0.93939	0.94002			6
2025.01.20	00:47:22.075	0.93938				2
2025.01.20	00:47:31.606	0.93939				2
2025.01.20	00:47:33.170		0.94003			4
2025.01.20	00:47:34.674		0.94002			4
2025.01.20	00:47:36.296	0.93940	0.94003			6
2025.01.20	00:47:39.772	0.93939				2
2025.01.20	00:47:47.129	0.93914	0.93997			6
2025.01.20	00:47:48.253	0.93915	0.93996			6
2025.01.20	00:47:49.370	0.93926				2
2025.01.20	00:47:56.488	0.93925				2
2025.01.20	00:47:56.928	0.93929	0.93993			6
2025.01.20	00:47:57.469	0.93928				2
2025.01.20	00:47:58.406		0.93994			4
2025.01.20	00:48:00.400	0.93928				2
2025.01.20	00:48:01.370		0.93993			4
2025.01.20	00:48:02.442	0.93927	0.93994			6
2025.01.20	00:48:03.780	0.93928				2
2025.01.20	00:48:04.083		0.93993			4
2025.01.20	00:48:06.778		0.93994			4
2025.01.20	00:48:07.978	0.93927				2
2025.01.20	00:48:09.170	0.93928	0.93993			6
2025.01.20	00:48:10.077	0.93927	0.93994			6
2025.01.20	00:48:12.006	0.93926	0.93996			6
2025.01.20	00:48:13.371	0.93925				2
2025.01.20	00:48:16.540	0.93928	0.93993			6
2025.01.20	00:48:16.969	0.93927	0.93994			6
2025.01.20	00:48:17.273	0.93928	0.93993			6
2025.01.20	00:48:18.354	0.93927	0.93994			6
2025.01.20	00:48:19.667	0.93928				2
2025.01.20	00:48:19.974	0.93929				2
2025.01.20	00:48:23.528	0.93926	0.93996			6
2025.01.20	00:48:34.374	0.93925				2
2025.01.20	00:48:36.772	0.93924				2
2025.01.20	00:48:38.112	0.93925	0.93997			6
2025.01.20	00:48:39.801	0.93926				2
2025.01.20	00:48:40.459	0.93925				2
2025.01.20	00:48:42.361		0.93998			4
2025.01.20	00:48:46.970	0.93924				2
2025.01.20	00:48:52.972	0.93925				2
2025.01.20	00:48:53.404	0.93910	0.94001			6
2025.01.20	00:48:53.722	0.93909	0.94002			6
2025.01.20	00:48:56.345	0.93911	0.93998			6
2025.01.20	00:48:57.170	0.93912	0.93997			6
2025.01.20	00:48:58.371	0.93914	0.93996			6
2025.01.20	00:48:59.873	0.93913				2
2025.01.20	00:49:01.673	0.93913				2
2025.01.20	00:49:05.021	0.93909	0.94000			6
2025.01.20	00:49:09.439	0.93919				2
2025.01.20	00:49:10.058	0.93924	0.93995			6
2025.01.20	00:49:10.370	0.93918	0.93993			6
2025.01.20	00:49:11.426	0.93917				2
2025.01.20	00:49:11.732	0.93918	0.93992			6
2025.01.20	00:49:12.956	0.93917				2
2025.01.20	00:49:13.370	0.93918				2
2025.01.20	00:49:14.271	0.93919				2
2025.01.20	00:49:16.075		0.93993			4
2025.01.20	00:49:19.375	0.93918				2
2025.01.20	00:49:21.771	0.93919				2
2025.01.20	00:49:23.488	0.93920				2
2025.01.20	00:49:25.070	0.93919				2
2025.01.20	00:49:26.820	0.93913	0.93998			6
2025.01.20	00:49:27.241		0.93999			4
2025.01.20	00:49:31.073	0.93912				2
2025.01.20	00:49:34.371	0.93913				2
2025.01.20	00:49:34.868	0.93912	0.93998			6
2025.01.20	00:49:35.459	0.93925				2
2025.01.20	00:49:35.767	0.93921				2
2025.01.20	00:49:38.750	0.93911				2
2025.01.20	00:49:40.395	0.93914	0.93995			6
2025.01.20	00:49:40.968	0.93913				2
2025.01.20	00:49:42.203	0.93915				2
2025.01.20	00:49:43.373		0.93994			4
2025.01.20	00:49:44.575		0.93995			4
2025.01.20	00:49:46.103	0.93916	0.93993			6
2025.01.20	00:49:46.594	0.93915	0.93994			6
2025.01.20	00:49:47.270	0.93913	0.93997			6
2025.01.20	00:49:47.869	0.93915	0.93994			6
2025.01.20	00:49:49.107	0.93913	0.93995			6
2025.01.20	00:49:49.675	0.93914				2
2025.01.20	00:49:50.247	0.93912	0.93998			6
2025.01.20	00:49:50.739	0.93916	0.93994			6
2025.01.20	00:49:51.198	0.93915				2
2025.01.20	00:49:51.508		0.93993			4
2025.01.20	00:49:58.969		0.93994			4
2025.01.20	00:50:00.470	0.93915				2
2025.01.20	00:50:03.009	0.93914	0.93995			6
2025.01.20	00:50:03.383	0.93917	0.93992			6
2025.01.20	00:50:03.737		0.93991			4
2025.01.20	00:50:04.373		0.93992			4
2025.01.20	00:50:09.738	0.93951	0.94026			6
2025.01.20	00:50:10.093	0.93924	0.94004			6
2025.01.20	00:50:10.857	0.93925	0.94003			6
2025.01.20	00:50:11.520	0.93922	0.93993			6
2025.01.20	00:50:11.883	0.93921	0.93990			6
2025.01.20	00:50:12.356	0.93920	0.93991			6
2025.01.20	00:50:12.848	0.93922	0.93990			6
2025.01.20	00:50:14.272	0.93921				2
2025.01.20	00:50:15.644	0.93920				2
2025.01.20	00:50:15.971	0.93919	0.93991			6
2025.01.20	00:50:17.826	0.93912	0.93998			6
2025.01.20	00:50:18.178	0.93915				2
2025.01.20	00:50:19.823	0.93921	0.93991			6
2025.01.20	00:50:20.144	0.93909	0.94001			6
2025.01.20	00:50:20.803	0.93918	0.93992			6
2025.01.20	00:50:22.349	0.93920	0.93989			6
2025.01.20	00:50:25.973	0.93921				2
2025.01.20	00:50:27.001	0.93922	0.93988			6
2025.01.20	00:50:27.689	0.93919	0.93991			6
2025.01.20	00:50:29.610		0.93992			4
2025.01.20	00:50:30.169	0.93918				2
2025.01.20	00:50:32.143	0.93920	0.93989			6
2025.01.20	00:50:32.570	0.93922				2
2025.01.20	00:50:34.074	0.93921	0.93990			6
2025.01.20	00:50:37.774	0.93919	0.93992			6
2025.01.20	00:50:40.486	0.93920	0.93991			6
2025.01.20	00:50:42.898	0.93919	0.93990			6
2025.01.20	00:50:43.674	0.93921	0.93989			6
2025.01.20	00:50:44.614		0.93990			4
2025.01.20	00:50:45.093	0.93917	0.93993			6
2025.01.20	00:50:46.141	0.93916				2
2025.01.20	00:50:50.869	0.93917				2
2025.01.20	00:50:52.704	0.93932	0.94008			6
2025.01.20	00:50:56.371	0.93933				2
2025.01.20	00:51:00.417	0.93932	0.94009			6
2025.01.20	00:51:01.410	0.93933	0.94007			6
2025.01.20	00:51:01.749	0.93934	0.94006			6
2025.01.20	00:51:02.376	0.93935	0.94005			6
2025.01.20	00:51:29.871		0.94004			4
2025.01.20	00:51:30.804	0.93934	0.94006			6
2025.01.20	00:51:31.156	0.93933	0.94005			6
2025.01.20	00:51:31.476	0.93934	0.94003			6
2025.01.20	00:51:31.816	0.93935	0.94002			6
2025.01.20	00:51:35.129		0.94001			4
2025.01.20	00:51:36.036	0.93933	0.94003			6
2025.01.20	00:51:37.088		0.94002			4
2025.01.20	00:51:38.299		0.94004			4
2025.01.20	00:51:39.057	0.93932	0.94005			6
2025.01.20	00:51:39.683	0.93934	0.94004			6
2025.01.20	00:51:40.078	0.93936	0.94001			6
2025.01.20	00:51:41.762		0.94002			4
2025.01.20	00:51:42.770	0.93935	0.94001			6
2025.01.20	00:52:00.128	0.93935				2
2025.01.20	00:52:01.379	0.93934	0.94000			6
2025.01.20	00:52:03.772	0.93935	0.94001			6
2025.01.20	00:52:04.676	0.93934	0.94000			6
2025.01.20	00:52:39.234		0.94001			4
2025.01.20	00:52:40.063		0.94000			4
2025.01.20	00:52:44.523	0.93935				2
2025.01.20	00:52:45.713	0.93934	0.94001			6
2025.01.20	00:52:51.771	0.93935	0.94000			6
2025.01.20	00:53:00.470	0.93935				2
2025.01.20	00:53:09.470	0.93934	0.93999			6
2025.01.20	00:53:18.178	0.93935				2
2025.01.20	00:53:20.573	0.93934				2
2025.01.20	00:53:22.670	0.93935				2
2025.01.20	00:53:23.537	0.93934				2
2025.01.20	00:53:25.972	0.93935				2
2025.01.20	00:53:28.070	0.93934				2
2025.01.20	00:53:30.202	0.93935				2
2025.01.20	00:53:45.257	0.93936				2
2025.01.20	00:53:49.669		0.94000			4
2025.01.20	00:53:51.471	0.93937				2
2025.01.20	00:53:52.975	0.93938	0.94001			6
2025.01.20	00:53:56.269	0.93937	0.94000			6
2025.01.20	00:53:56.875	0.93936				2
2025.01.20	00:54:00.804	0.93936				2
2025.01.20	00:54:05.469	0.93937				2
2025.01.20	00:54:06.353	0.93936	0.93999			6
2025.01.20	00:54:31.705		0.94000			4
2025.01.20	00:54:32.871	0.93935				2
2025.01.20	00:54:33.501	0.93936	0.93999			6
2025.01.20	00:54:41.570	0.93937				2
2025.01.20	00:54:42.523	0.93936	0.93998			6
2025.01.20	00:54:46.108		0.93999			4
2025.01.20	00:54:47.274	0.93937				2
2025.01.20	00:54:51.774	0.93936	0.93998			6
2025.01.20	00:54:56.872	0.93937				2
2025.01.20	00:55:00.390	0.93937				2
2025.01.20	00:55:24.773	0.93936				2
2025.01.20	00:55:31.673		0.93997			4
2025.01.20	00:55:39.474		0.93998			4
2025.01.20	00:56:00.680	0.93936				2
2025.01.20	00:56:01.404	0.93937				2
2025.01.20	00:56:12.476	0.93938	0.93999			6
2025.01.20	00:56:20.879	0.93936	0.93997			6
2025.01.20	00:56:37.242	0.93939	0.94000			6
2025.01.20	00:56:38.002	0.93942	0.94005			6
2025.01.20	00:56:38.331	0.93941				2
2025.01.20	00:56:38.737	0.93942				2
2025.01.20	00:56:39.173		0.94004			4
2025.01.20	00:56:40.524	0.93941	0.94005			6
2025.01.20	00:56:42.171	0.93942				2
2025.01.20	00:56:43.104	0.93941	0.94006			6
2025.01.20	00:56:44.577		0.94007			4
2025.01.20	00:56:45.215	0.93943	0.94004			6
2025.01.20	00:56:48.379	0.93944	0.94005			6
2025.01.20	00:56:49.039	0.93945	0.94006			6
2025.01.20	00:56:49.485	0.93946	0.94007			6
2025.01.20	00:56:50.162	0.93947	0.94008			6
2025.01.20	00:56:50.590	0.93945	0.94007			6
2025.01.20	00:56:50.903	0.93942	0.94013			6
2025.01.20	00:56:51.461	0.93945	0.94010			6
2025.01.20	00:56:51.938		0.94007			4
2025.01.20	00:56:52.488		0.94011			4
2025.01.20	00:56:52.828		0.94007			4
2025.01.20	00:56:53.703	0.93946	0.94008			6
2025.01.20	00:56:54.518		0.94009			4
2025.01.20	00:56:54.941	0.93945	0.94007			6
2025.01.20	00:56:57.169	0.93944	0.94005			6
2025.01.20	00:56:57.470	0.93946	0.94009			6
2025.01.20	00:56:57.782	0.93945				2
2025.01.20	00:56:58.126	0.93951	0.94063			6
2025.01.20	00:56:58.441	0.93941	0.94106			6
2025.01.20	00:56:58.744	0.93955	0.94108			6
2025.01.20	00:56:59.362	0.93959	0.94104			6
2025.01.20	00:56:59.698	0.93957	0.94106			6
2025.01.20	00:57:00.173	0.93956				2
2025.01.20	00:57:00.485	0.93957	0.94105			6
2025.01.20	00:57:01.105	0.93966	0.94097			6
2025.01.20	00:57:01.670	0.93967	0.94096			6
2025.01.20	00:57:02.571	0.93969	0.94093			6
2025.01.20	00:57:03.169	0.93972	0.94091			6
2025.01.20	00:57:03.533	0.93973	0.94089			6
2025.01.20	00:57:04.265	0.93974				2
2025.01.20	00:57:04.672	0.93977	0.94086			6
2025.01.20	00:57:05.202		0.94085			4
2025.01.20	00:57:05.570	0.93978	0.94084			6
2025.01.20	00:57:05.870	0.93980	0.94083			6
2025.01.20	00:57:06.189		0.94082			4
2025.01.20	00:57:06.770	0.93981	0.94081			6
2025.01.20	00:57:07.372	0.93982				2
2025.01.20	00:57:07.972	0.93983	0.94080			6
2025.01.20	00:57:08.576		0.94079			4
2025.01.20	00:57:09.119	0.93938	0.94124			6
2025.01.20	00:57:09.425	0.93977	0.94089			6
2025.01.20	00:57:09.941	0.93948	0.94115			6
2025.01.20	00:57:10.380	0.93952	0.94111			6
2025.01.20	00:57:10.971		0.94110			4
2025.01.20	00:57:11.281	0.93964	0.94099			6
2025.01.20	00:57:11.868	0.93969	0.94094			6
2025.01.20	00:57:12.378	0.93970	0.94092			6
2025.01.20	00:57:13.072	0.93972	0.94091			6
2025.01.20	00:57:13.424	0.93973	0.94090			6
2025.01.20	00:57:13.970	0.93974	0.94088			6
2025.01.20	00:57:14.374	0.93976	0.94087			6
2025.01.20	00:57:15.170		0.94086			4
2025.01.20	00:57:15.634	0.93949	0.94113			6
2025.01.20	00:57:16.374	0.93948	0.94114			6
2025.01.20	00:57:16.912	0.93952	0.94109			6
2025.01.20	00:57:17.488	0.93951	0.94111			6
2025.01.20	00:57:18.089	0.93950				2
2025.01.20	00:57:19.116	0.93957	0.94090			6
2025.01.20	00:57:19.810	0.93960	0.94086			6
2025.01.20	00:57:20.159	0.93952	0.94094			6
2025.01.20	00:57:21.096	0.93966	0.94080			6
2025.01.20	00:57:22.056	0.93962	0.94084			6
2025.01.20	00:57:22.504	0.93956	0.94075			6
2025.01.20	00:57:22.846	0.93959	0.94072			6
2025.01.20	00:57:23.233	0.93956	0.94076			6
2025.01.20	00:57:23.749	0.93955	0.94077			6
2025.01.20	00:57:25.351	0.93962	0.94070			6
2025.01.20	00:57:26.574	0.93954	0.94078			6
2025.01.20	00:57:27.204	0.93955	0.94077			6
2025.01.20	00:57:27.750	0.93941	0.94057			6
2025.01.20	00:57:28.070	0.93942				2
2025.01.20	00:57:28.702	0.93949	0.94048			6
2025.01.20	00:57:29.207	0.93953	0.94044			6
2025.01.20	00:57:29.609	0.93948	0.94048			6
2025.01.20	00:57:33.206	0.93947	0.94049			6
2025.01.20	00:57:33.782	0.93952	0.94044			6
2025.01.20	00:57:34.082	0.93947	0.94048			6
2025.01.20	00:57:34.602	0.93948	0.94049			6
2025.01.20	00:57:35.089	0.93953	0.94044			6
2025.01.20	00:57:35.623	0.93947	0.94050			6
2025.01.20	00:57:36.094	0.93953	0.94044			6
2025.01.20	00:57:37.373	0.93959	0.94038			6
2025.01.20	00:57:38.199	0.93958				2
2025.01.20	00:57:39.800		0.94039			4
2025.01.20	00:57:40.280	0.93959	0.94038			6
2025.01.20	00:57:44.602	0.93960	0.94037			6
2025.01.20	00:57:45.745	0.93945	0.94050			6
2025.01.20	00:57:46.058	0.93943	0.94052			6
2025.01.20	00:57:47.212		0.94049			4
2025.01.20	00:57:48.766	0.93951	0.94041			6
2025.01.20	00:57:49.221	0.93943	0.94050			6
2025.01.20	00:57:50.394	0.93951	0.94042			6
2025.01.20	00:57:51.455	0.93955	0.94038			6
2025.01.20	00:57:51.769		0.94037			4
2025.01.20	00:57:52.996	0.93949	0.94043			6
2025.01.20	00:57:53.892	0.93941	0.94051			6
2025.01.20	00:57:54.205	0.93947	0.94046			6
2025.01.20	00:57:54.902	0.93955	0.94037			6
2025.01.20	00:57:55.704	0.93954	0.94038			6
2025.01.20	00:57:56.207	0.93950	0.94042			6
2025.01.20	00:57:56.943	0.93954	0.94038			6
2025.01.20	00:57:57.472	0.93950	0.94042			6
2025.01.20	00:57:59.065	0.93956	0.94036			6
2025.01.20	00:57:59.497	0.93950	0.94043			6
2025.01.20	00:58:01.073	0.93960	0.94041			6
2025.01.20	00:58:02.165		0.94043			4
2025.01.20	00:58:03.154	0.93961	0.94041			6
2025.01.20	00:58:03.497		0.94040			4
2025.01.20	00:58:04.357	0.93960	0.94041			6
2025.01.20	00:58:05.589	0.93961	0.94040			6
2025.01.20	00:58:05.904	0.93962	0.94039			6
2025.01.20	00:58:07.075	0.93963	0.94038			6
2025.01.20	00:58:09.968	0.93962	0.94039			6
2025.01.20	00:58:11.141	0.93961				2
2025.01.20	00:58:14.317	0.93962	0.94037			6
2025.01.20	00:58:15.724	0.93963				2
2025.01.20	00:58:16.675	0.93958	0.94033			6
2025.01.20	00:58:19.412	0.93965	0.94039			6
2025.01.20	00:58:19.978	0.93963	0.94037			6
2025.01.20	00:58:24.120	0.93964	0.94038			6
2025.01.20	00:58:24.472	0.93963	0.94037			6
2025.01.20	00:58:26.308		0.94036			4
2025.01.20	00:58:32.249	0.93964				2
2025.01.20	00:58:49.078	0.93965				2
2025.01.20	00:58:52.674	0.93964	0.94037			6
2025.01.20	00:58:53.870	0.93965	0.94036			6
2025.01.20	00:58:54.497	0.93962	0.94039			6
2025.01.20	00:58:54.836	0.93958				2
2025.01.20	00:58:56.983	0.93959	0.94038			6
2025.01.20	00:58:58.042		0.94036			4
2025.01.20	00:59:02.077	0.93959	0.94037			6
2025.01.20	00:59:03.474	0.93960				2
2025.01.20	00:59:04.973	0.93961				2
2025.01.20	00:59:06.479	0.93958	0.94040			6
2025.01.20	00:59:10.311	0.93960	0.94038			6
2025.01.20	00:59:10.858	0.93958				2
2025.01.20	00:59:11.901	0.93961	0.94034			6
2025.01.20	00:59:12.207		0.94035			4
2025.01.20	00:59:16.679		0.94036			4
2025.01.20	00:59:17.756	0.93962	0.94033			6
2025.01.20	00:59:18.409	0.93956	0.94038			6
2025.01.20	00:59:18.770	0.93958				2
2025.01.20	00:59:20.473	0.93963	0.94033			6
2025.01.20	00:59:24.170	0.93962	0.94032			6
2025.01.20	00:59:28.105	0.93958	0.94037			6
2025.01.20	00:59:28.670	0.93964				2
2025.01.20	00:59:29.126	0.93968	0.94038			6
2025.01.20	00:59:37.376	0.93965				2
2025.01.20	00:59:37.684		0.94035			4
2025.01.20	00:59:43.401	0.93960	0.94039			6
2025.01.20	00:59:45.006	0.93961	0.94038			6
2025.01.20	00:59:45.654	0.93962				2
2025.01.20	00:59:46.382		0.94037			4
2025.01.20	00:59:47.311	0.93965	0.94034			6
2025.01.20	00:59:50.462	0.93964				2
2025.01.20	00:59:50.871	0.93965	0.94035			6
2025.01.20	00:59:52.449	0.93960	0.94040			6
2025.01.20	00:59:53.880		0.94041			4
2025.01.20	00:59:54.521	0.93965	0.94035			6
2025.01.20	00:59:58.742	0.93964	0.94034			6
2025.01.20	01:00:00.314	0.93958	0.94047			6
2025.01.20	01:00:00.623	0.93968	0.94038			6
2025.01.20	01:00:01.335	0.93964	0.94039			6
2025.01.20	01:00:01.783	0.93963	0.94040			6
2025.01.20	01:00:02.293	0.93957	0.94031			6
2025.01.20	01:00:02.610	0.93969	0.94044			6
2025.01.20	01:00:02.929	0.93972	0.94046			6
2025.01.20	01:00:04.137		0.94045			4
2025.01.20	01:00:04.441	0.93925	0.94038			6
2025.01.20	01:00:05.781	0.93940	0.94034			6
2025.01.20	01:00:06.185	0.93941				2
2025.01.20	01:00:07.420	0.93931	0.94032			6
2025.01.20	01:00:08.327	0.93930				2
2025.01.20	01:00:08.742	0.93954	0.94036			6
2025.01.20	01:00:09.123	0.93966				2
2025.01.20	01:00:09.547	0.93959	0.94037			6
2025.01.20	01:00:11.575	0.93936	0.94035			6
2025.01.20	01:00:12.209	0.93949	0.94030			6
2025.01.20	01:00:13.167		0.94029			4
2025.01.20	01:00:13.568		0.94025			4
2025.01.20	01:00:14.793	0.93955	0.94029			6
2025.01.20	01:00:15.128	0.93953	0.94031			6
2025.01.20	01:00:15.646		0.94030			4
2025.01.20	01:00:16.080	0.93961	0.94027			6
2025.01.20	01:00:16.382		0.94025			4
2025.01.20	01:00:16.842	0.93949	0.94026			6
2025.01.20	01:00:17.227	0.93950	0.94027			6
2025.01.20	01:00:17.569	0.93954				2
2025.01.20	01:00:18.861	0.93957	0.94025			6
2025.01.20	01:00:19.213	0.93958	0.94024			6
2025.01.20	01:00:21.028	0.93959				2
2025.01.20	01:00:22.386	0.93961	0.94025			6
2025.01.20	01:00:22.718	0.93959				2
2025.01.20	01:00:24.131	0.93960	0.94024			6
2025.01.20	01:00:24.540	0.93931	0.94017			6
2025.01.20	01:00:24.848	0.93928				2
2025.01.20	01:00:25.280	0.93926				2
2025.01.20	01:00:26.382		0.94018			4
2025.01.20	01:00:26.746	0.93929	0.94015			6
2025.01.20	01:00:27.172	0.93931				2
2025.01.20	01:00:28.120	0.93928	0.94016			6
2025.01.20	01:00:29.057	0.93927	0.94017			6
2025.01.20	01:00:30.334	0.93951	0.94020			6
2025.01.20	01:00:30.748		0.94019			4
2025.01.20	01:00:31.475	0.93954	0.94018			6
2025.01.20	01:00:34.321		0.94017			4
2025.01.20	01:00:39.170		0.94016			4
2025.01.20	01:00:39.950	0.93959	0.94018			6
2025.01.20	01:00:40.344	0.93963	0.94021			6
2025.01.20	01:00:40.671	0.93961	0.94019			6
2025.01.20	01:00:42.771		0.94018			4
2025.01.20	01:00:43.970	0.93960	0.94017			6
2025.01.20	01:00:44.509		0.94018			4
2025.01.20	01:00:45.173	0.93961	0.94020			6
2025.01.20	01:00:45.697	0.93936	0.94016			6
2025.01.20	01:00:47.274	0.93934				2
2025.01.20	01:00:48.986	0.93935				2
2025.01.20	01:00:50.195	0.93934	0.94017			6
2025.01.20	01:00:51.771		0.94016			4
2025.01.20	01:00:55.635	0.93937	0.94014			6
2025.01.20	01:00:57.132	0.93936				2
2025.01.20	01:00:59.570	0.93938	0.94012			6
2025.01.20	01:00:59.921	0.93937				2
2025.01.20	01:01:00.317	0.93936				2
2025.01.20	01:01:02.115		0.94011			4
2025.01.20	01:01:02.431		0.94010			4
2025.01.20	01:01:02.759	0.93937				2
2025.01.20	01:01:03.420	0.93936				2
2025.01.20	01:01:03.975	0.93937				2
2025.01.20	01:01:04.402	0.93938				2
2025.01.20	01:01:04.722	0.93939	0.94009			6
2025.01.20	01:01:05.271	0.93948	0.94008			6
2025.01.20	01:01:05.654	0.93955	0.94009			6
2025.01.20	01:01:12.771	0.93956	0.94008			6
2025.01.20	01:01:15.069	0.93935	0.94002			6
2025.01.20	01:01:15.769	0.93942				2
2025.01.20	01:01:17.872	0.93943	0.94001			6
2025.01.20	01:01:21.440	0.93944	0.93986			6
2025.01.20	01:01:21.742	0.93943				2
2025.01.20	01:01:22.392	0.93955	0.94003			6
2025.01.20	01:01:24.398	0.93949	0.94001			6
2025.01.20	01:01:24.769	0.93947	0.94002			6
2025.01.20	01:01:25.256	0.93946	0.94003			6
2025.01.20	01:01:26.271	0.93948	0.94001			6
2025.01.20	01:01:26.593	0.93947	0.94002			6
2025.01.20	01:01:30.218	0.93949	0.94003			6
2025.01.20	01:01:31.729		0.94002			4
2025.01.20	01:01:34.382	0.93952				2
2025.01.20	01:01:39.725	0.93958	0.94007			6
2025.01.20	01:01:48.173		0.94006			4
2025.01.20	01:01:50.269	0.93959				2
2025.01.20	01:01:52.393	0.93961				2
2025.01.20	01:01:56.214	0.93962				2
2025.01.20	01:01:57.383	0.93961				2
2025.01.20	01:01:59.402	0.93960				2
2025.01.20	01:02:00.400	0.93962				2
2025.01.20	01:02:00.703	0.93961				2
2025.01.20	01:02:01.072	0.93962				2
2025.01.20	01:02:05.270		0.94005			4
2025.01.20	01:02:05.626	0.93963				2
2025.01.20	01:02:05.936	0.93965				2
2025.01.20	01:02:07.475	0.93964	0.94006			6
2025.01.20	01:02:07.933	0.93969	0.94010			6
2025.01.20	01:02:08.392	0.93968				2
2025.01.20	01:02:08.872	0.93969	0.94014			6
2025.01.20	01:02:09.253	0.93972	0.94018			6
2025.01.20	01:02:09.707	0.93974				2
2025.01.20	01:02:10.389	0.93970	0.94021			6
2025.01.20	01:02:10.702	0.93978	0.94023			6
2025.01.20	01:02:11.036	0.93970				2
2025.01.20	01:02:11.387	0.93982	0.94026			6
2025.01.20	01:02:11.690	0.93974	0.94025			6
2025.01.20	01:02:12.171	0.93982	0.94026			6
2025.01.20	01:02:15.104	0.93977	0.94024			6
2025.01.20	01:02:16.164	0.93970				2
2025.01.20	01:02:16.468	0.93980	0.94026			6
2025.01.20	01:02:17.811	0.93967	0.94014			6
2025.01.20	01:02:18.122	0.93960				2
2025.01.20	01:02:18.438	0.93974	0.94017			6
2025.01.20	01:02:19.129	0.93973	0.94016			6
2025.01.20	01:02:23.270	0.93974				2
2025.01.20	01:02:24.419		0.94003			4
2025.01.20	01:02:24.803		0.94005			4
2025.01.20	01:02:25.223		0.94004			4
2025.01.20	01:02:25.679		0.94002			4
2025.01.20	01:02:26.871	0.93963	0.93999			6
2025.01.20	01:02:27.267	0.93964	0.93997			6
2025.01.20	01:02:27.623	0.93965	0.94001			6
2025.01.20	01:02:28.121		0.93998			4
2025.01.20	01:02:28.619	0.93964				2
2025.01.20	01:02:29.423	0.93965				2
2025.01.20	01:02:30.734		0.93999			4
2025.01.20	01:02:32.388		0.93998			4
2025.01.20	01:02:37.973		0.93996			4
2025.01.20	01:02:39.423		0.93998			4
2025.01.20	01:02:40.386		0.93996			4
2025.01.20	01:02:41.456		0.93997			4
2025.01.20	01:02:43.670	0.93966				2
2025.01.20	01:02:45.621		0.93998			4
2025.01.20	01:02:46.196	0.93965	0.94009			6
2025.01.20	01:02:47.574		0.94008			4
2025.01.20	01:02:48.488		0.94009			4
2025.01.20	01:02:49.298		0.93996			4
2025.01.20	01:02:49.716		0.93995			4
2025.01.20	01:02:50.871	0.93966				2
2025.01.20	01:02:51.472		0.93996			4
2025.01.20	01:02:52.381		0.93994			4
2025.01.20	01:02:54.304		0.93993			4
2025.01.20	01:02:55.422		0.93994			4
2025.01.20	01:02:55.731		0.93996			4
2025.01.20	01:02:56.757		0.93994			4
2025.01.20	01:02:57.618	0.93972	0.93998			6
2025.01.20	01:03:00.391	0.93972				2
2025.01.20	01:03:02.119		0.94001			4
2025.01.20	01:03:07.421		0.94000			4
2025.01.20	01:03:07.950		0.94001			4
2025.01.20	01:03:08.422	0.93971	0.94000			6
2025.01.20	01:03:10.391		0.93999			4
2025.01.20	01:03:12.078	0.93972				2
2025.01.20	01:03:12.381	0.93976	0.93996			6
2025.01.20	01:03:14.342		0.94013			4
2025.01.20	01:03:14.643		0.93995			4
2025.01.20	01:03:15.394		0.93997			4
2025.01.20	01:03:16.421		0.93995			4
2025.01.20	01:03:17.122		0.93996			4
2025.01.20	01:03:17.493		0.93998			4
2025.01.20	01:03:18.173		0.93997			4
2025.01.20	01:03:18.996	0.93975	0.93995			6
2025.01.20	01:03:19.469		0.93994			4
2025.01.20	01:03:20.307		0.94012			4
2025.01.20	01:03:27.084	0.93974	0.94014			6
2025.01.20	01:03:28.119	0.93973	0.94015			6
2025.01.20	01:03:28.423	0.93970	0.94013			6
2025.01.20	01:03:29.270		0.94012			4
2025.01.20	01:03:29.572	0.93974	0.94010			6
2025.01.20	01:03:31.395	0.93976	0.94011			6
2025.01.20	01:03:31.762	0.93972				2
2025.01.20	01:03:33.346	0.93973	0.94010			6
2025.01.20	01:03:34.068	0.93974	0.94009			6
2025.01.20	01:03:34.757	0.93957	0.94007			6
2025.01.20	01:03:35.066	0.93974	0.94009			6
2025.01.20	01:03:35.378	0.93973				2
2025.01.20	01:03:35.910	0.93974				2
2025.01.20	01:03:36.238		0.94010			4
2025.01.20	01:03:36.550		0.94009			4
2025.01.20	01:03:41.355	0.93973	0.94010			6
2025.01.20	01:03:42.417	0.93972				2
2025.01.20	01:03:43.970		0.94011			4
2025.01.20	01:03:46.279	0.93973				2
2025.01.20	01:03:47.822	0.93971	0.94012			6
2025.01.20	01:03:48.392	0.93972	0.94009			6
2025.01.20	01:03:49.402		0.94010			4
2025.01.20	01:03:50.663		0.94009			4
2025.01.20	01:03:53.870	0.93973				2
2025.01.20	01:03:55.200	0.93971				2
2025.01.20	01:03:56.264	0.93972	0.94008			6
2025.01.20	01:03:57.631		0.94009			4
2025.01.20	01:03:58.491		0.94008			4
2025.01.20	01:04:00.405	0.93972				2
2025.01.20	01:04:03.236	0.93977	0.94010			6
2025.01.20	01:04:04.279	0.93974	0.94006			6
2025.01.20	01:04:10.669	0.93975	0.94007			6
2025.01.20	01:04:25.102	0.93973	0.94009			6
2025.01.20	01:04:26.271	0.93974	0.94008			6
2025.01.20	01:04:27.369	0.93972	0.94010			6
2025.01.20	01:04:28.672	0.93973				2
2025.01.20	01:04:30.584	0.93979				2
2025.01.20	01:04:31.241	0.93976	0.94007			6
2025.01.20	01:04:31.576	0.93972	0.94006			6
2025.01.20	01:04:36.158	0.93971	0.94007			6
2025.01.20	01:04:36.921	0.93972				2
2025.01.20	01:04:37.800		0.94006			4
2025.01.20	01:04:41.042	0.93973	0.94005			6
2025.01.20	01:04:42.171	0.93974	0.94004			6
2025.01.20	01:04:42.817	0.93977	0.94007			6
2025.01.20	01:04:43.161	0.93974	0.94004			6
2025.01.20	01:04:45.771	0.93977	0.94007			6
2025.01.20	01:04:46.669	0.93971	0.94001			6
2025.01.20	01:04:47.460	0.93970	0.94002			6
2025.01.20	01:04:47.763	0.93967	0.93997			6
2025.01.20	01:04:48.082	0.93966	0.93995			6
2025.01.20	01:04:48.764	0.93964				2
2025.01.20	01:04:49.068	0.93965				2
2025.01.20	01:04:51.365	0.93967				2
2025.01.20	01:04:51.682		0.93997			4
2025.01.20	01:04:51.987	0.93970	0.93999			6
2025.01.20	01:04:55.370	0.93968				2
2025.01.20	01:04:55.794	0.93973	0.94002			6
2025.01.20	01:04:56.104	0.93975	0.93999			6
2025.01.20	01:05:00.114	0.93975				2
2025.01.20	01:05:00.421	0.93971				2
2025.01.20	01:05:00.729	0.93973	0.93998			6
2025.01.20	01:05:01.363	0.93976	0.94001			6
2025.01.20	01:05:04.361	0.93975				2
2025.01.20	01:05:04.970	0.93976				2
2025.01.20	01:05:06.171	0.93977				2
2025.01.20	01:05:07.070	0.93976				2
2025.01.20	01:05:12.771	0.93977				2
2025.01.20	01:05:15.202	0.93976				2
2025.01.20	01:05:17.271	0.93977				2
2025.01.20	01:05:21.953	0.93975	0.94003			6
2025.01.20	01:05:22.972	0.93976				2
2025.01.20	01:05:24.173	0.93990	0.93995			6
2025.01.20	01:05:26.003	0.93977	0.94002			6
2025.01.20	01:05:29.010	0.93975	0.93999			6
2025.01.20	01:05:29.459	0.93973	0.93997			6
2025.01.20	01:05:29.875	0.93974	0.93998			6
2025.01.20	01:05:41.871	0.93975	0.93999			6
2025.01.20	01:05:42.286	0.93977	0.94001			6
2025.01.20	01:05:43.381	0.93976	0.94000			6
2025.01.20	01:05:44.745	0.93972	0.93996			6
2025.01.20	01:05:46.069	0.93974	0.93998			6
2025.01.20	01:05:47.238		0.93997			4
2025.01.20	01:05:54.960	0.93972	0.93996			6
2025.01.20	01:05:56.870	0.93971	0.93997			6
2025.01.20	01:05:58.054	0.93972	0.93996			6
2025.01.20	01:06:00.497	0.93975	0.93998			6
2025.01.20	01:06:01.842		0.93993			4
2025.01.20	01:06:02.193	0.93971				2
2025.01.20	01:06:03.913		0.93992			4
2025.01.20	01:06:06.893	0.93970				2
2025.01.20	01:06:09.002	0.93969				2
2025.01.20	01:06:10.227	0.93970				2
2025.01.20	01:06:10.673	0.93969				2
2025.01.20	01:06:11.372	0.93972	0.93996			6
2025.01.20	01:06:12.860		0.93997			4
2025.01.20	01:06:14.514	0.93971				2
2025.01.20	01:06:14.822	0.93974				2
2025.01.20	01:06:15.770	0.93971				2
2025.01.20	01:06:16.598		0.93994			4
2025.01.20	01:06:16.904	0.93969				2
2025.01.20	01:06:19.260	0.93971	0.93993			6
2025.01.20	01:06:22.973	0.93970	0.93992			6
2025.01.20	01:06:27.627	0.93966	0.93989			6
2025.01.20	01:06:31.373	0.93963	0.93988			6
2025.01.20	01:06:34.370	0.93967				2
2025.01.20	01:06:39.170	0.93966	0.93989			6
2025.01.20	01:06:40.387	0.93967	0.93988			6
2025.01.20	01:06:48.759		0.93987			4
2025.01.20	01:06:53.054	0.93976	0.93981			6
2025.01.20	01:06:54.880	0.93967	0.93986			6
2025.01.20	01:06:55.758	0.93959	0.93978			6
2025.01.20	01:06:59.185		0.93981			4
2025.01.20	01:06:59.572	0.93962				2
2025.01.20	01:07:00.132	0.93962				2
2025.01.20	01:07:01.675	0.93961				2
2025.01.20	01:07:07.239	0.93962	0.93980			6
2025.01.20	01:07:10.982	0.93952	0.93975			6
2025.01.20	01:07:11.296	0.93954	0.93974			6
2025.01.20	01:07:11.605	0.93947	0.93970			6
2025.01.20	01:07:11.908	0.93948				2
2025.01.20	01:07:12.755	0.93946				2
2025.01.20	01:07:14.946		0.93969			4
2025.01.20	01:07:15.263	0.93947	0.93970			6
2025.01.20	01:07:16.688	0.93948				2
2025.01.20	01:07:19.072	0.93951	0.93972			6
2025.01.20	01:07:19.383	0.93956	0.93975			6
2025.01.20	01:07:19.684		0.93974			4
2025.01.20	01:07:21.171	0.93955				2
2025.01.20	01:07:22.370	0.93951				2
2025.01.20	01:07:23.571	0.93950				2
2025.01.20	01:07:26.162	0.93953	0.93971			6
2025.01.20	01:07:26.540	0.93950	0.93970			6
2025.01.20	01:07:26.893	0.93948	0.93971			6
2025.01.20	01:07:27.606	0.93950				2
2025.01.20	01:07:29.603	0.93951				2
2025.01.20	01:07:30.475	0.93950				2
2025.01.20	01:07:30.954	0.93952	0.93967			6
2025.01.20	01:07:31.262	0.93948				2
2025.01.20	01:07:33.471	0.93949				2
2025.01.20	01:07:37.210	0.93951	0.93971			6
2025.01.20	01:07:37.527		0.93968			4
2025.01.20	01:07:38.250	0.93950				2
2025.01.20	01:07:40.317		0.93970			4
2025.01.20	01:07:40.972	0.93952				2
2025.01.20	01:07:41.879	0.93951				2
2025.01.20	01:07:55.370	0.93952				2
2025.01.20	01:08:00.641	0.93952				2
2025.01.20	01:08:02.343	0.93950	0.93974			6
2025.01.20	01:08:02.681	0.93952	0.93973			6
2025.01.20	01:08:03.327	0.93951				2
2025.01.20	01:08:04.344	0.93952	0.93975			6
2025.01.20	01:08:04.713	0.93955				2
2025.01.20	01:08:05.859	0.93961	0.93980			6
2025.01.20	01:08:06.709	0.93958	0.93976			6
2025.01.20	01:08:07.356	0.93955	0.93975			6
2025.01.20	01:08:07.699	0.93959	0.93977			6
2025.01.20	01:08:08.041		0.93974			4
2025.01.20	01:08:08.345		0.93973			4
2025.01.20	01:08:09.470	0.93958				2
2025.01.20	01:08:11.485	0.93959				2
2025.01.20	01:08:11.849		0.93974			4
2025.01.20	01:08:12.171	0.93958				2
2025.01.20	01:08:12.477	0.93960	0.93977			6
2025.01.20	01:08:13.024	0.93959				2
2025.01.20	01:08:13.766	0.93955	0.93975			6
2025.01.20	01:08:14.089	0.93959	0.93977			6
2025.01.20	01:08:14.703	0.93955	0.93975			6
2025.01.20	01:08:16.180	0.93959	0.93978			6
2025.01.20	01:08:17.038	0.93962	0.93980			6
2025.01.20	01:08:18.853	0.93965	0.93985			6
2025.01.20	01:08:19.987	0.93964				2
2025.01.20	01:08:20.297	0.93965				2
2025.01.20	01:08:24.469	0.93964				2
2025.01.20	01:08:26.127	0.93966				2
2025.01.20	01:08:31.371	0.93965	0.93986			6
2025.01.20	01:08:36.772		0.93985			4
2025.01.20	01:08:46.480	0.93964	0.93984			6
2025.01.20	01:09:01.972	0.93966				2
2025.01.20	01:09:03.415	0.93965	0.93985			6
2025.01.20	01:09:04.881	0.93966				2
2025.01.20	01:09:05.186	0.93965				2
2025.01.20	01:09:06.764		0.93986			4
2025.01.20	01:09:07.070	0.93964	0.93985			6
2025.01.20	01:09:10.970		0.93986			4
2025.01.20	01:09:15.166	0.93965	0.93985			6
2025.01.20	01:09:15.471	0.93969	0.93986			6
2025.01.20	01:09:16.071	0.93965				2
2025.01.20	01:09:17.669	0.93964				2
2025.01.20	01:09:46.971	0.93965				2
2025.01.20	01:09:47.418	0.93964				2
2025.01.20	01:09:50.154	0.93965				2
2025.01.20	01:09:50.571	0.93969				2
2025.01.20	01:09:53.979	0.93968	0.93988			6
2025.01.20	01:09:54.288	0.93972	0.93992			6
2025.01.20	01:09:54.601	0.93970	0.93987			6
2025.01.20	01:09:54.914	0.93968				2
2025.01.20	01:09:55.801	0.93971	0.93988			6
2025.01.20	01:09:56.106	0.93972	0.93989			6
2025.01.20	01:09:57.774	0.93971	0.93988			6
2025.01.20	01:10:00.370	0.93971				2
2025.01.20	01:10:01.189	0.93973	0.93990			6
2025.01.20	01:10:04.125	0.93972	0.93989			6
2025.01.20	01:10:04.669	0.93973	0.93990			6
2025.01.20	01:10:09.773	0.93974				2
2025.01.20	01:10:11.510	0.93973				2
2025.01.20	01:10:12.020		0.93989			4
2025.01.20	01:10:12.334	0.93972	0.93990			6
2025.01.20	01:10:13.017	0.93971	0.93989			6
2025.01.20	01:10:15.470	0.93970				2
2025.01.20	01:10:16.971		0.93990			4
2025.01.20	01:10:17.661	0.93971	0.93989			6
2025.01.20	01:10:18.169		0.93988			4
2025.01.20	01:10:19.206	0.93972	0.93989			6
2025.01.20	01:10:19.917	0.93971	0.93988			6
2025.01.20	01:10:31.742	0.93965	0.93984			6
2025.01.20	01:10:33.171		0.93982			4
2025.01.20	01:10:34.257	0.93964	0.93984			6
2025.01.20	01:10:34.757	0.93969	0.93985			6
2025.01.20	01:10:36.139	0.93968				2
2025.01.20	01:10:36.765	0.93964	0.93983			6
2025.01.20	01:10:37.217	0.93966	0.93984			6
2025.01.20	01:10:37.672	0.93969	0.93985			6
2025.01.20	01:10:40.153	0.93965	0.93982			6
2025.01.20	01:10:40.655		0.93981			4
2025.01.20	01:10:43.659	0.93964				2
2025.01.20	01:10:45.471	0.93960				2
2025.01.20	01:10:45.811	0.93959	0.93975			6
2025.01.20	01:10:46.461		0.93976			4
2025.01.20	01:10:47.706		0.93975			4
2025.01.20	01:10:54.288	0.93955	0.93973			6
2025.01.20	01:10:56.870		0.93974			4
2025.01.20	01:10:57.351		0.93973			4
2025.01.20	01:10:59.755	0.93956				2
2025.01.20	01:11:00.471	0.93956				2
2025.01.20	01:11:01.509	0.93955				2
2025.01.20	01:11:03.574	0.93956				2
2025.01.20	01:11:04.541	0.93960	0.93980			6
2025.01.20	01:11:05.525	0.93956	0.93972			6
2025.01.20	01:11:06.283	0.93954	0.93970			6
2025.01.20	01:11:06.583	0.93952				2
2025.01.20	01:11:08.871	0.93953	0.93969			6
2025.01.20	01:11:10.202	0.93954				2
2025.01.20	01:11:11.367		0.93970			4
2025.01.20	01:11:11.869		0.93969			4
2025.01.20	01:11:20.250	0.93952				2
2025.01.20	01:11:21.471		0.93970			4
2025.01.20	01:11:21.774	0.93955	0.93971			6
2025.01.20	01:11:23.847		0.93972			4
2025.01.20	01:11:24.358	0.93956				2
2025.01.20	01:11:24.724	0.93958	0.93974			6
2025.01.20	01:11:27.174		0.93975			4
2025.01.20	01:11:28.672	0.93959				2
2025.01.20	01:11:31.973	0.93960	0.93977			6
2025.01.20	01:11:36.471		0.93978			4
2025.01.20	01:11:37.671	0.93959				2
2025.01.20	01:11:38.274		0.93975			4
2025.01.20	01:11:43.671	0.93960	0.93977			6
2025.01.20	01:11:53.871	0.93957	0.93976			6
2025.01.20	01:11:54.183	0.93956	0.93975			6
2025.01.20	01:11:54.488	0.93954	0.93970			6
2025.01.20	01:12:00.472	0.93954				2
2025.01.20	01:12:03.258	0.93956	0.93972			6
2025.01.20	01:12:03.888	0.93955	0.93971			6
2025.01.20	01:12:04.473	0.93957	0.93972			6
2025.01.20	01:12:06.042		0.93973			4
2025.01.20	01:12:24.372	0.93961	0.93977			6
2025.01.20	01:12:24.685		0.93976			4
2025.01.20	01:12:25.370	0.93962	0.93978			6
2025.01.20	01:12:46.694	0.93954	0.93968			6
2025.01.20	01:12:47.869		0.93969			4
2025.01.20	01:12:48.995	0.93951	0.93967			6
2025.01.20	01:12:49.303		0.93969			4
2025.01.20	01:12:49.699	0.93953	0.93967			6
2025.01.20	01:12:50.270		0.93968			4
2025.01.20	01:12:51.140		0.93969			4
2025.01.20	01:12:51.482	0.93955				2
2025.01.20	01:12:52.622		0.93970			4
2025.01.20	01:12:57.769	0.93956				2
2025.01.20	01:13:00.254	0.93955	0.93971			6
2025.01.20	01:13:00.605		0.93970			4
2025.01.20	01:13:01.754	0.93956				2
2025.01.20	01:13:05.059		0.93972			4
2025.01.20	01:13:05.459		0.93970			4
2025.01.20	01:13:16.673	0.93955				2
2025.01.20	01:13:18.471	0.93956				2
2025.01.20	01:13:26.644	0.93955	0.93971			6
2025.01.20	01:13:27.170	0.93954	0.93970			6
2025.01.20	01:13:31.069		0.93969			4
2025.01.20	01:13:47.355	0.93955				2
2025.01.20	01:13:48.471	0.93954				2
2025.01.20	01:13:59.869	0.93955				2
2025.01.20	01:14:01.370	0.93955				2
2025.01.20	01:14:06.471	0.93954				2
2025.01.20	01:14:06.782	0.93955	0.93970			6
2025.01.20	01:14:07.488	0.93956	0.93969			6
2025.01.20	01:14:09.327	0.93958	0.93972			6
2025.01.20	01:14:09.632	0.93959	0.93973			6
2025.01.20	01:14:17.573		0.93972			4
2025.01.20	01:14:18.772	0.93958				2
2025.01.20	01:14:19.083	0.93956	0.93969			6
2025.01.20	01:14:19.417		0.93970			4
2025.01.20	01:14:22.012	0.93955				2
2025.01.20	01:14:23.272		0.93971			4
2025.01.20	01:14:23.726		0.93969			4
2025.01.20	01:14:30.516	0.93954				2
2025.01.20	01:14:31.370	0.93955				2
2025.01.20	01:14:32.348	0.93954				2
2025.01.20	01:14:32.795	0.93953	0.93968			6
2025.01.20	01:14:34.126	0.93954	0.93970			6
2025.01.20	01:14:36.777		0.93969			4
2025.01.20	01:14:37.846	0.93952				2
2025.01.20	01:14:42.769		0.93970			4
2025.01.20	01:14:47.275	0.93953				2
2025.01.20	01:14:47.600	0.93954				2
2025.01.20	01:14:48.982		0.93969			4
2025.01.20	01:14:54.171		0.93970			4
2025.01.20	01:14:55.763	0.93956	0.93969			6
2025.01.20	01:14:56.083	0.93957	0.93970			6
2025.01.20	01:14:56.990	0.93954				2
2025.01.20	01:15:00.374	0.93955				2
2025.01.20	01:15:00.972	0.93954	0.93969			6
2025.01.20	01:15:01.790		0.93970			4
2025.01.20	01:15:02.469	0.93953				2
2025.01.20	01:15:02.782	0.93954				2
2025.01.20	01:15:03.084	0.93955	0.93972			6
2025.01.20	01:15:03.387	0.93954	0.93970			6
2025.01.20	01:15:03.693	0.93953	0.93967			6
2025.01.20	01:15:04.122		0.93968			4
2025.01.20	01:15:05.580	0.93957	0.93970			6
2025.01.20	01:15:05.890	0.93958	0.93971			6
2025.01.20	01:15:13.419	0.93957	0.93972			6
2025.01.20	01:15:14.349	0.93958	0.93971			6
2025.01.20	01:15:23.162		0.93973			4
2025.01.20	01:15:24.050	0.93955	0.93971			6
2025.01.20	01:15:24.363	0.93954	0.93970			6
2025.01.20	01:15:25.425	0.93955				2
2025.01.20	01:15:26.610		0.93969			4
2025.01.20	01:15:29.011	0.93954	0.93970			6
2025.01.20	01:15:32.455		0.93969			4
2025.01.20	01:15:34.328		0.93970			4
2025.01.20	01:15:34.723	0.93955				2
2025.01.20	01:15:36.770	0.93954	0.93969			6
2025.01.20	01:15:41.151	0.93956				2
2025.01.20	01:15:41.477		0.93970			4
2025.01.20	01:15:41.831	0.93955	0.93969			6
2025.01.20	01:15:42.981	0.93956	0.93972			6
2025.01.20	01:15:43.285	0.93958				2
2025.01.20	01:15:43.959		0.93973			4
2025.01.20	01:15:44.415	0.93957	0.93972			6
2025.01.20	01:15:49.177	0.93958				2
2025.01.20	01:15:51.929	0.93961	0.93973			6
2025.01.20	01:15:52.232	0.93960	0.93974			6
2025.01.20	01:15:53.002	0.93961				2
2025.01.20	01:15:54.513	0.93960				2
2025.01.20	01:15:55.182		0.93975			4
2025.01.20	01:15:58.178	0.93958	0.93974			6
2025.01.20	01:16:00.169	0.93958	0.93973			6
2025.01.20	01:16:01.323		0.93974			4
2025.01.20	01:16:03.516	0.93959				2
2025.01.20	01:16:04.650	0.93958				2
2025.01.20	01:16:07.086	0.93959				2
2025.01.20	01:16:11.606	0.93958				2
2025.01.20	01:16:13.070	0.93959				2
2025.01.20	01:16:13.478	0.93960	0.93975			6
2025.01.20	01:16:13.791	0.93961				2
2025.01.20	01:16:16.799		0.93976			4
2025.01.20	01:16:17.324	0.93962	0.93975			6
2025.01.20	01:16:18.407	0.93964	0.93978			6
2025.01.20	01:16:22.973	0.93963				2
2025.01.20	01:16:24.584		0.93979			4
2025.01.20	01:16:25.614		0.93978			4
2025.01.20	01:16:26.240	0.93962	0.93976			6
2025.01.20	01:16:26.925	0.93959	0.93973			6
2025.01.20	01:16:27.468		0.93972			4
2025.01.20	01:16:31.354	0.93955	0.93971			6
2025.01.20	01:16:39.151	0.93956				2
2025.01.20	01:16:39.774	0.93955				2
2025.01.20	01:16:41.273	0.93956				2
2025.01.20	01:16:41.580	0.93955				2
2025.01.20	01:16:46.669		0.93970			4
2025.01.20	01:16:48.772		0.93971			4
2025.01.20	01:16:52.072	0.93954				2
2025.01.20	01:16:53.637	0.93955				2
2025.01.20	01:16:56.096		0.93970			4
2025.01.20	01:17:00.641	0.93955				2
2025.01.20	01:17:04.091		0.93971			4
2025.01.20	01:17:04.943		0.93970			4
2025.01.20	01:17:06.074		0.93971			4
2025.01.20	01:17:08.342	0.93953	0.93970			6
2025.01.20	01:17:17.272	0.93954				2
2025.01.20	01:17:21.137		0.93971			4
2025.01.20	01:17:21.884	0.93952	0.93968			6
2025.01.20	01:17:29.075	0.93953				2
2025.01.20	01:17:31.498		0.93969			4
2025.01.20	01:17:34.141	0.93954				2
2025.01.20	01:17:35.860	0.93953				2
2025.01.20	01:17:36.165	0.93954	0.93970			6
2025.01.20	01:17:36.494	0.93953	0.93969			6
2025.01.20	01:17:39.413	0.93954				2
2025.01.20	01:17:41.245	0.93955				2
2025.01.20	01:17:41.591	0.93956	0.93970			6
2025.01.20	01:17:45.545	0.93955				2
2025.01.20	01:17:57.113		0.93969			4
2025.01.20	01:17:59.569		0.93970			4
2025.01.20	01:18:00.581	0.93957	0.93969			6
2025.01.20	01:18:00.884	0.93956	0.93970			6
2025.01.20	01:18:02.392	0.93960	0.93973			6
2025.01.20	01:18:03.052	0.93961	0.93972			6
2025.01.20	01:18:03.470		0.93973			4
2025.01.20	01:18:04.004	0.93960				2
2025.01.20	01:18:05.871		0.93972			4
2025.01.20	01:18:08.587	0.93961	0.93973			6
2025.01.20	01:18:09.961		0.93972			4
2025.01.20	01:18:12.879	0.93962	0.93973			6
2025.01.20	01:18:13.386	0.93961	0.93972			6
2025.01.20	01:18:14.158		0.93973			4
2025.01.20	01:18:16.026		0.93972			4
2025.01.20	01:18:18.421		0.93973			4
2025.01.20	01:18:20.631	0.93962				2
2025.01.20	01:18:23.440	0.93961				2
2025.01.20	01:18:24.483	0.93962				2
2025.01.20	01:18:24.863	0.93961	0.93974			6
2025.01.20	01:18:25.671		0.93973			4
2025.01.20	01:18:26.260		0.93974			4
2025.01.20	01:18:27.495	0.93962				2
2025.01.20	01:18:28.671	0.93961	0.93973			6
2025.01.20	01:18:29.009	0.93963	0.93974			6
2025.01.20	01:18:31.520		0.93975			4
2025.01.20	01:18:32.557	0.93962	0.93976			6
2025.01.20	01:18:35.272		0.93975			4
2025.01.20	01:18:35.587	0.93961	0.93974			6
2025.01.20	01:18:37.539	0.93963	0.93975			6
2025.01.20	01:18:37.844		0.93974			4
2025.01.20	01:18:38.427	0.93964	0.93975			6
2025.01.20	01:18:38.787	0.93963	0.93974			6
2025.01.20	01:18:42.169	0.93964				2
2025.01.20	01:18:51.174	0.93963				2
2025.01.20	01:18:53.727	0.93962	0.93975			6
2025.01.20	01:18:58.370	0.93963	0.93974			6
2025.01.20	01:19:00.462	0.93963				2
2025.01.20	01:19:01.971	0.93962				2
2025.01.20	01:19:03.943	0.93963				2
2025.01.20	01:19:08.978	0.93962				2
2025.01.20	01:19:10.067	0.93963				2
2025.01.20	01:19:12.451	0.93962				2
2025.01.20	01:19:14.313	0.93963	0.93973			6
2025.01.20	01:19:14.628	0.93962	0.93974			6
2025.01.20	01:19:14.938	0.93963	0.93973			6
2025.01.20	01:19:18.471		0.93974			4
2025.01.20	01:19:25.246	0.93964				2
2025.01.20	01:19:27.071	0.93963	0.93973			6
2025.01.20	01:19:31.655	0.93964	0.93974			6
2025.01.20	01:19:44.874		0.93973			4
2025.01.20	01:19:55.968	0.93965	0.93974			6
2025.01.20	01:20:00.223	0.93965				2
2025.01.20	01:20:01.157	0.93964	0.93976			6
2025.01.20	01:20:01.978	0.93965	0.93975			6
2025.01.20	01:20:03.478		0.93976			4
2025.01.20	01:20:04.069		0.93975			4
2025.01.20	01:20:07.672	0.93964				2
2025.01.20	01:20:09.169	0.93965				2
2025.01.20	01:20:10.908	0.93964				2
2025.01.20	01:20:14.101		0.93973			4
2025.01.20	01:20:27.395	0.93965	0.93974			6
2025.01.20	01:20:29.653	0.93964	0.93973			6
2025.01.20	01:20:30.757		0.93974			4
2025.01.20	01:20:31.670		0.93973			4
2025.01.20	01:20:46.071		0.93972			4
2025.01.20	01:20:47.739		0.93973			4
2025.01.20	01:20:52.122	0.93965	0.93974			6
2025.01.20	01:20:52.810	0.93963	0.93975			6
2025.01.20	01:20:53.414	0.93964				2
2025.01.20	01:20:54.256	0.93965	0.93974			6
2025.01.20	01:20:55.574		0.93973			4
2025.01.20	01:20:56.573	0.93964	0.93972			6
2025.01.20	01:20:57.402	0.93965	0.93973			6
2025.01.20	01:21:00.472	0.93965				2
2025.01.20	01:21:11.431	0.93964	0.93972			6
2025.01.20	01:21:12.172	0.93965	0.93973			6
2025.01.20	01:21:15.475	0.93964	0.93972			6
2025.01.20	01:21:15.796	0.93965	0.93973			6
2025.01.20	01:21:16.370	0.93964	0.93972			6
2025.01.20	01:21:16.670	0.93965	0.93973			6
2025.01.20	01:21:17.466	0.93964	0.93975			6
2025.01.20	01:21:17.870	0.93966				2
2025.01.20	01:21:18.171	0.93977	0.93985			6
2025.01.20	01:21:21.131		0.93986			4
2025.01.20	01:21:21.555	0.93978				2
2025.01.20	01:21:22.371	0.93979	0.93988			6
2025.01.20	01:21:25.755	0.93978				2
2025.01.20	01:21:26.203	0.93979	0.93987			6
2025.01.20	01:21:27.870	0.93978				2
2025.01.20	01:21:28.423		0.93986			4
2025.01.20	01:21:29.110		0.93987			4
2025.01.20	01:21:29.457	0.93979	0.93990			6
2025.01.20	01:21:29.868		0.93989			4
2025.01.20	01:21:30.341		0.93988			4
2025.01.20	01:21:31.294	0.93978	0.93987			6
2025.01.20	01:21:31.971	0.93979	0.93988			6
2025.01.20	01:21:32.274	0.93978	0.93987			6
2025.01.20	01:21:32.581	0.93979				2
2025.01.20	01:21:32.882		0.93988			4
2025.01.20	01:21:34.129		0.93989			4
2025.01.20	01:21:34.488	0.93978	0.93987			6
2025.01.20	01:21:34.971		0.93988			4
2025.01.20	01:21:35.546		0.93987			4
2025.01.20	01:21:36.344		0.93988			4
2025.01.20	01:21:36.718		0.93987			4
2025.01.20	01:21:38.917	0.93979				2
2025.01.20	01:21:39.737	0.93978	0.93988			6
2025.01.20	01:21:40.453	0.93979	0.93987			6
2025.01.20	01:21:44.473	0.93980	0.93988			6
2025.01.20	01:21:44.844		0.93989			4
2025.01.20	01:21:46.370		0.93990			4
2025.01.20	01:21:49.065		0.93989			4
2025.01.20	01:21:50.869		0.93990			4
2025.01.20	01:21:52.675		0.93989			4
2025.01.20	01:21:54.172		0.93990			4
2025.01.20	01:21:56.267	0.93981	0.93989			6
2025.01.20	01:21:57.477	0.93980				2
2025.01.20	01:21:58.969	0.93981				2
2025.01.20	01:22:00.487	0.93980				2
2025.01.20	01:22:03.469		0.93990			4
2025.01.20	01:22:03.772		0.93989			4
2025.01.20	01:22:04.283		0.93990			4
2025.01.20	01:22:07.969	0.93979				2
2025.01.20	01:22:22.370	0.93980				2
2025.01.20	01:22:33.306	0.93979	0.93991			6
2025.01.20	01:22:34.378	0.93980	0.93990			6
2025.01.20	01:22:47.371	0.93979				2
2025.01.20	01:22:50.275	0.93980	0.93989			6
2025.01.20	01:22:50.580	0.93979	0.93991			6
2025.01.20	01:22:50.884		0.93990			4
2025.01.20	01:22:53.572		0.93989			4
2025.01.20	01:22:54.332	0.93980	0.93988			6
2025.01.20	01:22:55.422	0.93985	0.93996			6
2025.01.20	01:22:55.742	0.93986	0.93995			6
2025.01.20	01:22:58.508	0.93985	0.93996			6
2025.01.20	01:23:00.149	0.93986	0.93995			6
2025.01.20	01:23:01.018	0.93988	0.93997			6
2025.01.20	01:23:01.331	0.93989	0.94000			6
2025.01.20	01:23:01.969		0.93999			4
2025.01.20	01:23:02.318	0.93988				2
2025.01.20	01:23:05.364	0.93983	0.93994			6
2025.01.20	01:23:05.683		0.93995			4
2025.01.20	01:23:07.960		0.93994			4
2025.01.20	01:23:08.571		0.93992			4
2025.01.20	01:23:08.951	0.93982	0.93991			6
2025.01.20	01:23:11.062	0.93983	0.93992			6
2025.01.20	01:23:11.373	0.93985	0.93997			6
2025.01.20	01:23:11.676		0.93996			4
2025.01.20	01:23:12.405	0.93984	0.93997			6
2025.01.20	01:23:12.800	0.93985	0.93996			6
2025.01.20	01:23:13.422	0.93984	0.93997			6
2025.01.20	01:23:14.274	0.93985				2
2025.01.20	01:23:14.637	0.93984				2
2025.01.20	01:23:17.441		0.93996			4
2025.01.20	01:23:18.986		0.93997			4
2025.01.20	01:23:21.469		0.93996			4
2025.01.20	01:23:21.985	0.93983				2
2025.01.20	01:23:22.669		0.93995			4
2025.01.20	01:23:23.001	0.93981	0.93992			6
2025.01.20	01:23:24.283		0.93991			4
2025.01.20	01:23:26.276		0.93992			4
2025.01.20	01:23:30.335	0.93980				2
2025.01.20	01:23:33.420	0.93979	0.93989			6
2025.01.20	01:23:34.347	0.93978	0.93990			6
2025.01.20	01:23:35.601	0.93979				2
2025.01.20	01:23:35.903	0.93981				2
2025.01.20	01:23:36.841	0.93980	0.93991			6
2025.01.20	01:23:37.194	0.93981	0.93990			6
2025.01.20	01:23:40.970	0.93982	0.93991			6
2025.01.20	01:23:41.971	0.93981	0.93992			6
2025.01.20	01:23:42.286	0.93982	0.93991			6
2025.01.20	01:23:43.985	0.93981	0.93992			6
2025.01.20	01:23:45.761	0.93980				2
2025.01.20	01:23:46.517		0.93991			4
2025.01.20	01:23:46.888	0.93979	0.93990			6
2025.01.20	01:23:47.388		0.93991			4
2025.01.20	01:23:47.822		0.93990			4
2025.01.20	01:23:48.587	0.93978				2
2025.01.20	01:23:48.964	0.93979				2
2025.01.20	01:23:49.305		0.93989			4
2025.01.20	01:23:49.920		0.93991			4
2025.01.20	01:23:50.225		0.93990			4
2025.01.20	01:23:51.361		0.93989			4
2025.01.20	01:23:52.239		0.93990			4
2025.01.20	01:23:54.171	0.93980				2
2025.01.20	01:23:55.794	0.93979				2
2025.01.20	01:23:56.875		0.93989			4
2025.01.20	01:23:57.191		0.93990			4
2025.01.20	01:23:59.293		0.93989			4
2025.01.20	01:24:00.632	0.93968	0.93978			6
2025.01.20	01:24:01.382	0.93969				2
2025.01.20	01:24:05.875	0.93966	0.93975			6
2025.01.20	01:24:07.325		0.93976			4
2025.01.20	01:24:10.352	0.93964				2
2025.01.20	01:24:12.173		0.93975			4
2025.01.20	01:24:15.706		0.93976			4
2025.01.20	01:24:16.213		0.93977			4
2025.01.20	01:24:17.190		0.93976			4
2025.01.20	01:24:17.519		0.93975			4
2025.01.20	01:24:17.987	0.93965	0.93974			6
2025.01.20	01:24:19.018	0.93966	0.93975			6
2025.01.20	01:24:22.789	0.93963				2
2025.01.20	01:24:24.200	0.93964	0.93974			6
2025.01.20	01:24:26.273	0.93963				2
2025.01.20	01:24:28.965		0.93975			4
2025.01.20	01:24:31.314	0.93964				2
2025.01.20	01:24:33.342	0.93966				2
2025.01.20	01:24:33.680	0.93961	0.93970			6
2025.01.20	01:24:34.346		0.93971			4
2025.01.20	01:24:34.672	0.93960	0.93969			6
2025.01.20	01:24:37.296	0.93958				2
2025.01.20	01:24:37.604	0.93957	0.93966			6
2025.01.20	01:24:40.371		0.93967			4
2025.01.20	01:24:45.761	0.93958	0.93968			6
2025.01.20	01:24:47.767	0.93959	0.93969			6
2025.01.20	01:24:51.775		0.93968			4
2025.01.20	01:24:53.645	0.93960	0.93969			6
2025.01.20	01:24:55.804	0.93961	0.93970			6
2025.01.20	01:24:58.344	0.93960				2
2025.01.20	01:25:00.260	0.93961				2
2025.01.20	01:25:04.040	0.93960				2
2025.01.20	01:25:04.361	0.93961				2
2025.01.20	01:25:13.594	0.93968	0.93978			6
2025.01.20	01:25:13.933		0.93979			4
2025.01.20	01:25:15.621	0.93969				2
2025.01.20	01:25:16.180	0.93967				2
2025.01.20	01:25:16.499		0.93977			4
2025.01.20	01:25:18.372	0.93966				2
2025.01.20	01:25:18.831	0.93965				2
2025.01.20	01:25:21.012	0.93966	0.93976			6
2025.01.20	01:25:21.868	0.93965	0.93974			6
2025.01.20	01:25:22.178		0.93976			4
2025.01.20	01:25:22.483	0.93964	0.93975			6
2025.01.20	01:25:22.824	0.93965				2
2025.01.20	01:25:23.679		0.93976			4
2025.01.20	01:25:24.220	0.93964	0.93973			6
2025.01.20	01:25:24.522	0.93963	0.93972			6
2025.01.20	01:25:25.159	0.93965	0.93975			6
2025.01.20	01:25:25.671		0.93976			4
2025.01.20	01:25:27.101		0.93975			4
2025.01.20	01:25:28.912	0.93964	0.93974			6
2025.01.20	01:25:29.626	0.93965	0.93975			6
2025.01.20	01:25:31.385	0.93966				2
2025.01.20	01:25:32.320	0.93965				2
2025.01.20	01:25:32.634		0.93976			4
2025.01.20	01:25:34.506	0.93963	0.93975			6
2025.01.20	01:25:34.871	0.93964				2
2025.01.20	01:25:35.195	0.93965	0.93976			6
2025.01.20	01:25:35.734	0.93964				2
2025.01.20	01:25:36.048	0.93963	0.93977			6
2025.01.20	01:25:36.369	0.93965	0.93975			6
2025.01.20	01:25:36.739		0.93977			4
2025.01.20	01:25:37.243	0.93964				2
2025.01.20	01:25:37.565	0.93965	0.93976			6
2025.01.20	01:25:37.868		0.93977			4
2025.01.20	01:25:38.661	0.93964	0.93976			6
2025.01.20	01:25:40.003		0.93975			4
2025.01.20	01:25:41.300	0.93965	0.93976			6
2025.01.20	01:25:44.627		0.93975			4
2025.01.20	01:25:45.230		0.93974			4
2025.01.20	01:25:45.673	0.93964	0.93977			6
2025.01.20	01:25:46.337	0.93965	0.93978			6
2025.01.20	01:25:47.796	0.93964	0.93977			6
2025.01.20	01:25:49.515	0.93965	0.93976			6
2025.01.20	01:25:50.872		0.93977			4
2025.01.20	01:25:51.340		0.93976			4
2025.01.20	01:25:57.772	0.93967				2
2025.01.20	01:25:58.959		0.93977			4
2025.01.20	01:26:00.480	0.93968	0.93978			6
2025.01.20	01:26:02.348	0.93967	0.93980			6
2025.01.20	01:26:02.665	0.93966	0.93978			6
2025.01.20	01:26:03.499	0.93965	0.93977			6
2025.01.20	01:26:04.010		0.93975			4
2025.01.20	01:26:05.481		0.93977			4
2025.01.20	01:26:07.403	0.93964	0.93976			6
2025.01.20	01:26:11.533		0.93977			4
2025.01.20	01:26:12.192		0.93976			4
2025.01.20	01:26:12.511		0.93977			4
2025.01.20	01:26:12.844		0.93976			4
2025.01.20	01:26:13.200		0.93977			4
2025.01.20	01:26:14.337	0.93965				2
2025.01.20	01:26:16.281	0.93964	0.93976			6
2025.01.20	01:26:16.673		0.93977			4
2025.01.20	01:26:18.031	0.93965				2
2025.01.20	01:26:18.423	0.93964				2
2025.01.20	01:26:19.432		0.93976			4
2025.01.20	01:26:20.522		0.93977			4
2025.01.20	01:26:21.477		0.93976			4
2025.01.20	01:26:22.921	0.93965				2
2025.01.20	01:26:23.869		0.93977			4
2025.01.20	01:26:24.282	0.93964	0.93975			6
2025.01.20	01:26:24.598		0.93973			4
2025.01.20	01:26:26.142	0.93963	0.93972			6
2025.01.20	01:26:26.462		0.93973			4
2025.01.20	01:26:30.568		0.93974			4
2025.01.20	01:26:30.874		0.93973			4
2025.01.20	01:26:31.616	0.93962	0.93972			6
2025.01.20	01:26:33.474	0.93961				2
2025.01.20	01:26:36.897	0.93963				2
2025.01.20	01:26:37.553	0.93962	0.93973			6
2025.01.20	01:26:38.273		0.93972			4
2025.01.20	01:26:39.642		0.93971			4
2025.01.20	01:26:40.497		0.93972			4
2025.01.20	01:26:42.371		0.93973			4
2025.01.20	01:26:43.130	0.93964	0.93974			6
2025.01.20	01:26:44.157	0.93963	0.93973			6
2025.01.20	01:26:46.973	0.93962				2
2025.01.20	01:26:47.868	0.93963	0.93972			6
2025.01.20	01:26:48.263	0.93964	0.93974			6
2025.01.20	01:26:49.258	0.93963	0.93973			6
2025.01.20	01:26:51.169	0.93962				2
2025.01.20	01:26:55.108	0.93963				2
2025.01.20	01:26:59.339	0.93962				2
2025.01.20	01:27:01.071	0.93963				2
2025.01.20	01:27:01.396	0.93966	0.93976			6
2025.01.20	01:27:02.086	0.93965				2
2025.01.20	01:27:03.470		0.93977			4
2025.01.20	01:27:04.356	0.93966				2
2025.01.20	01:27:05.448		0.93978			4
2025.01.20	01:27:07.138		0.93977			4
2025.01.20	01:27:07.575		0.93978			4
2025.01.20	01:27:11.570		0.93977			4
2025.01.20	01:27:12.751	0.93965	0.93978			6
2025.01.20	01:27:16.070		0.93977			4
2025.01.20	01:27:16.690		0.93978			4
2025.01.20	01:27:22.715		0.93975			4
2025.01.20	01:27:26.642	0.93963	0.93973			6
2025.01.20	01:27:49.531	0.93967	0.93979			6
2025.01.20	01:27:50.697		0.93978			4
2025.01.20	01:27:51.577	0.93966				2
2025.01.20	01:27:58.271	0.93965	0.93977			6
2025.01.20	01:27:59.553	0.93966	0.93978			6
2025.01.20	01:28:00.036	0.93966				2
2025.01.20	01:28:00.695	0.93965				2
2025.01.20	01:28:07.675	0.93966				2
2025.01.20	01:28:09.772	0.93965				2
2025.01.20	01:28:14.872		0.93977			4
2025.01.20	01:28:20.310	0.93963	0.93975			6
2025.01.20	01:28:21.066	0.93965	0.93976			6
2025.01.20	01:28:21.367		0.93977			4
2025.01.20	01:28:21.766		0.93978			4
2025.01.20	01:28:22.086	0.93963	0.93976			6
2025.01.20	01:28:24.472		0.93975			4
2025.01.20	01:28:29.320	0.93962				2
2025.01.20	01:28:30.114		0.93974			4
2025.01.20	01:28:32.903	0.93961				2
2025.01.20	01:28:33.480		0.93973			4
2025.01.20	01:28:35.000	0.93964	0.93975			6
2025.01.20	01:28:37.482	0.93965				2
2025.01.20	01:28:39.776	0.93964	0.93976			6
2025.01.20	01:28:41.870		0.93977			4
2025.01.20	01:28:42.192		0.93976			4
2025.01.20	01:28:58.039	0.93963	0.93975			6
2025.01.20	01:29:00.309	0.93963				2
2025.01.20	01:29:02.416	0.93962				2
2025.01.20	01:29:04.070	0.93964				2
2025.01.20	01:29:04.439	0.93963				2
2025.01.20	01:29:05.884		0.93974			4
2025.01.20	01:29:06.251		0.93976			4
2025.01.20	01:29:06.591		0.93975			4
2025.01.20	01:29:07.617	0.93962	0.93974			6
2025.01.20	01:29:08.610	0.93963				2
2025.01.20	01:29:10.671	0.93962				2
2025.01.20	01:29:11.934	0.93963				2
2025.01.20	01:29:12.471	0.93962				2
2025.01.20	01:29:13.681	0.93963				2
2025.01.20	01:29:14.085	0.93962	0.93975			6
2025.01.20	01:29:14.417	0.93963				2
2025.01.20	01:29:16.358	0.93964	0.93974			6
2025.01.20	01:29:17.167	0.93963	0.93976			6
2025.01.20	01:29:18.136	0.93962	0.93975			6
2025.01.20	01:29:23.569	0.93963				2
2025.01.20	01:29:24.671	0.93964				2
2025.01.20	01:29:26.160	0.93963	0.93976			6
2025.01.20	01:29:27.769		0.93975			4
2025.01.20	01:29:31.665	0.93964				2
2025.01.20	01:29:37.794		0.93976			4
2025.01.20	01:29:39.718		0.93975			4
2025.01.20	01:29:40.969		0.93976			4
2025.01.20	01:29:42.428	0.93962	0.93975			6
2025.01.20	01:29:43.256		0.93974			4
2025.01.20	01:29:44.206		0.93975			4
2025.01.20	01:29:44.871		0.93974			4
2025.01.20	01:29:46.010		0.93975			4
2025.01.20	01:29:46.871	0.93963				2
2025.01.20	01:29:48.065	0.93961	0.93974			6
2025.01.20	01:29:48.388	0.93962	0.93973			6
2025.01.20	01:29:50.823	0.93961	0.93972			6
2025.01.20	01:29:51.711		0.93973			4
2025.01.20	01:29:52.081	0.93962				2
2025.01.20	01:29:52.971	0.93961	0.93974			6
2025.01.20	01:29:53.869	0.93962	0.93973			6
2025.01.20	01:29:55.059	0.93961				2
2025.01.20	01:29:55.369	0.93962				2
2025.01.20	01:29:55.980	0.93963	0.93975			6
2025.01.20	01:29:56.373		0.93974			4
2025.01.20	01:29:57.771	0.93964	0.93975			6
2025.01.20	01:30:00.308	0.93964				2
2025.01.20	01:30:02.149	0.93965	0.93974			6
2025.01.20	01:30:03.651	0.93963	0.93972			6
2025.01.20	01:30:03.955	0.93961	0.93973			6
2025.01.20	01:30:04.545	0.93962	0.93974			6
2025.01.20	01:30:04.880	0.93963				2
2025.01.20	01:30:06.403	0.93962				2
2025.01.20	01:30:07.675		0.93973			4
2025.01.20	01:30:08.590	0.93964	0.93974			6
2025.01.20	01:30:08.917	0.93963				2
2025.01.20	01:30:10.071	0.93964	0.93975			6
2025.01.20	01:30:11.906	0.93965				2
2025.01.20	01:30:12.972		0.93976			4
2025.01.20	01:30:16.058	0.93966				2
2025.01.20	01:30:21.712	0.93965				2
2025.01.20	01:30:22.597	0.93966				2
2025.01.20	01:30:31.934	0.93967				2
2025.01.20	01:30:35.083	0.93966				2
2025.01.20	01:30:35.603	0.93967				2
2025.01.20	01:30:37.434		0.93978			4
2025.01.20	01:30:38.393	0.93966	0.93977			6
2025.01.20	01:30:42.502	0.93967	0.93978			6
2025.01.20	01:30:43.564	0.93971	0.93979			6
2025.01.20	01:30:45.832		0.93980			4
2025.01.20	01:30:47.064	0.93969				2
2025.01.20	01:30:49.971		0.93979			4
2025.01.20	01:30:51.076	0.93971				2
2025.01.20	01:30:51.820		0.93980			4
2025.01.20	01:31:00.770	0.93971				2
2025.01.20	01:31:01.430	0.93972				2
2025.01.20	01:31:02.570	0.93968	0.93981			6
2025.01.20	01:31:03.811		0.93980			4
2025.01.20	01:31:04.701	0.93966	0.93979			6
2025.01.20	01:31:05.480		0.93978			4
2025.01.20	01:31:07.669	0.93965	0.93977			6
2025.01.20	01:31:09.169	0.93966				2
2025.01.20	01:31:11.861		0.93978			4
2025.01.20	01:31:13.729		0.93979			4
2025.01.20	01:31:15.146		0.93978			4
2025.01.20	01:31:17.052		0.93976			4
2025.01.20	01:31:21.017	0.93967				2
2025.01.20	01:31:21.574	0.93969	0.93979			6
2025.01.20	01:31:22.601	0.93970				2
2025.01.20	01:31:22.940	0.93969				2
2025.01.20	01:31:23.651	0.93968				2
2025.01.20	01:31:26.619	0.93969				2
2025.01.20	01:31:28.356		0.93980			4
2025.01.20	01:31:29.825	0.93971				2
2025.01.20	01:31:31.373		0.93981			4
2025.01.20	01:31:36.093	0.93970				2
2025.01.20	01:31:36.417	0.93971				2
2025.01.20	01:31:38.656	0.93970	0.93980			6
2025.01.20	01:31:39.366	0.93969				2
2025.01.20	01:31:40.780	0.93968	0.93979			6
2025.01.20	01:31:41.081	0.93969	0.93978			6
2025.01.20	01:31:42.187	0.93968	0.93979			6
2025.01.20	01:31:44.254	0.93969				2
2025.01.20	01:31:46.626	0.93968				2
2025.01.20	01:31:48.107	0.93969				2
2025.01.20	01:31:51.998	0.93968	0.93981			6
2025.01.20	01:31:52.997		0.93980			4
2025.01.20	01:31:55.917		0.93979			4
2025.01.20	01:31:57.012	0.93969				2
2025.01.20	01:32:00.127	0.93969				2
2025.01.20	01:32:00.511		0.93980			4
2025.01.20	01:32:00.841	0.93970	0.93979			6
2025.01.20	01:32:01.185		0.93981			4
2025.01.20	01:32:01.583	0.93969	0.93980			6
2025.01.20	01:32:01.885	0.93968				2
2025.01.20	01:32:02.270		0.93978			4
2025.01.20	01:32:06.451	0.93970	0.93979			6
2025.01.20	01:32:07.078	0.93968				2
2025.01.20	01:32:10.644	0.93969				2
2025.01.20	01:32:14.124	0.93970				2
2025.01.20	01:32:15.200		0.93980			4
2025.01.20	01:32:15.843	0.93968	0.93979			6
2025.01.20	01:32:16.706	0.93969				2
2025.01.20	01:32:18.159		0.93978			4
2025.01.20	01:32:19.566	0.93968				2
2025.01.20	01:32:20.571	0.93969	0.93980			6
2025.01.20	01:32:21.676	0.93970				2
2025.01.20	01:32:23.254	0.93969				2
2025.01.20	01:32:24.166	0.93970	0.93981			6
2025.01.20	01:32:27.744	0.93971	0.93982			6
2025.01.20	01:32:28.971	0.93970	0.93981			6
2025.01.20	01:32:30.410	0.93971	0.93982			6
2025.01.20	01:32:32.121	0.93970	0.93981			6
2025.01.20	01:32:34.040	0.93971	0.93983			6
2025.01.20	01:32:37.699		0.93982			4
2025.01.20	01:32:42.372		0.93983			4
2025.01.20	01:32:49.331	0.93970				2
2025.01.20	01:32:49.765		0.93982			4
2025.01.20	01:32:50.175	0.93969				2
2025.01.20	01:32:51.612	0.93971	0.93983			6
2025.01.20	01:32:53.273		0.93982			4
2025.01.20	01:32:56.050		0.93981			4
2025.01.20	01:32:56.573		0.93983			4
2025.01.20	01:32:58.285		0.93984			4
2025.01.20	01:33:00.878	0.93971				2
2025.01.20	01:33:01.907	0.93973	0.93983			6
2025.01.20	01:33:10.385		0.93984			4
2025.01.20	01:33:12.136	0.93972				2
2025.01.20	01:33:20.352	0.93973				2
2025.01.20	01:33:20.981	0.93972				2
2025.01.20	01:33:25.119		0.93983			4
2025.01.20	01:33:26.133		0.93984			4
2025.01.20	01:33:32.502		0.93983			4
2025.01.20	01:33:32.991	0.93973	0.93984			6
2025.01.20	01:33:34.415	0.93972	0.93985			6
2025.01.20	01:33:34.716	0.93974	0.93984			6
2025.01.20	01:33:43.641		0.93985			4
2025.01.20	01:33:47.194		0.93984			4
2025.01.20	01:33:48.821		0.93985			4
2025.01.20	01:33:50.043	0.93981	0.93991			6
2025.01.20	01:34:00.906	0.93981				2
2025.01.20	01:34:03.509	0.93980				2
2025.01.20	01:34:07.209		0.93990			4
2025.01.20	01:34:10.841	0.93979	0.93989			6
2025.01.20	01:34:12.664	0.93980	0.93990			6
2025.01.20	01:34:27.323	0.93981	0.93992			6
2025.01.20	01:34:31.448	0.93985	0.93997			6
2025.01.20	01:34:31.771	0.93988	0.94000			6
2025.01.20	01:34:39.842	0.93987	0.93999			6
2025.01.20	01:34:40.990	0.93988	0.93998			6
2025.01.20	01:34:46.323		0.93999			4
2025.01.20	01:34:50.659		0.93998			4
2025.01.20	01:34:55.754	0.93987	0.93999			6
2025.01.20	01:35:00.280	0.93987				2
2025.01.20	01:35:03.886	0.93988				2
2025.01.20	01:35:10.364		0.93998			4
2025.01.20	01:35:10.672		0.93999			4
2025.01.20	01:35:10.976		0.93998			4
2025.01.20	01:35:11.870		0.93999			4
2025.01.20	01:35:12.345		0.93998			4
2025.01.20	01:35:13.247		0.93999			4
2025.01.20	01:35:18.821		0.93998			4
2025.01.20	01:35:26.727	0.93985	0.93997			6
2025.01.20	01:35:28.580	0.93988	0.93999			6
2025.01.20	01:35:38.201	0.93991	0.94001			6
2025.01.20	01:35:38.502	0.93990	0.94003			6
2025.01.20	01:35:42.460	0.93992				2
2025.01.20	01:35:45.769	0.93993				2
2025.01.20	01:35:49.184	0.93992				2
2025.01.20	01:35:50.413	0.93991				2
2025.01.20	01:35:54.036	0.93992				2
2025.01.20	01:35:55.594	0.93991				2
2025.01.20	01:36:00.772	0.93991				2
2025.01.20	01:36:03.471		0.94002			4
2025.01.20	01:36:09.797	0.93990				2
2025.01.20	01:36:12.470		0.94003			4
2025.01.20	01:36:27.330	0.93989	0.93999			6
2025.01.20	01:36:30.436		0.94000			4
2025.01.20	01:36:32.469	0.93990				2
2025.01.20	01:36:34.725		0.94001			4
2025.01.20	01:36:35.469		0.94000			4
2025.01.20	01:36:36.335	0.93989				2
2025.01.20	01:36:36.770		0.93999			4
2025.01.20	01:36:37.113	0.93990				2
2025.01.20	01:36:39.527		0.94000			4
2025.01.20	01:36:47.954	0.93989	0.93999			6
2025.01.20	01:36:49.410		0.94000			4
2025.01.20	01:36:50.381	0.93990				2
2025.01.20	01:36:55.698		0.94001			4
2025.01.20	01:36:57.757	0.93991				2
2025.01.20	01:37:00.335	0.93989				2
2025.01.20	01:37:02.874		0.94000			4
2025.01.20	01:37:03.824	0.93990				2
2025.01.20	01:37:05.520	0.93989				2
2025.01.20	01:37:06.722	0.93990				2
2025.01.20	01:37:19.837	0.93989				2
2025.01.20	01:37:24.471		0.94001			4
2025.01.20	01:37:34.878	0.93988	0.93999			6
2025.01.20	01:37:35.183	0.93989	0.94002			6
2025.01.20	01:37:37.859	0.93991	0.94005			6
2025.01.20	01:37:42.487	0.93990	0.94002			6
2025.01.20	01:37:42.859		0.94001			4
2025.01.20	01:37:45.985	0.93989				2
2025.01.20	01:37:46.342	0.93991	0.94004			6
2025.01.20	01:37:46.700	0.93989	0.94001			6
2025.01.20	01:37:49.972	0.93990				2
2025.01.20	01:37:52.072	0.93989				2
2025.01.20	01:37:59.097	0.93994	0.94006			6
2025.01.20	01:38:00.189	0.93992	0.94004			6
2025.01.20	01:38:00.570		0.94003			4
2025.01.20	01:38:02.161		0.94002			4
2025.01.20	01:38:03.238	0.93989				2
2025.01.20	01:38:03.569		0.94001			4
2025.01.20	01:38:05.372		0.94002			4
2025.01.20	01:38:06.451	0.93994	0.94006			6
2025.01.20	01:38:07.653	0.93991	0.94001			6
2025.01.20	01:38:11.276		0.94002			4
2025.01.20	01:38:16.768	0.93989				2
2025.01.20	01:38:20.569		0.94001			4
2025.01.20	01:38:26.621	0.93987	0.93999			6
2025.01.20	01:38:27.953	0.93988				2
2025.01.20	01:38:40.802	0.93989				2
2025.01.20	01:38:42.566		0.94000			4
2025.01.20	01:38:44.978	0.93987				2
2025.01.20	01:38:51.362		0.93999			4
2025.01.20	01:38:51.709	0.93988				2
2025.01.20	01:38:58.785	0.93987				2
2025.01.20	01:38:59.273		0.93998			4
2025.01.20	01:39:02.343	0.93987				2
2025.01.20	01:39:14.871		0.93997			4
2025.01.20	01:39:20.705		0.93998			4
2025.01.20	01:39:23.182		0.93999			4
2025.01.20	01:39:23.636		0.93998			4
2025.01.20	01:39:26.274		0.93999			4
2025.01.20	01:39:31.515	0.93988				2
2025.01.20	01:39:31.831	0.93987	0.94000			6
2025.01.20	01:39:32.341		0.93999			4
2025.01.20	01:39:32.670	0.93988				2
2025.01.20	01:39:33.599	0.93987	0.93997			6
2025.01.20	01:39:38.306	0.93986	0.93999			6
2025.01.20	01:39:39.101		0.94000			4
2025.01.20	01:39:39.532	0.93987	0.93998			6
2025.01.20	01:39:39.860		0.93997			4
2025.01.20	01:39:40.272		0.93999			4
2025.01.20	01:39:40.844		0.93998			4
2025.01.20	01:39:41.178		0.93999			4
2025.01.20	01:39:42.923		0.93997			4
2025.01.20	01:39:43.455		0.93998			4
2025.01.20	01:39:43.960		0.93999			4
2025.01.20	01:39:44.589		0.93998			4
2025.01.20	01:39:46.083		0.93997			4
2025.01.20	01:39:49.073		0.93996			4
2025.01.20	01:39:50.647		0.93997			4
2025.01.20	01:39:51.001		0.93999			4
2025.01.20	01:39:51.595		0.93997			4
2025.01.20	01:39:55.803		0.93999			4
2025.01.20	01:39:56.502	0.93988				2
2025.01.20	01:39:58.371		0.93998			4
2025.01.20	01:40:01.314	0.93988	0.93999			6
2025.01.20	01:40:03.170		0.93998			4
2025.01.20	01:40:06.097		0.93999			4
2025.01.20	01:40:06.567		0.93998			4
2025.01.20	01:40:09.860		0.93999			4
2025.01.20	01:40:11.084		0.93998			4
2025.01.20	01:40:11.821		0.93999			4
2025.01.20	01:40:12.127		0.93998			4
2025.01.20	01:40:19.221		0.93997			4
2025.01.20	01:40:20.124		0.93999			4
2025.01.20	01:40:21.029		0.93998			4
2025.01.20	01:40:23.569		0.93997			4
2025.01.20	01:40:25.145	0.93989	0.94000			6
2025.01.20	01:40:32.458	0.93991	0.94003			6
2025.01.20	01:40:32.813		0.94001			4
2025.01.20	01:40:36.149		0.94002			4
2025.01.20	01:40:36.630	0.93990	0.94001			6
2025.01.20	01:40:36.944	0.93989				2
2025.01.20	01:40:37.279	0.93990	0.94000			6
2025.01.20	01:40:40.185	0.93989				2
2025.01.20	01:40:40.512		0.94001			4
2025.01.20	01:40:41.195		0.94002			4
2025.01.20	01:40:42.070		0.94001			4
2025.01.20	01:40:42.391		0.93999			4
2025.01.20	01:40:42.772		0.94001			4
2025.01.20	01:40:44.435		0.93999			4
2025.01.20	01:40:44.770		0.94001			4
2025.01.20	01:40:48.033		0.94002			4
2025.01.20	01:40:57.903		0.94000			4
2025.01.20	01:40:58.941		0.94002			4
2025.01.20	01:41:00.022	0.93989				2
2025.01.20	01:41:00.357		0.94001			4
2025.01.20	01:41:00.863		0.94000			4
2025.01.20	01:41:01.317	0.93990				2
2025.01.20	01:41:02.231		0.94001			4
2025.01.20	01:41:02.929	0.93991	0.94002			6
2025.01.20	01:41:04.145	0.93997	0.94004			6
2025.01.20	01:41:04.468	0.93994	0.94005			6
2025.01.20	01:41:11.191		0.94003			4
2025.01.20	01:41:12.183		0.94004			4
2025.01.20	01:41:13.069		0.94003			4
2025.01.20	01:41:13.913		0.94004			4
2025.01.20	01:41:16.941		0.94003			4
2025.01.20	01:41:18.269		0.94004			4
2025.01.20	01:41:20.746	0.93997	0.94006			6
2025.01.20	01:41:27.771		0.94007			4
2025.01.20	01:41:45.212		0.94006			4
2025.01.20	01:41:45.544		0.94007			4
2025.01.20	01:41:48.473		0.94008			4
2025.01.20	01:41:55.692		0.94007			4
2025.01.20	01:41:56.875	0.93996	0.94008			6
2025.01.20	01:41:57.219	0.93997				2
2025.01.20	01:41:59.814		0.94007			4
2025.01.20	01:42:00.680	0.93998				2
2025.01.20	01:42:02.994	0.93997				2
2025.01.20	01:42:03.901		0.94006			4
2025.01.20	01:42:10.673		0.94007			4
2025.01.20	01:42:12.922		0.94008			4
2025.01.20	01:42:16.672		0.94007			4
2025.01.20	01:42:17.702	0.93998				2
2025.01.20	01:42:20.923		0.94008			4
2025.01.20	01:42:21.291		0.94009			4
2025.01.20	01:42:21.655		0.94008			4
2025.01.20	01:42:22.009	0.93997	0.94007			6
