<DATE>	<TIME>	<BID>	<ASK>	<LAST>	<VOLUME>	<FLAGS>
2025.05.22	00:03:30.402	0.93479	0.93533			6
2025.05.22	00:04:12.436	0.93446	0.93677			6
2025.05.22	00:04:13.829	0.93448	0.93673			6
2025.05.22	00:04:45.412	0.93446	0.93677			6
2025.05.22	00:04:49.553	0.93448	0.93673			6
2025.05.22	00:05:02.066	0.93446	0.93545			6
2025.05.22	00:05:03.454		0.93544			4
2025.05.22	00:05:05.422		0.93564			4
2025.05.22	00:05:06.327		0.93571			4
2025.05.22	00:05:08.919		0.93578			4
2025.05.22	00:05:13.425		0.93567			4
2025.05.22	00:05:14.330		0.93578			4
2025.05.22	00:05:19.005	0.93448	0.93672			6
2025.05.22	00:05:20.062	0.93446	0.93578			6
2025.05.22	00:05:20.441	0.93401	0.93568			6
2025.05.22	00:05:22.324		0.93571			4
2025.05.22	00:05:25.562	0.93400	0.93570			6
2025.05.22	00:05:30.328	0.93402	0.93554			6
2025.05.22	00:05:30.639	0.93407	0.93568			6
2025.05.22	00:05:31.648	0.93400	0.93570			6
2025.05.22	00:06:00.435	0.93404	0.93569			6
2025.05.22	00:06:01.001	0.93401	0.93571			6
2025.05.22	00:06:03.970		0.93569			4
2025.05.22	00:06:05.228	0.93402				2
2025.05.22	00:06:07.741	0.93404	0.93561			6
2025.05.22	00:06:20.502	0.93401	0.93568			6
2025.05.22	00:06:25.580	0.93402	0.93556			6
2025.05.22	00:06:42.962		0.93570			4
2025.05.22	00:07:00.437	0.93404	0.93569			6
2025.05.22	00:07:01.008	0.93403	0.93572			6
2025.05.22	00:07:01.750	0.93402				2
2025.05.22	00:07:02.753		0.93571			4
2025.05.22	00:07:06.340		0.93569			4
2025.05.22	00:07:10.333	0.93405	0.93570			6
2025.05.22	00:07:10.827	0.93408	0.93571			6
2025.05.22	00:07:12.506	0.93407	0.93569			6
2025.05.22	00:07:15.400	0.93409				2
2025.05.22	00:07:20.580	0.93400	0.93545			6
2025.05.22	00:07:22.204	0.93399	0.93546			6
2025.05.22	00:07:27.507	0.93400	0.93545			6
2025.05.22	00:07:45.673	0.93410	0.93568			6
2025.05.22	00:07:47.909	0.93409				2
2025.05.22	00:08:00.560	0.93387	0.93589			6
2025.05.22	00:08:02.553	0.93388				2
2025.05.22	00:08:03.786		0.93588			4
2025.05.22	00:08:12.054	0.93387	0.93587			6
2025.05.22	00:08:12.384	0.93388				2
2025.05.22	00:08:12.688		0.93588			4
2025.05.22	00:08:17.889	0.93389	0.93587			6
2025.05.22	00:08:36.466		0.93586			4
2025.05.22	00:08:37.991	0.93390	0.93587			6
2025.05.22	00:08:46.351		0.93586			4
2025.05.22	00:08:55.880	0.93391				2
2025.05.22	00:09:00.193	0.93391				2
2025.05.22	00:09:01.423		0.93585			4
2025.05.22	00:09:19.328	0.93389	0.93582			6
2025.05.22	00:09:19.961	0.93391	0.93584			6
2025.05.22	00:09:21.485	0.93392				2
2025.05.22	00:09:33.474	0.93389	0.93580			6
2025.05.22	00:09:34.086	0.93365	0.93583			6
2025.05.22	00:09:34.699	0.93363				2
2025.05.22	00:09:35.633	0.93362	0.93581			6
2025.05.22	00:09:35.933	0.93384	0.93576			6
2025.05.22	00:09:36.243	0.93383	0.93575			6
2025.05.22	00:09:36.543	0.93384	0.93576			6
2025.05.22	00:09:36.854	0.93387	0.93579			6
2025.05.22	00:09:37.465	0.93388	0.93580			6
2025.05.22	00:09:40.845	0.93386	0.93578			6
2025.05.22	00:09:41.145	0.93384	0.93576			6
2025.05.22	00:09:41.762	0.93387	0.93578			6
2025.05.22	00:09:42.370	0.93390	0.93582			6
2025.05.22	00:09:47.562	0.93391				2
2025.05.22	00:09:48.784	0.93400	0.93602			6
2025.05.22	00:09:49.091	0.93399				2
2025.05.22	00:09:50.308	0.93398				2
2025.05.22	00:09:53.096	0.93402	0.93607			6
2025.05.22	00:09:54.328	0.93399	0.93604			6
2025.05.22	00:09:54.936	0.93395	0.93601			6
2025.05.22	00:09:56.455	0.93396	0.93602			6
2025.05.22	00:09:56.759	0.93397	0.93603			6
2025.05.22	00:09:58.576	0.93393	0.93604			6
2025.05.22	00:10:00.093	0.93393				2
2025.05.22	00:10:02.217	0.93383	0.93611			6
2025.05.22	00:10:07.374	0.93385	0.93597			6
2025.05.22	00:10:13.749	0.93383	0.93595			6
2025.05.22	00:10:14.052	0.93390	0.93603			6
2025.05.22	00:10:14.354	0.93385	0.93597			6
2025.05.22	00:10:14.659	0.93383	0.93595			6
2025.05.22	00:10:15.265	0.93382	0.93596			6
2025.05.22	00:10:22.546	0.93381				2
2025.05.22	00:10:25.591		0.93597			4
2025.05.22	00:10:32.534	0.93380				2
2025.05.22	00:10:34.405	0.93379				2
2025.05.22	00:10:36.720	0.93381	0.93600			6
2025.05.22	00:10:37.335	0.93379	0.93598			6
2025.05.22	00:10:37.635	0.93380	0.93600			6
2025.05.22	00:10:38.283	0.93378	0.93598			6
2025.05.22	00:10:38.596	0.93380	0.93600			6
2025.05.22	00:10:39.241	0.93377	0.93598			6
2025.05.22	00:10:39.541	0.93386	0.93608			6
2025.05.22	00:10:40.501	0.93379	0.93601			6
2025.05.22	00:10:41.158	0.93385	0.93608			6
2025.05.22	00:10:43.973	0.93376	0.93600			6
2025.05.22	00:10:44.274	0.93378	0.93602			6
2025.05.22	00:10:44.934	0.93375	0.93600			6
2025.05.22	00:10:49.862	0.93377	0.93603			6
2025.05.22	00:10:50.165	0.93374	0.93601			6
2025.05.22	00:10:50.771	0.93376	0.93603			6
2025.05.22	00:10:51.074	0.93383	0.93610			6
2025.05.22	00:10:51.377	0.93376	0.93603			6
2025.05.22	00:10:53.498		0.93604			4
2025.05.22	00:11:00.201	0.93376				2
2025.05.22	00:11:03.840	0.93375	0.93603			6
2025.05.22	00:11:04.143		0.93604			4
2025.05.22	00:11:04.753	0.93374				2
2025.05.22	00:11:05.357	0.93382	0.93612			6
2025.05.22	00:11:10.234	0.93385	0.93615			6
2025.05.22	00:11:11.757	0.93383	0.93613			6
2025.05.22	00:11:12.413	0.93382	0.93612			6
2025.05.22	00:11:13.024	0.93383				2
2025.05.22	00:11:13.329	0.93382				2
2025.05.22	00:11:13.983	0.93383				2
2025.05.22	00:11:14.295	0.93389	0.93618			6
2025.05.22	00:11:20.540	0.93383	0.93611			6
2025.05.22	00:11:20.850	0.93384				2
2025.05.22	00:11:22.379	0.93390	0.93617			6
2025.05.22	00:11:27.658	0.93385	0.93611			6
2025.05.22	00:11:28.275	0.93395	0.93620			6
2025.05.22	00:11:28.618	0.93386	0.93611			6
2025.05.22	00:11:29.226	0.93385	0.93610			6
2025.05.22	00:11:29.526	0.93386	0.93611			6
2025.05.22	00:11:30.132	0.93392	0.93617			6
2025.05.22	00:11:34.130		0.93616			4
2025.05.22	00:11:35.042	0.93386	0.93610			6
2025.05.22	00:11:35.648	0.93385	0.93609			6
2025.05.22	00:11:36.254	0.93386	0.93610			6
2025.05.22	00:11:36.555	0.93393	0.93616			6
2025.05.22	00:11:38.675	0.93392				2
2025.05.22	00:11:38.982	0.93385	0.93609			6
2025.05.22	00:11:39.587	0.93386				2
2025.05.22	00:11:40.191	0.93385	0.93608			6
2025.05.22	00:11:40.498	0.93393	0.93615			6
2025.05.22	00:11:56.951	0.93392	0.93614			6
2025.05.22	00:11:58.480	0.93386	0.93607			6
2025.05.22	00:11:59.136	0.93392	0.93613			6
2025.05.22	00:11:59.751	0.93387	0.93608			6
2025.05.22	00:12:00.058	0.93387	0.93607			6
2025.05.22	00:12:00.669	0.93388				2
2025.05.22	00:12:00.971	0.93393	0.93612			6
2025.05.22	00:12:03.155	0.93409	0.93628			6
2025.05.22	00:12:03.454	0.93410	0.93629			6
2025.05.22	00:12:04.369	0.93408	0.93627			6
2025.05.22	00:12:06.187		0.93626			4
2025.05.22	00:12:06.487	0.93404	0.93617			6
2025.05.22	00:13:00.367	0.93404				2
2025.05.22	00:13:06.504		0.93611			4
2025.05.22	00:13:18.129	0.93406	0.93608			6
2025.05.22	00:13:23.240	0.93407				2
2025.05.22	00:13:26.363	0.93404	0.93611			6
2025.05.22	00:13:40.675	0.93410	0.93648			6
2025.05.22	00:13:48.794	0.93404	0.93601			6
2025.05.22	00:13:50.338	0.93410	0.93648			6
2025.05.22	00:13:56.323	0.93412	0.93647			6
2025.05.22	00:13:58.343		0.93646			4
2025.05.22	00:14:00.800	0.93412				2
2025.05.22	00:14:06.341	0.93413	0.93645			6
2025.05.22	00:14:09.140		0.93644			4
2025.05.22	00:14:12.686	0.93417	0.93647			6
2025.05.22	00:14:13.863		0.93645			4
2025.05.22	00:14:16.653	0.93418	0.93647			6
2025.05.22	00:14:17.622	0.93419				2
2025.05.22	00:14:21.317		0.93591			4
2025.05.22	00:14:25.942	0.93420				2
2025.05.22	00:14:26.401		0.93645			4
2025.05.22	00:14:28.348	0.93421				2
2025.05.22	00:14:30.101	0.93419	0.93643			6
2025.05.22	00:14:31.641	0.93420				2
2025.05.22	00:14:38.425	0.93422				2
2025.05.22	00:14:42.997		0.93642			4
2025.05.22	00:14:43.340		0.93643			4
2025.05.22	00:14:47.497	0.93423	0.93642			6
2025.05.22	00:14:56.374	0.93424	0.93641			6
2025.05.22	00:15:00.310	0.93424	0.93628			6
2025.05.22	00:15:01.320	0.93418	0.93627			6
2025.05.22	00:15:01.626		0.93633			4
2025.05.22	00:15:05.349	0.93419				2
2025.05.22	00:15:07.991		0.93634			4
2025.05.22	00:15:11.423	0.93420	0.93603			6
2025.05.22	00:15:11.813		0.93587			4
2025.05.22	00:15:12.497		0.93595			4
2025.05.22	00:15:12.839		0.93587			4
2025.05.22	00:15:14.759	0.93421				2
2025.05.22	00:15:15.803		0.93622			4
2025.05.22	00:15:16.840		0.93606			4
2025.05.22	00:15:18.925	0.93422				2
2025.05.22	00:15:22.595	0.93423				2
2025.05.22	00:15:24.370		0.93602			4
2025.05.22	00:15:24.692		0.93606			4
2025.05.22	00:15:25.440		0.93601			4
2025.05.22	00:15:26.876	0.93424				2
2025.05.22	00:15:31.320	0.93425	0.93605			6
2025.05.22	00:15:37.382	0.93426				2
2025.05.22	00:15:44.125	0.93427				2
2025.05.22	00:15:47.353	0.93441				2
2025.05.22	00:15:47.853	0.93440				2
2025.05.22	00:15:49.729	0.93439				2
2025.05.22	00:15:50.035	0.93444				2
2025.05.22	00:15:50.364	0.93442	0.93597			6
2025.05.22	00:15:51.728	0.93443				2
2025.05.22	00:15:52.216	0.93444				2
2025.05.22	00:15:57.740	0.93445				2
2025.05.22	00:16:00.388	0.93445				2
2025.05.22	00:16:01.318		0.93629			4
2025.05.22	00:16:07.610	0.93440	0.93584			6
2025.05.22	00:16:08.383	0.93443	0.93601			6
2025.05.22	00:16:08.752	0.93440	0.93584			6
2025.05.22	00:16:09.082	0.93443	0.93602			6
2025.05.22	00:16:09.415	0.93440	0.93584			6
2025.05.22	00:16:09.745	0.93443	0.93602			6
2025.05.22	00:16:10.097	0.93440	0.93584			6
2025.05.22	00:16:10.414	0.93443	0.93601			6
2025.05.22	00:16:10.757	0.93440	0.93584			6
2025.05.22	00:16:11.127	0.93443	0.93602			6
2025.05.22	00:16:11.458	0.93440	0.93584			6
2025.05.22	00:16:11.797	0.93443	0.93602			6
2025.05.22	00:16:12.119	0.93440	0.93584			6
2025.05.22	00:16:12.455	0.93443	0.93602			6
2025.05.22	00:16:12.782	0.93440	0.93584			6
2025.05.22	00:16:13.113	0.93443	0.93602			6
2025.05.22	00:16:13.443	0.93440	0.93620			6
2025.05.22	00:16:13.777	0.93443				2
2025.05.22	00:16:14.109	0.93440				2
2025.05.22	00:16:14.440	0.93443				2
2025.05.22	00:16:14.769	0.93440				2
2025.05.22	00:16:15.105	0.93444				2
2025.05.22	00:16:15.435	0.93441				2
2025.05.22	00:16:15.761	0.93444	0.93602			6
2025.05.22	00:16:16.094	0.93441				2
2025.05.22	00:16:16.430	0.93444				2
2025.05.22	00:16:16.757	0.93441				2
2025.05.22	00:16:17.090	0.93444				2
2025.05.22	00:16:17.420	0.93441				2
2025.05.22	00:16:17.760	0.93444				2
2025.05.22	00:16:18.086	0.93441				2
2025.05.22	00:16:18.414	0.93444	0.93627			6
2025.05.22	00:16:18.962		0.93592			4
2025.05.22	00:16:26.405		0.93627			4
2025.05.22	00:16:30.744	0.93445				2
2025.05.22	00:16:53.605	0.93446	0.93592			6
2025.05.22	00:16:56.293	0.93445				2
2025.05.22	00:16:59.101	0.93450	0.93636			6
2025.05.22	00:17:00.245	0.93450				2
2025.05.22	00:17:01.897	0.93451				2
2025.05.22	00:17:05.607		0.93635			4
2025.05.22	00:17:12.362	0.93449	0.93638			6
2025.05.22	00:17:16.353		0.93637			4
2025.05.22	00:17:18.340	0.93448	0.93595			6
2025.05.22	00:17:26.401		0.93635			4
2025.05.22	00:17:26.842	0.93449				2
2025.05.22	00:17:29.226		0.93627			4
2025.05.22	00:17:40.377	0.93450				2
2025.05.22	00:17:51.405		0.93594			4
2025.05.22	00:17:55.182	0.93451				2
2025.05.22	00:18:00.233	0.93451				2
2025.05.22	00:18:01.236		0.93626			4
2025.05.22	00:18:15.551	0.93454				2
2025.05.22	00:18:16.405		0.93594			4
2025.05.22	00:18:26.401		0.93626			4
2025.05.22	00:18:41.508		0.93628			4
2025.05.22	00:18:46.749	0.93450	0.93635			6
2025.05.22	00:18:47.057	0.93449	0.93640			6
2025.05.22	00:18:47.760	0.93456				2
2025.05.22	00:18:50.891	0.93415	0.93645			6
2025.05.22	00:18:51.406		0.93643			4
2025.05.22	00:18:57.165	0.93417				2
2025.05.22	00:18:58.090	0.93427	0.93633			6
2025.05.22	00:18:58.586	0.93425	0.93635			6
2025.05.22	00:18:59.813	0.93426	0.93634			6
2025.05.22	00:19:01.402	0.93426				2
2025.05.22	00:19:09.812	0.93425	0.93635			6
2025.05.22	00:19:17.780	0.93424	0.93636			6
2025.05.22	00:19:19.812	0.93425	0.93635			6
2025.05.22	00:19:23.542	0.93426	0.93634			6
2025.05.22	00:19:41.239	0.93425	0.93635			6
2025.05.22	00:19:49.800	0.93426	0.93634			6
2025.05.22	00:19:53.460	0.93423	0.93637			6
2025.05.22	00:19:53.842	0.93422	0.93638			6
2025.05.22	00:19:54.184	0.93420	0.93640			6
2025.05.22	00:19:54.733	0.93419	0.93641			6
2025.05.22	00:19:55.124	0.93417	0.93642			6
2025.05.22	00:19:55.544	0.93416	0.93643			6
2025.05.22	00:19:55.885	0.93415	0.93644			6
2025.05.22	00:19:56.263	0.93414	0.93646			6
2025.05.22	00:19:56.640	0.93413	0.93647			6
2025.05.22	00:19:57.433	0.93412	0.93648			6
2025.05.22	00:19:58.057	0.93411				2
2025.05.22	00:19:58.770	0.93410				2
2025.05.22	00:19:59.736	0.93428	0.93634			6
2025.05.22	00:20:00.054	0.93426	0.93633			6
2025.05.22	00:20:00.356	0.93422	0.93629			6
2025.05.22	00:20:01.266	0.93424	0.93631			6
2025.05.22	00:20:01.569	0.93427	0.93635			6
2025.05.22	00:20:02.477	0.93426	0.93633			6
2025.05.22	00:20:02.783	0.93422	0.93629			6
2025.05.22	00:20:03.390	0.93424	0.93632			6
2025.05.22	00:20:03.690	0.93427	0.93635			6
2025.05.22	00:20:04.297	0.93426	0.93633			6
2025.05.22	00:20:04.903	0.93422	0.93630			6
2025.05.22	00:20:05.208	0.93424	0.93632			6
2025.05.22	00:20:05.512	0.93426	0.93633			6
2025.05.22	00:20:05.814	0.93427	0.93635			6
2025.05.22	00:20:06.418	0.93426	0.93633			6
2025.05.22	00:20:06.721	0.93422	0.93630			6
2025.05.22	00:20:07.327	0.93427	0.93635			6
2025.05.22	00:20:07.631	0.93423	0.93652			6
2025.05.22	00:20:09.805	0.93429				2
2025.05.22	00:20:12.812	0.93434	0.93651			6
2025.05.22	00:20:13.313	0.93414	0.93614			6
2025.05.22	00:20:17.839	0.93411	0.93615			6
2025.05.22	00:20:22.285	0.93414	0.93614			6
2025.05.22	00:20:26.405		0.93612			4
2025.05.22	00:20:29.802	0.93411				2
2025.05.22	00:20:35.847		0.93615			4
2025.05.22	00:20:48.359	0.93402	0.93630			6
2025.05.22	00:20:50.771	0.93407				2
2025.05.22	00:20:57.360	0.93409	0.93629			6
2025.05.22	00:20:57.663	0.93414	0.93628			6
2025.05.22	00:20:58.016	0.93418	0.93624			6
2025.05.22	00:20:58.379	0.93421	0.93621			6
2025.05.22	00:20:58.750	0.93423	0.93619			6
2025.05.22	00:20:59.144	0.93425	0.93617			6
2025.05.22	00:20:59.581	0.93426	0.93616			6
2025.05.22	00:20:59.978	0.93427	0.93615			6
2025.05.22	00:21:01.145	0.93428	0.93611			6
2025.05.22	00:21:02.372	0.93421	0.93609			6
2025.05.22	00:21:02.681	0.93420	0.93611			6
2025.05.22	00:21:03.995	0.93418				2
2025.05.22	00:21:04.994	0.93416				2
2025.05.22	00:21:05.495	0.93418				2
2025.05.22	00:21:06.506		0.93614			4
2025.05.22	00:21:07.813	0.93416	0.93616			6
2025.05.22	00:21:13.350		0.93614			4
2025.05.22	00:21:17.339		0.93611			4
2025.05.22	00:21:28.833	0.93415	0.93596			6
2025.05.22	00:21:32.240	0.93416				2
2025.05.22	00:21:34.639	0.93415				2
2025.05.22	00:21:36.178		0.93611			4
2025.05.22	00:21:40.979	0.93417				2
2025.05.22	00:21:47.564		0.93613			4
2025.05.22	00:21:50.263	0.93403	0.93609			6
2025.05.22	00:21:50.772	0.93402				2
2025.05.22	00:21:51.386	0.93410	0.93606			6
2025.05.22	00:21:55.830		0.93607			4
2025.05.22	00:21:56.836		0.93606			4
2025.05.22	00:21:59.059	0.93407	0.93608			6
2025.05.22	00:22:01.402	0.93407				2
2025.05.22	00:22:14.149	0.93408				2
2025.05.22	00:22:30.517	0.93397	0.93619			6
2025.05.22	00:22:32.241	0.93395	0.93620			6
2025.05.22	00:22:32.772	0.93394	0.93622			6
2025.05.22	00:22:39.577	0.93398	0.93617			6
2025.05.22	00:22:42.140		0.93618			4
2025.05.22	00:22:44.815	0.93400	0.93615			6
2025.05.22	00:22:45.143		0.93613			4
2025.05.22	00:22:45.461	0.93402	0.93611			6
2025.05.22	00:22:45.775	0.93404	0.93609			6
2025.05.22	00:22:51.383		0.93608			4
2025.05.22	00:22:52.645	0.93405				2
2025.05.22	00:22:57.520	0.93406	0.93607			6
2025.05.22	00:23:00.390	0.93407	0.93606			6
2025.05.22	00:23:08.290	0.93402	0.93583			6
2025.05.22	00:23:20.241	0.93360	0.93593			6
2025.05.22	00:23:26.182	0.93358				2
2025.05.22	00:23:35.408	0.93362	0.93582			6
2025.05.22	00:23:40.668	0.93361	0.93590			6
2025.05.22	00:23:42.250	0.93354	0.93591			6
2025.05.22	00:23:49.305	0.93360	0.93587			6
2025.05.22	00:23:58.684	0.93375	0.93586			6
2025.05.22	00:23:59.054	0.93374	0.93594			6
2025.05.22	00:24:00.197	0.93364	0.93591			6
2025.05.22	00:24:01.495		0.93585			4
2025.05.22	00:24:09.809		0.93583			4
2025.05.22	00:24:29.599		0.93585			4
2025.05.22	00:24:39.516	0.93357	0.93583			6
2025.05.22	00:25:00.203	0.93357				2
2025.05.22	00:25:16.182	0.93360				2
2025.05.22	00:25:34.311	0.93362				2
2025.05.22	00:25:41.316		0.93583			4
2025.05.22	00:25:54.404	0.93360				2
2025.05.22	00:26:01.496	0.93360				2
2025.05.22	00:26:04.308	0.93362				2
2025.05.22	00:26:19.306	0.93363	0.93577			6
2025.05.22	00:26:24.971		0.93570			4
2025.05.22	00:26:26.294	0.93364	0.93561			6
2025.05.22	00:26:36.152	0.93363	0.93579			6
2025.05.22	00:26:43.669	0.93374	0.93557			6
2025.05.22	00:26:44.985	0.93372	0.93560			6
2025.05.22	00:26:45.440	0.93364				2
2025.05.22	00:26:46.708	0.93363	0.93578			6
2025.05.22	00:26:54.192	0.93364	0.93560			6
2025.05.22	00:27:01.065	0.93364				2
2025.05.22	00:27:31.314	0.93360	0.93561			6
2025.05.22	00:27:38.211		0.93579			4
2025.05.22	00:27:41.285	0.93362	0.93578			6
2025.05.22	00:27:45.692	0.93363	0.93560			6
2025.05.22	00:28:01.184	0.93360	0.93561			6
2025.05.22	00:28:56.197	0.93363	0.93560			6
2025.05.22	00:29:01.644	0.93363				2
2025.05.22	00:29:16.640	0.93360	0.93561			6
2025.05.22	00:29:19.556		0.93567			4
2025.05.22	00:29:26.285	0.93371				2
2025.05.22	00:29:46.683	0.93360	0.93573			6
2025.05.22	00:30:00.307	0.93371	0.93567			6
2025.05.22	00:30:01.056	0.93368	0.93554			6
2025.05.22	00:30:02.365	0.93367	0.93559			6
2025.05.22	00:30:23.920	0.93362	0.93570			6
2025.05.22	00:30:30.537	0.93363				2
2025.05.22	00:30:49.339	0.93364				2
2025.05.22	00:30:53.688	0.93363				2
2025.05.22	00:30:55.206	0.93387	0.93565			6
2025.05.22	00:30:55.521	0.93409	0.93583			6
2025.05.22	00:31:00.443	0.93409				2
2025.05.22	00:31:01.311	0.93414	0.93582			6
2025.05.22	00:31:01.658	0.93410	0.93583			6
2025.05.22	00:31:05.388	0.93411	0.93580			6
2025.05.22	00:31:05.705		0.93572			4
2025.05.22	00:31:32.680		0.93567			4
2025.05.22	00:31:32.982		0.93572			4
2025.05.22	00:32:00.140	0.93413	0.93579			6
2025.05.22	00:32:00.457	0.93414	0.93578			6
2025.05.22	00:32:16.235		0.93575			4
2025.05.22	00:32:21.225		0.93578			4
2025.05.22	00:32:31.218		0.93588			4
2025.05.22	00:32:34.312	0.93415				2
2025.05.22	00:32:34.756	0.93420				2
2025.05.22	00:32:37.366	0.93421				2
2025.05.22	00:32:38.427	0.93420				2
2025.05.22	00:32:39.967	0.93421				2
2025.05.22	00:32:41.351	0.93424	0.93583			6
2025.05.22	00:32:41.805	0.93428				2
2025.05.22	00:32:50.655		0.93591			4
2025.05.22	00:33:00.140	0.93428				2
2025.05.22	00:33:06.142	0.93429				2
2025.05.22	00:33:06.509		0.93600			4
2025.05.22	00:33:13.949		0.93584			4
2025.05.22	00:33:16.361	0.93435	0.93591			6
2025.05.22	00:33:41.402		0.93584			4
2025.05.22	00:33:43.883	0.93434				2
2025.05.22	00:33:44.924	0.93433				2
2025.05.22	00:33:48.744	0.93434				2
2025.05.22	00:33:49.637	0.93436				2
2025.05.22	00:33:52.168	0.93443	0.93611			6
2025.05.22	00:33:58.640	0.93444				2
2025.05.22	00:34:00.149	0.93444				2
2025.05.22	00:34:06.748	0.93445				2
2025.05.22	00:34:14.541	0.93446				2
2025.05.22	00:34:23.245	0.93447				2
2025.05.22	00:34:24.449	0.93432	0.93610			6
2025.05.22	00:34:27.819	0.93441	0.93611			6
2025.05.22	00:34:28.926		0.93620			4
2025.05.22	00:34:31.347	0.93453				2
2025.05.22	00:34:34.251		0.93606			4
2025.05.22	00:34:36.401	0.93445				2
2025.05.22	00:34:38.664		0.93599			4
2025.05.22	00:34:43.354		0.93598			4
2025.05.22	00:34:43.831		0.93597			4
2025.05.22	00:34:46.429		0.93595			4
2025.05.22	00:34:48.089		0.93594			4
2025.05.22	00:34:49.363		0.93592			4
2025.05.22	00:34:58.499	0.93442	0.93591			6
2025.05.22	00:35:01.318	0.93442				2
2025.05.22	00:35:25.782		0.93594			4
2025.05.22	00:35:28.342		0.93593			4
2025.05.22	00:35:34.266	0.93425				2
2025.05.22	00:35:42.670	0.93426				2
2025.05.22	00:35:52.058	0.93427				2
2025.05.22	00:36:01.323	0.93427				2
2025.05.22	00:36:08.265		0.93591			4
2025.05.22	00:36:30.740		0.93590			4
2025.05.22	00:36:32.244		0.93591			4
2025.05.22	00:36:35.247		0.93590			4
2025.05.22	00:36:58.444	0.93420	0.93586			6
2025.05.22	00:36:58.825	0.93427				2
2025.05.22	00:37:00.149	0.93427				2
2025.05.22	00:37:01.641	0.93433	0.93589			6
2025.05.22	00:37:02.113		0.93587			4
2025.05.22	00:37:04.814	0.93441	0.93590			6
2025.05.22	00:37:05.320	0.93427	0.93586			6
2025.05.22	00:37:08.264		0.93584			4
2025.05.22	00:37:25.648	0.93440	0.93587			6
2025.05.22	00:37:26.110	0.93427	0.93585			6
2025.05.22	00:37:26.605	0.93436	0.93587			6
2025.05.22	00:37:27.106	0.93428	0.93585			6
2025.05.22	00:37:34.814	0.93445	0.93588			6
2025.05.22	00:37:35.242	0.93428	0.93583			6
2025.05.22	00:37:35.810		0.93584			4
2025.05.22	00:37:49.340		0.93583			4
2025.05.22	00:37:50.813		0.93584			4
2025.05.22	00:37:54.670	0.93429	0.93574			6
2025.05.22	00:37:56.353		0.93573			4
2025.05.22	00:38:01.812	0.93429	0.93572			6
2025.05.22	00:38:06.145		0.93571			4
2025.05.22	00:38:07.826		0.93572			4
2025.05.22	00:38:14.138	0.93434	0.93574			6
2025.05.22	00:38:14.463	0.93429	0.93572			6
2025.05.22	00:38:36.394		0.93571			4
2025.05.22	00:39:01.344	0.93429				2
2025.05.22	00:39:01.957	0.93398	0.93568			6
2025.05.22	00:39:03.205	0.93429	0.93571			6
2025.05.22	00:39:52.161	0.93422				2
2025.05.22	00:39:54.677		0.93572			4
2025.05.22	00:39:56.241		0.93571			4
2025.05.22	00:39:57.163	0.93398	0.93569			6
2025.05.22	00:39:57.673	0.93387	0.93565			6
2025.05.22	00:39:58.008	0.93392	0.93564			6
2025.05.22	00:39:58.410	0.93429	0.93573			6
2025.05.22	00:39:59.128		0.93572			4
2025.05.22	00:40:00.443	0.93429				2
2025.05.22	00:40:08.821		0.93573			4
2025.05.22	00:40:09.809		0.93572			4
2025.05.22	00:40:16.815	0.93436	0.93574			6
2025.05.22	00:40:17.312	0.93430	0.93573			6
2025.05.22	00:40:17.820		0.93571			4
2025.05.22	00:40:24.823	0.93434	0.93573			6
2025.05.22	00:40:25.302	0.93429	0.93572			6
2025.05.22	00:40:28.260	0.93434	0.93573			6
2025.05.22	00:40:28.676	0.93429	0.93572			6
2025.05.22	00:40:29.545		0.93571			4
2025.05.22	00:40:36.253	0.93434	0.93573			6
2025.05.22	00:40:36.744	0.93429				2
2025.05.22	00:40:37.341		0.93572			4
2025.05.22	00:40:46.818	0.93437	0.93574			6
2025.05.22	00:40:47.312	0.93429	0.93572			6
2025.05.22	00:40:48.146		0.93571			4
2025.05.22	00:40:57.818		0.93573			4
2025.05.22	00:40:58.313		0.93571			4
2025.05.22	00:41:01.641	0.93429				2
2025.05.22	00:41:02.741	0.93370	0.93601			6
2025.05.22	00:41:05.551	0.93372	0.93592			6
2025.05.22	00:41:05.858	0.93363				2
2025.05.22	00:41:06.217	0.93374	0.93589			6
2025.05.22	00:41:11.638	0.93378	0.93571			6
2025.05.22	00:41:13.130	0.93383	0.93554			6
2025.05.22	00:41:17.367	0.93381	0.93576			6
2025.05.22	00:41:24.868	0.93382	0.93555			6
2025.05.22	00:41:25.305	0.93374				2
2025.05.22	00:41:25.812	0.93382	0.93554			6
2025.05.22	00:41:26.310	0.93373				2
2025.05.22	00:41:26.805	0.93380				2
2025.05.22	00:41:28.018	0.93379	0.93576			6
2025.05.22	00:41:32.825	0.93381	0.93596			6
2025.05.22	00:41:35.530	0.93383	0.93564			6
2025.05.22	00:41:37.003	0.93379	0.93555			6
2025.05.22	00:41:37.504	0.93368	0.93556			6
2025.05.22	00:41:48.339	0.93364	0.93572			6
2025.05.22	00:41:48.741		0.93562			4
2025.05.22	00:41:51.838		0.93554			4
2025.05.22	00:41:56.542		0.93553			4
2025.05.22	00:42:00.745	0.93364				2
2025.05.22	00:42:02.251		0.93552			4
2025.05.22	00:42:13.202		0.93539			4
2025.05.22	00:42:13.941		0.93540			4
2025.05.22	00:42:14.840		0.93539			4
2025.05.22	00:42:20.581	0.93368	0.93528			6
2025.05.22	00:42:20.962		0.93527			4
2025.05.22	00:42:21.691		0.93535			4
2025.05.22	00:42:24.112	0.93358	0.93541			6
2025.05.22	00:42:24.419	0.93352				2
2025.05.22	00:42:24.751	0.93358				2
2025.05.22	00:42:26.718		0.93542			4
2025.05.22	00:42:27.029		0.93541			4
2025.05.22	00:42:27.338		0.93542			4
2025.05.22	00:42:27.642		0.93541			4
2025.05.22	00:42:27.957		0.93542			4
2025.05.22	00:42:28.867		0.93543			4
2025.05.22	00:42:29.177		0.93538			4
2025.05.22	00:42:30.425		0.93540			4
2025.05.22	00:42:31.661		0.93539			4
2025.05.22	00:42:31.977		0.93538			4
2025.05.22	00:42:32.298		0.93539			4
2025.05.22	00:42:32.920		0.93538			4
2025.05.22	00:42:33.537		0.93539			4
2025.05.22	00:42:34.157		0.93538			4
2025.05.22	00:42:34.462		0.93539			4
2025.05.22	00:42:35.686		0.93538			4
2025.05.22	00:42:35.997		0.93539			4
2025.05.22	00:42:36.922		0.93538			4
2025.05.22	00:42:37.226		0.93539			4
2025.05.22	00:42:38.763		0.93538			4
2025.05.22	00:42:39.078		0.93539			4
2025.05.22	00:42:39.386		0.93538			4
2025.05.22	00:42:40.002		0.93539			4
2025.05.22	00:42:40.316		0.93538			4
2025.05.22	00:42:40.620		0.93539			4
2025.05.22	00:42:41.239		0.93538			4
2025.05.22	00:42:41.560		0.93539			4
2025.05.22	00:42:41.862		0.93538			4
2025.05.22	00:42:43.811		0.93539			4
2025.05.22	00:42:45.039		0.93538			4
2025.05.22	00:42:45.342		0.93539			4
2025.05.22	00:42:45.969		0.93538			4
2025.05.22	00:42:49.602		0.93539			4
2025.05.22	00:42:50.538		0.93538			4
2025.05.22	00:42:50.846		0.93539			4
2025.05.22	00:42:51.157		0.93538			4
2025.05.22	00:42:51.761		0.93539			4
2025.05.22	00:42:53.002		0.93538			4
2025.05.22	00:42:53.603	0.93365				2
2025.05.22	00:42:54.144		0.93539			4
2025.05.22	00:42:54.761		0.93538			4
2025.05.22	00:42:55.378		0.93539			4
2025.05.22	00:42:55.682		0.93538			4
2025.05.22	00:42:56.000		0.93539			4
2025.05.22	00:42:56.306		0.93538			4
2025.05.22	00:42:57.224		0.93539			4
2025.05.22	00:42:57.537		0.93538			4
2025.05.22	00:42:58.160		0.93539			4
2025.05.22	00:42:58.462		0.93538			4
2025.05.22	00:42:58.778		0.93539			4
2025.05.22	00:42:59.080		0.93538			4
2025.05.22	00:42:59.384		0.93539			4
2025.05.22	00:42:59.700		0.93538			4
2025.05.22	00:43:00.002	0.93365				2
2025.05.22	00:43:00.626		0.93539			4
2025.05.22	00:43:01.556		0.93538			4
2025.05.22	00:43:02.172		0.93539			4
2025.05.22	00:43:03.700		0.93538			4
2025.05.22	00:43:04.317		0.93539			4
2025.05.22	00:43:05.237		0.93538			4
2025.05.22	00:43:05.542		0.93539			4
2025.05.22	00:43:05.845		0.93538			4
2025.05.22	00:43:06.158		0.93539			4
2025.05.22	00:43:06.467	0.93354	0.93525			6
2025.05.22	00:43:08.705	0.93355	0.93537			6
2025.05.22	00:43:09.173	0.93357				2
2025.05.22	00:43:09.810	0.93368	0.93526			6
2025.05.22	00:43:12.435		0.93525			4
2025.05.22	00:43:18.344	0.93373	0.93540			6
2025.05.22	00:43:18.693	0.93367				2
2025.05.22	00:43:19.082		0.93541			4
2025.05.22	00:43:19.527	0.93368	0.93542			6
2025.05.22	00:43:20.247		0.93541			4
2025.05.22	00:43:20.571	0.93366	0.93542			6
2025.05.22	00:43:23.174	0.93374	0.93565			6
2025.05.22	00:43:23.670	0.93364				2
2025.05.22	00:43:25.176	0.93359				2
2025.05.22	00:43:26.401		0.93579			4
2025.05.22	00:43:27.776		0.93577			4
2025.05.22	00:43:28.352		0.93576			4
2025.05.22	00:43:31.342		0.93575			4
2025.05.22	00:43:32.352		0.93578			4
2025.05.22	00:43:33.369		0.93585			4
2025.05.22	00:44:00.174	0.93359				2
2025.05.22	00:44:02.841	0.93354	0.93575			6
2025.05.22	00:44:18.190		0.93577			4
2025.05.22	00:45:00.177	0.93354				2
2025.05.22	00:45:02.204	0.93372	0.93552			6
2025.05.22	00:45:02.821	0.93371	0.93551			6
2025.05.22	00:45:04.085	0.93372	0.93552			6
2025.05.22	00:45:04.386	0.93354	0.93577			6
2025.05.22	00:45:08.703	0.93372	0.93559			6
2025.05.22	00:46:00.464	0.93372				2
2025.05.22	00:46:09.697		0.93559			4
2025.05.22	00:47:01.219	0.93372				2
2025.05.22	00:47:02.199	0.93387	0.93537			6
2025.05.22	00:47:02.824		0.93538			4
2025.05.22	00:47:04.654	0.93362	0.93559			6
2025.05.22	00:48:01.041	0.93362				2
2025.05.22	00:48:05.243		0.93559			4
2025.05.22	00:48:37.843	0.93360	0.93561			6
2025.05.22	00:49:00.449	0.93360				2
2025.05.22	00:49:32.846	0.93365	0.93562			6
2025.05.22	00:50:00.186	0.93365				2
2025.05.22	00:50:39.746		0.93562			4
2025.05.22	00:51:02.360	0.93365				2
2025.05.22	00:51:14.934	0.93367	0.93569			6
2025.05.22	00:51:45.824	0.93386	0.93545			6
2025.05.22	00:52:00.085	0.93386				2
2025.05.22	00:52:22.520	0.93385				2
2025.05.22	00:52:26.767	0.93386				2
2025.05.22	00:52:28.019	0.93365	0.93540			6
2025.05.22	00:52:28.821	0.93366				2
2025.05.22	00:52:32.148	0.93383				2
2025.05.22	00:52:33.025	0.93399	0.93577			6
2025.05.22	00:52:36.404		0.93549			4
2025.05.22	00:52:41.325		0.93577			4
2025.05.22	00:53:00.142	0.93399				2
2025.05.22	00:53:05.841	0.93400				2
2025.05.22	00:53:08.842	0.93404	0.93549			6
2025.05.22	00:53:10.539	0.93405				2
2025.05.22	00:53:12.680	0.93406				2
2025.05.22	00:53:13.701	0.93407				2
2025.05.22	00:53:16.343		0.93577			4
2025.05.22	00:53:17.849	0.93408				2
2025.05.22	00:53:21.744	0.93409				2
2025.05.22	00:53:27.310	0.93410				2
2025.05.22	00:53:29.314	0.93411				2
2025.05.22	00:53:29.814	0.93410				2
2025.05.22	00:53:30.144	0.93412				2
2025.05.22	00:53:30.808	0.93411				2
2025.05.22	00:53:31.318	0.93412				2
2025.05.22	00:53:31.810	0.93411				2
2025.05.22	00:53:32.307	0.93412				2
2025.05.22	00:53:32.809	0.93411				2
2025.05.22	00:53:34.820	0.93412				2
2025.05.22	00:53:37.820	0.93413				2
2025.05.22	00:53:38.243	0.93412				2
2025.05.22	00:53:41.240	0.93413	0.93546			6
2025.05.22	00:53:45.563	0.93414	0.93577			6
2025.05.22	00:53:46.061	0.93413				2
2025.05.22	00:53:47.240	0.93414				2
2025.05.22	00:53:54.148	0.93415				2
2025.05.22	00:54:00.443	0.93416				2
2025.05.22	00:54:11.540	0.93417				2
2025.05.22	00:54:11.843	0.93416				2
2025.05.22	00:54:13.042	0.93417				2
2025.05.22	00:54:16.402		0.93546			4
2025.05.22	00:54:19.297	0.93444	0.93577			6
2025.05.22	00:54:33.473		0.93591			4
2025.05.22	00:54:43.400		0.93550			4
2025.05.22	00:54:50.241	0.93465	0.93589			6
2025.05.22	00:54:52.104	0.93460	0.93582			6
2025.05.22	00:55:00.143	0.93460				2
2025.05.22	00:55:11.819	0.93468				2
2025.05.22	00:55:16.403	0.93469	0.93561			6
2025.05.22	00:55:19.646	0.93445	0.93549			6
2025.05.22	00:55:21.160		0.93581			4
2025.05.22	00:55:23.358	0.93444	0.93582			6
2025.05.22	00:55:24.062		0.93579			4
2025.05.22	00:55:26.401	0.93429				2
2025.05.22	00:55:29.355	0.93430				2
2025.05.22	00:55:36.142		0.93578			4
2025.05.22	00:55:37.944	0.93431				2
2025.05.22	00:55:43.405		0.93553			4
2025.05.22	00:55:51.403		0.93578			4
2025.05.22	00:55:52.942	0.93415	0.93574			6
2025.05.22	00:55:53.247	0.93413	0.93579			6
2025.05.22	00:55:54.136	0.93424	0.93568			6
2025.05.22	00:55:54.672		0.93569			4
2025.05.22	00:55:55.888	0.93422	0.93570			6
2025.05.22	00:55:57.358	0.93421	0.93571			6
2025.05.22	00:55:57.885	0.93422	0.93570			6
2025.05.22	00:55:59.405	0.93420	0.93572			6
2025.05.22	00:56:00.398	0.93420	0.93580			6
2025.05.22	00:56:00.895	0.93418	0.93557			6
2025.05.22	00:56:06.739		0.93558			4
2025.05.22	00:56:16.682	0.93371	0.93569			6
2025.05.22	00:56:17.206	0.93403	0.93566			6
2025.05.22	00:56:18.312	0.93369	0.93571			6
2025.05.22	00:56:19.569	0.93403	0.93566			6
2025.05.22	00:56:21.407	0.93369	0.93571			6
2025.05.22	00:56:25.927	0.93368	0.93558			6
2025.05.22	00:56:27.037		0.93559			4
2025.05.22	00:56:34.569		0.93562			4
2025.05.22	00:56:34.978	0.93384	0.93563			6
2025.05.22	00:56:41.387	0.93368				2
2025.05.22	00:56:45.711		0.93553			4
2025.05.22	00:56:47.839		0.93563			4
2025.05.22	00:56:52.344		0.93564			4
2025.05.22	00:56:55.043		0.93563			4
2025.05.22	00:56:56.100		0.93549			4
2025.05.22	00:57:00.746	0.93368	0.93547			6
2025.05.22	00:57:01.647	0.93384	0.93551			6
2025.05.22	00:57:04.258	0.93436	0.93566			6
2025.05.22	00:57:07.505		0.93563			4
2025.05.22	00:57:07.869		0.93566			4
2025.05.22	00:57:08.511	0.93399	0.93548			6
2025.05.22	00:57:08.857		0.93546			4
2025.05.22	00:57:09.897		0.93544			4
2025.05.22	00:57:20.836		0.93543			4
2025.05.22	00:57:40.389		0.93544			4
2025.05.22	00:57:57.076		0.93541			4
2025.05.22	00:58:01.319	0.93399				2
2025.05.22	00:58:33.659		0.93542			4
2025.05.22	00:58:34.169		0.93540			4
2025.05.22	00:58:39.807		0.93542			4
2025.05.22	00:58:56.840		0.93543			4
2025.05.22	00:59:01.065	0.93399				2
2025.05.22	00:59:05.856		0.93542			4
2025.05.22	00:59:08.625	0.93373				2
2025.05.22	00:59:13.082	0.93392	0.93560			6
2025.05.22	00:59:23.085	0.93393				2
2025.05.22	00:59:28.726	0.93399	0.93563			6
2025.05.22	00:59:29.029	0.93383	0.93549			6
2025.05.22	00:59:40.041	0.93384				2
2025.05.22	00:59:41.539		0.93548			4
2025.05.22	00:59:49.533	0.93400	0.93563			6
2025.05.22	00:59:49.837	0.93393	0.93556			6
2025.05.22	00:59:55.652	0.93392	0.93555			6
2025.05.22	00:59:58.523	0.93395	0.93558			6
2025.05.22	01:00:00.312	0.93391	0.93562			6
2025.05.22	01:00:00.625	0.93392	0.93584			6
2025.05.22	01:00:00.981	0.93396				2
2025.05.22	01:00:01.298	0.93392	0.93530			6
2025.05.22	01:00:01.619	0.93451	0.93519			6
2025.05.22	01:00:02.541	0.93425	0.93575			6
2025.05.22	01:00:02.842	0.93417	0.93565			6
2025.05.22	01:00:03.148	0.93416	0.93563			6
2025.05.22	01:00:03.453	0.93419	0.93566			6
2025.05.22	01:00:04.066	0.93428	0.93572			6
2025.05.22	01:00:04.412	0.93422	0.93565			6
2025.05.22	01:00:04.724	0.93425	0.93568			6
2025.05.22	01:00:05.074	0.93437	0.93510			6
2025.05.22	01:00:07.515		0.93490			4
2025.05.22	01:00:08.465		0.93510			4
2025.05.22	01:00:12.501		0.93509			4
2025.05.22	01:00:13.664		0.93510			4
2025.05.22	01:00:14.241	0.93444	0.93501			6
2025.05.22	01:00:17.936	0.93464				2
2025.05.22	01:00:18.240	0.93463				2
2025.05.22	01:00:18.566	0.93459				2
2025.05.22	01:00:20.246	0.93457				2
2025.05.22	01:00:20.724	0.93458				2
2025.05.22	01:00:22.378	0.93459				2
2025.05.22	01:00:23.367	0.93461				2
2025.05.22	01:00:23.712	0.93460				2
2025.05.22	01:00:24.452	0.93461				2
2025.05.22	01:00:25.343	0.93452				2
2025.05.22	01:00:30.357	0.93461				2
2025.05.22	01:00:30.657	0.93473				2
2025.05.22	01:00:31.405	0.93454	0.93503			6
2025.05.22	01:00:35.576	0.93481	0.93502			6
2025.05.22	01:00:36.011	0.93473	0.93503			6
2025.05.22	01:00:50.186	0.93458				2
2025.05.22	01:00:59.304	0.93462	0.93501			6
2025.05.22	01:01:00.311	0.93462				2
2025.05.22	01:01:00.741	0.93464				2
2025.05.22	01:01:04.013	0.93462				2
2025.05.22	01:01:10.384	0.93460				2
2025.05.22	01:01:10.699	0.93467				2
2025.05.22	01:01:26.076	0.93462				2
2025.05.22	01:01:26.380	0.93467	0.93507			6
2025.05.22	01:01:28.104	0.93472	0.93510			6
2025.05.22	01:01:28.406	0.93473	0.93504			6
2025.05.22	01:01:30.949	0.93470				2
2025.05.22	01:01:39.545	0.93469				2
2025.05.22	01:01:40.365	0.93467	0.93501			6
2025.05.22	01:01:42.209	0.93463				2
2025.05.22	01:01:42.579	0.93467				2
2025.05.22	01:01:43.909	0.93469				2
2025.05.22	01:01:44.218	0.93477	0.93511			6
2025.05.22	01:01:46.379	0.93483	0.93514			6
2025.05.22	01:01:46.688	0.93484	0.93521			6
2025.05.22	01:01:51.785	0.93487	0.93515			6
2025.05.22	01:01:52.173		0.93511			4
2025.05.22	01:01:52.642	0.93477	0.93514			6
2025.05.22	01:01:53.166	0.93478	0.93515			6
2025.05.22	01:01:54.237		0.93517			4
2025.05.22	01:01:56.242	0.93482				2
2025.05.22	01:01:57.631	0.93478	0.93515			6
2025.05.22	01:01:58.113	0.93479				2
2025.05.22	01:01:58.425	0.93477				2
2025.05.22	01:01:59.918		0.93511			4
2025.05.22	01:02:00.257	0.93481	0.93515			6
2025.05.22	01:02:00.563	0.93482	0.93519			6
2025.05.22	01:02:01.786	0.93481				2
2025.05.22	01:02:02.238	0.93479	0.93517			6
2025.05.22	01:02:02.541		0.93519			4
2025.05.22	01:02:03.596		0.93512			4
2025.05.22	01:02:03.992	0.93478	0.93513			6
2025.05.22	01:02:04.354	0.93479	0.93510			6
2025.05.22	01:02:05.515	0.93476	0.93509			6
2025.05.22	01:02:06.266		0.93507			4
2025.05.22	01:02:06.833	0.93478	0.93512			6
2025.05.22	01:02:07.722	0.93481	0.93517			6
2025.05.22	01:02:08.030	0.93482				2
2025.05.22	01:02:08.357	0.93481	0.93518			6
2025.05.22	01:02:12.326	0.93482	0.93514			6
2025.05.22	01:02:15.944		0.93518			4
2025.05.22	01:02:16.383		0.93517			4
2025.05.22	01:02:18.353		0.93525			4
2025.05.22	01:02:18.808	0.93486	0.93522			6
2025.05.22	01:02:20.706	0.93487				2
2025.05.22	01:02:22.343		0.93525			4
2025.05.22	01:02:22.942		0.93523			4
2025.05.22	01:02:23.988	0.93486	0.93522			6
2025.05.22	01:02:27.468	0.93485	0.93521			6
2025.05.22	01:02:27.778	0.93481				2
2025.05.22	01:02:32.228		0.93518			4
2025.05.22	01:02:35.883	0.93482				2
2025.05.22	01:02:37.772		0.93517			4
2025.05.22	01:02:44.863		0.93518			4
2025.05.22	01:02:47.796		0.93514			4
2025.05.22	01:02:48.534		0.93512			4
2025.05.22	01:02:49.365		0.93515			4
2025.05.22	01:02:49.819		0.93517			4
2025.05.22	01:02:53.661	0.93483				2
2025.05.22	01:02:54.746	0.93482				2
2025.05.22	01:03:00.413	0.93482				2
2025.05.22	01:03:01.510	0.93476	0.93512			6
2025.05.22	01:03:02.242	0.93475				2
2025.05.22	01:03:02.602		0.93511			4
2025.05.22	01:03:03.134		0.93512			4
2025.05.22	01:03:03.558		0.93511			4
2025.05.22	01:03:03.922	0.93476				2
2025.05.22	01:03:04.353		0.93512			4
2025.05.22	01:03:05.611	0.93474	0.93511			6
2025.05.22	01:03:05.928	0.93479	0.93512			6
2025.05.22	01:03:06.241		0.93513			4
2025.05.22	01:03:11.318	0.93482				2
2025.05.22	01:03:12.899	0.93483				2
2025.05.22	01:03:13.988	0.93485				2
2025.05.22	01:03:15.911	0.93486				2
2025.05.22	01:03:16.631	0.93487				2
2025.05.22	01:03:17.257		0.93512			4
2025.05.22	01:03:17.907		0.93513			4
2025.05.22	01:03:20.608	0.93481	0.93510			6
2025.05.22	01:03:25.365	0.93479	0.93506			6
2025.05.22	01:03:25.681	0.93480	0.93511			6
2025.05.22	01:03:27.296	0.93479				2
2025.05.22	01:03:29.171	0.93478				2
2025.05.22	01:03:29.951		0.93510			4
2025.05.22	01:03:31.456		0.93511			4
2025.05.22	01:03:31.982	0.93481	0.93512			6
2025.05.22	01:03:32.387	0.93478				2
2025.05.22	01:03:35.756	0.93479				2
2025.05.22	01:03:38.223		0.93511			4
2025.05.22	01:03:38.948	0.93477	0.93512			6
2025.05.22	01:03:42.353	0.93476				2
2025.05.22	01:03:43.640		0.93511			4
2025.05.22	01:03:43.988	0.93477	0.93512			6
2025.05.22	01:03:44.299	0.93476	0.93510			6
2025.05.22	01:03:45.953	0.93474	0.93509			6
2025.05.22	01:03:46.263	0.93475				2
2025.05.22	01:03:52.242	0.93472	0.93507			6
2025.05.22	01:03:58.846	0.93469	0.93504			6
2025.05.22	01:04:00.142	0.93469				2
2025.05.22	01:04:02.372		0.93501			4
2025.05.22	01:04:05.914	0.93467	0.93499			6
2025.05.22	01:04:08.541		0.93500			4
2025.05.22	01:04:09.461		0.93499			4
2025.05.22	01:04:16.044		0.93498			4
2025.05.22	01:04:19.657	0.93471	0.93501			6
2025.05.22	01:04:20.357	0.93470				2
2025.05.22	01:04:20.761	0.93469				2
2025.05.22	01:04:22.257	0.93468				2
2025.05.22	01:04:22.941	0.93467				2
2025.05.22	01:04:26.859	0.93468				2
2025.05.22	01:04:27.166	0.93470				2
2025.05.22	01:04:27.539	0.93477	0.93508			6
2025.05.22	01:04:30.141	0.93478				2
2025.05.22	01:04:31.366	0.93477				2
2025.05.22	01:04:31.710		0.93507			4
2025.05.22	01:04:34.895		0.93505			4
2025.05.22	01:04:40.679	0.93478				2
2025.05.22	01:04:41.318	0.93479				2
2025.05.22	01:04:42.001	0.93477				2
2025.05.22	01:04:49.806	0.93476				2
2025.05.22	01:04:52.642	0.93477				2
2025.05.22	01:04:53.029	0.93478				2
2025.05.22	01:04:57.546	0.93480	0.93507			6
2025.05.22	01:04:58.420	0.93479				2
2025.05.22	01:05:00.412	0.93479				2
2025.05.22	01:05:01.066	0.93480				2
2025.05.22	01:05:02.944	0.93484	0.93511			6
2025.05.22	01:05:05.242	0.93483				2
2025.05.22	01:05:08.938	0.93482				2
2025.05.22	01:05:10.739	0.93481	0.93508			6
2025.05.22	01:05:11.041	0.93479	0.93507			6
2025.05.22	01:05:11.429	0.93480				2
2025.05.22	01:05:15.443	0.93479	0.93501			6
2025.05.22	01:05:23.957	0.93480				2
2025.05.22	01:05:25.068	0.93479	0.93504			6
2025.05.22	01:05:26.331	0.93478	0.93503			6
2025.05.22	01:05:26.638	0.93479				2
2025.05.22	01:05:27.208		0.93504			4
2025.05.22	01:05:28.956	0.93478	0.93505			6
2025.05.22	01:05:29.849		0.93504			4
2025.05.22	01:05:30.842	0.93477				2
2025.05.22	01:05:32.652		0.93503			4
2025.05.22	01:05:34.507	0.93475				2
2025.05.22	01:05:34.820	0.93477				2
2025.05.22	01:05:35.557	0.93479	0.93501			6
2025.05.22	01:05:37.364	0.93478	0.93502			6
2025.05.22	01:05:37.809	0.93477	0.93504			6
2025.05.22	01:05:38.116	0.93476	0.93501			6
2025.05.22	01:05:38.451	0.93475	0.93500			6
2025.05.22	01:05:38.799	0.93477	0.93501			6
2025.05.22	01:05:39.117		0.93500			4
2025.05.22	01:05:39.441	0.93478	0.93501			6
2025.05.22	01:05:40.192	0.93477	0.93496			6
2025.05.22	01:05:41.318	0.93476				2
2025.05.22	01:05:41.640		0.93495			4
2025.05.22	01:05:42.505	0.93477	0.93497			6
2025.05.22	01:05:43.665	0.93478	0.93496			6
2025.05.22	01:05:44.112	0.93476	0.93497			6
2025.05.22	01:05:44.420	0.93471	0.93493			6
2025.05.22	01:05:45.468	0.93470				2
2025.05.22	01:05:46.150	0.93472	0.93495			6
2025.05.22	01:05:46.520	0.93471	0.93492			6
2025.05.22	01:05:47.077		0.93491			4
2025.05.22	01:05:50.477	0.93470	0.93490			6
2025.05.22	01:05:50.842		0.93491			4
2025.05.22	01:05:51.976		0.93494			4
2025.05.22	01:05:52.280	0.93471	0.93493			6
2025.05.22	01:05:53.214		0.93494			4
2025.05.22	01:05:55.800		0.93493			4
2025.05.22	01:05:58.422		0.93494			4
2025.05.22	01:05:58.799		0.93493			4
2025.05.22	01:05:59.363		0.93494			4
2025.05.22	01:06:00.016	0.93471	0.93493			6
2025.05.22	01:06:00.360		0.93494			4
2025.05.22	01:06:00.873		0.93495			4
2025.05.22	01:06:01.286	0.93473	0.93496			6
2025.05.22	01:06:01.598	0.93475				2
2025.05.22	01:06:02.541	0.93479				2
2025.05.22	01:06:02.843	0.93481	0.93498			6
2025.05.22	01:06:03.249	0.93473	0.93496			6
2025.05.22	01:06:03.563	0.93471	0.93493			6
2025.05.22	01:06:05.243		0.93494			4
2025.05.22	01:06:05.571	0.93473	0.93495			6
2025.05.22	01:06:06.922	0.93484	0.93506			6
2025.05.22	01:06:07.233	0.93485	0.93505			6
2025.05.22	01:06:08.241	0.93484	0.93506			6
2025.05.22	01:06:08.560	0.93483	0.93505			6
2025.05.22	01:06:09.358	0.93479	0.93501			6
2025.05.22	01:06:11.028	0.93477				2
2025.05.22	01:06:12.440		0.93500			4
2025.05.22	01:06:13.137	0.93475	0.93496			6
2025.05.22	01:06:14.882	0.93473	0.93493			6
2025.05.22	01:06:15.743		0.93494			4
2025.05.22	01:06:19.219		0.93495			4
2025.05.22	01:06:23.522	0.93472	0.93493			6
2025.05.22	01:06:25.040		0.93492			4
2025.05.22	01:06:27.756	0.93471				2
2025.05.22	01:06:30.634	0.93472	0.93494			6
2025.05.22	01:06:32.543		0.93493			4
2025.05.22	01:06:35.550	0.93477	0.93495			6
2025.05.22	01:06:35.904		0.93496			4
2025.05.22	01:06:38.676	0.93479	0.93498			6
2025.05.22	01:06:40.342	0.93480	0.93499			6
2025.05.22	01:06:41.490	0.93477	0.93497			6
2025.05.22	01:06:43.142	0.93481	0.93500			6
2025.05.22	01:06:47.508	0.93479	0.93498			6
2025.05.22	01:06:49.933	0.93477	0.93497			6
2025.05.22	01:06:51.322	0.93479	0.93499			6
2025.05.22	01:06:51.637		0.93498			4
2025.05.22	01:06:52.061	0.93480	0.93501			6
2025.05.22	01:06:53.112	0.93481	0.93504			6
2025.05.22	01:06:53.542	0.93484	0.93506			6
2025.05.22	01:06:54.216	0.93485	0.93508			6
2025.05.22	01:06:59.039	0.93487	0.93509			6
2025.05.22	01:06:59.485	0.93488				2
2025.05.22	01:07:00.740	0.93488				2
2025.05.22	01:07:01.060	0.93484	0.93507			6
2025.05.22	01:07:02.309	0.93486	0.93509			6
2025.05.22	01:07:03.841	0.93489	0.93511			6
2025.05.22	01:07:04.557	0.93491				2
2025.05.22	01:07:05.521	0.93495	0.93516			6
2025.05.22	01:07:06.750	0.93496	0.93518			6
2025.05.22	01:07:07.058	0.93498	0.93521			6
2025.05.22	01:07:08.131	0.93499				2
2025.05.22	01:07:09.017	0.93503	0.93524			6
2025.05.22	01:07:09.740	0.93504				2
2025.05.22	01:07:10.263	0.93503				2
2025.05.22	01:07:11.542	0.93505	0.93527			6
2025.05.22	01:07:11.915	0.93507	0.93529			6
2025.05.22	01:07:13.931	0.93505	0.93528			6
2025.05.22	01:07:15.100	0.93507	0.93529			6
2025.05.22	01:07:18.605	0.93509	0.93531			6
2025.05.22	01:07:23.761	0.93512				2
2025.05.22	01:07:26.104		0.93535			4
2025.05.22	01:07:26.567		0.93531			4
2025.05.22	01:07:29.788	0.93513				2
2025.05.22	01:07:33.705	0.93512				2
2025.05.22	01:07:35.841	0.93511				2
2025.05.22	01:07:39.157	0.93500	0.93521			6
2025.05.22	01:07:39.665	0.93497	0.93518			6
2025.05.22	01:07:40.053	0.93499	0.93520			6
2025.05.22	01:07:41.910		0.93519			4
2025.05.22	01:07:42.220	0.93497	0.93518			6
2025.05.22	01:07:45.298	0.93499	0.93519			6
2025.05.22	01:07:47.498	0.93500	0.93520			6
2025.05.22	01:07:49.676	0.93501	0.93521			6
2025.05.22	01:07:50.240	0.93502				2
2025.05.22	01:07:53.306	0.93503	0.93524			6
2025.05.22	01:07:56.249		0.93525			4
2025.05.22	01:07:58.647	0.93502	0.93522			6
2025.05.22	01:07:59.049	0.93501	0.93521			6
2025.05.22	01:07:59.379	0.93500				2
2025.05.22	01:08:01.941	0.93500				2
2025.05.22	01:08:09.678	0.93502				2
2025.05.22	01:08:10.934	0.93501				2
2025.05.22	01:08:16.742	0.93503				2
2025.05.22	01:08:19.145	0.93500				2
2025.05.22	01:08:20.311	0.93499				2
2025.05.22	01:08:20.621	0.93496	0.93518			6
2025.05.22	01:08:36.740		0.93519			4
2025.05.22	01:08:47.365		0.93518			4
2025.05.22	01:08:50.732		0.93519			4
2025.05.22	01:09:00.204	0.93496	0.93520			6
2025.05.22	01:09:01.708	0.93482	0.93507			6
2025.05.22	01:09:02.645	0.93486	0.93509			6
2025.05.22	01:09:05.502		0.93508			4
2025.05.22	01:09:06.143		0.93507			4
2025.05.22	01:09:06.547		0.93508			4
2025.05.22	01:09:07.943		0.93509			4
2025.05.22	01:09:08.260		0.93508			4
2025.05.22	01:09:17.476	0.93488	0.93511			6
2025.05.22	01:09:18.165	0.93487				2
2025.05.22	01:09:20.564	0.93489				2
2025.05.22	01:09:21.143	0.93491				2
2025.05.22	01:09:21.503	0.93490				2
2025.05.22	01:09:23.267	0.93491				2
2025.05.22	01:09:24.580	0.93487				2
2025.05.22	01:09:24.983		0.93508			4
2025.05.22	01:09:27.300	0.93488				2
2025.05.22	01:09:28.861	0.93487				2
2025.05.22	01:09:31.640		0.93507			4
2025.05.22	01:09:32.512	0.93483	0.93506			6
2025.05.22	01:09:44.242	0.93484				2
2025.05.22	01:09:59.960	0.93486	0.93507			6
2025.05.22	01:10:00.437	0.93486	0.93506			6
2025.05.22	01:10:01.856	0.93472	0.93496			6
2025.05.22	01:10:02.189		0.93495			4
2025.05.22	01:10:07.335	0.93470	0.93494			6
2025.05.22	01:10:07.638		0.93493			4
2025.05.22	01:10:07.954	0.93471	0.93494			6
2025.05.22	01:10:09.140	0.93470	0.93493			6
2025.05.22	01:10:10.323		0.93494			4
2025.05.22	01:10:12.323	0.93472	0.93492			6
2025.05.22	01:10:13.215	0.93474	0.93494			6
2025.05.22	01:10:14.132	0.93476	0.93496			6
2025.05.22	01:10:20.724	0.93474	0.93494			6
2025.05.22	01:10:21.856	0.93475	0.93495			6
2025.05.22	01:10:30.445	0.93476	0.93496			6
2025.05.22	01:10:31.504	0.93475	0.93493			6
2025.05.22	01:10:32.502		0.93494			4
2025.05.22	01:10:32.841	0.93476				2
2025.05.22	01:10:34.041	0.93475				2
2025.05.22	01:10:35.830		0.93492			4
2025.05.22	01:10:36.132		0.93493			4
2025.05.22	01:10:36.730		0.93495			4
2025.05.22	01:10:38.124		0.93496			4
2025.05.22	01:10:39.974	0.93476				2
2025.05.22	01:10:40.388	0.93474				2
2025.05.22	01:10:40.699		0.93497			4
2025.05.22	01:10:41.251		0.93496			4
2025.05.22	01:10:43.996		0.93497			4
2025.05.22	01:10:47.139	0.93477	0.93499			6
2025.05.22	01:10:48.008		0.93500			4
2025.05.22	01:11:00.444	0.93477				2
2025.05.22	01:11:01.095	0.93479	0.93495			6
2025.05.22	01:11:03.425		0.93494			4
2025.05.22	01:11:03.776		0.93496			4
2025.05.22	01:11:04.726	0.93481	0.93498			6
2025.05.22	01:11:05.649		0.93500			4
2025.05.22	01:11:06.587	0.93480				2
2025.05.22	01:11:10.947		0.93501			4
2025.05.22	01:11:17.199	0.93482	0.93502			6
2025.05.22	01:11:17.536	0.93479	0.93499			6
2025.05.22	01:11:17.840	0.93476	0.93496			6
2025.05.22	01:11:21.278	0.93477				2
2025.05.22	01:11:22.641	0.93480	0.93499			6
2025.05.22	01:11:27.042	0.93481				2
2025.05.22	01:11:29.542		0.93501			4
2025.05.22	01:11:30.503	0.93485	0.93504			6
2025.05.22	01:11:30.893	0.93484				2
2025.05.22	01:11:32.018	0.93483	0.93503			6
2025.05.22	01:11:32.319	0.93482				2
2025.05.22	01:11:32.909	0.93483				2
2025.05.22	01:11:33.308	0.93482	0.93501			6
2025.05.22	01:11:33.640	0.93481				2
2025.05.22	01:11:35.123		0.93499			4
2025.05.22	01:11:37.488	0.93477	0.93493			6
2025.05.22	01:11:37.940	0.93478				2
2025.05.22	01:11:38.243	0.93484	0.93500			6
2025.05.22	01:11:38.843		0.93503			4
2025.05.22	01:11:39.297	0.93485				2
2025.05.22	01:11:39.703	0.93484	0.93502			6
2025.05.22	01:11:42.148		0.93505			4
2025.05.22	01:11:42.451	0.93485				2
2025.05.22	01:11:44.246	0.93483	0.93507			6
2025.05.22	01:11:45.850	0.93484	0.93506			6
2025.05.22	01:11:48.451	0.93483	0.93507			6
2025.05.22	01:11:49.401	0.93484				2
2025.05.22	01:11:52.762	0.93485	0.93508			6
2025.05.22	01:11:53.065		0.93509			4
2025.05.22	01:11:56.443	0.93489	0.93511			6
2025.05.22	01:11:59.843		0.93512			4
2025.05.22	01:12:00.382	0.93489				2
2025.05.22	01:12:01.136		0.93511			4
2025.05.22	01:12:01.942	0.93490	0.93510			6
2025.05.22	01:12:03.372		0.93509			4
2025.05.22	01:12:04.942		0.93510			4
2025.05.22	01:12:06.141	0.93486	0.93506			6
2025.05.22	01:12:06.601	0.93485	0.93505			6
2025.05.22	01:12:06.945		0.93502			4
2025.05.22	01:12:08.854		0.93505			4
2025.05.22	01:12:14.471		0.93506			4
2025.05.22	01:12:22.243	0.93484	0.93505			6
2025.05.22	01:12:22.644	0.93483				2
2025.05.22	01:12:23.844		0.93506			4
2025.05.22	01:12:24.403	0.93485	0.93507			6
2025.05.22	01:12:24.730	0.93486				2
2025.05.22	01:12:26.749		0.93508			4
2025.05.22	01:12:27.112	0.93492	0.93513			6
2025.05.22	01:12:29.562	0.93489	0.93509			6
2025.05.22	01:12:29.873	0.93487				2
2025.05.22	01:12:31.359	0.93492	0.93512			6
2025.05.22	01:12:31.722	0.93491	0.93509			6
2025.05.22	01:12:32.040		0.93511			4
2025.05.22	01:12:32.743	0.93489	0.93509			6
2025.05.22	01:12:35.241	0.93487	0.93508			6
2025.05.22	01:12:37.341	0.93489	0.93509			6
2025.05.22	01:12:38.975	0.93487	0.93508			6
2025.05.22	01:12:39.329	0.93489	0.93509			6
2025.05.22	01:12:40.165	0.93487	0.93508			6
2025.05.22	01:12:41.348		0.93509			4
2025.05.22	01:12:41.843	0.93489				2
2025.05.22	01:12:48.445		0.93510			4
2025.05.22	01:12:49.052		0.93509			4
2025.05.22	01:13:01.375	0.93489				2
2025.05.22	01:13:13.614	0.93487	0.93508			6
2025.05.22	01:13:19.342		0.93507			4
2025.05.22	01:13:19.941		0.93508			4
2025.05.22	01:13:23.841	0.93489	0.93509			6
2025.05.22	01:13:54.420	0.93491	0.93511			6
2025.05.22	01:13:54.729	0.93490				2
2025.05.22	01:13:55.675		0.93512			4
2025.05.22	01:13:56.258		0.93511			4
2025.05.22	01:13:57.990		0.93510			4
2025.05.22	01:13:59.541	0.93489	0.93509			6
2025.05.22	01:14:00.415	0.93489				2
2025.05.22	01:14:00.742	0.93492	0.93513			6
2025.05.22	01:14:18.566	0.93490	0.93510			6
2025.05.22	01:14:18.901	0.93492	0.93512			6
2025.05.22	01:14:22.811		0.93513			4
2025.05.22	01:14:33.440		0.93512			4
2025.05.22	01:14:35.160	0.93488	0.93513			6
2025.05.22	01:14:35.480	0.93486	0.93505			6
2025.05.22	01:14:35.911	0.93485				2
2025.05.22	01:14:37.946		0.93504			4
2025.05.22	01:14:42.758	0.93484				2
2025.05.22	01:14:55.462	0.93485				2
2025.05.22	01:14:59.841	0.93495	0.93513			6
2025.05.22	01:15:00.144	0.93493				2
2025.05.22	01:15:02.321		0.93512			4
2025.05.22	01:15:03.726	0.93492	0.93513			6
2025.05.22	01:15:04.883	0.93493				2
2025.05.22	01:15:05.946	0.93492	0.93512			6
2025.05.22	01:15:06.860	0.93493				2
2025.05.22	01:15:08.495		0.93513			4
2025.05.22	01:15:12.773	0.93494				2
2025.05.22	01:15:16.289	0.93491	0.93511			6
2025.05.22	01:15:17.321		0.93510			4
2025.05.22	01:15:54.196	0.93493	0.93511			6
2025.05.22	01:15:54.498	0.93496	0.93514			6
2025.05.22	01:15:54.838	0.93497	0.93515			6
2025.05.22	01:15:56.335	0.93496				2
2025.05.22	01:15:57.596	0.93495	0.93514			6
2025.05.22	01:15:59.541	0.93496	0.93515			6
2025.05.22	01:16:00.359	0.93495	0.93514			6
2025.05.22	01:16:02.837	0.93494				2
2025.05.22	01:16:04.166		0.93513			4
2025.05.22	01:16:05.398	0.93493	0.93512			6
2025.05.22	01:16:14.598	0.93489	0.93509			6
2025.05.22	01:16:17.106	0.93491	0.93510			6
2025.05.22	01:16:20.091	0.93490	0.93511			6
2025.05.22	01:16:21.127	0.93491	0.93510			6
2025.05.22	01:16:22.187	0.93490	0.93512			6
2025.05.22	01:16:22.488	0.93491	0.93511			6
2025.05.22	01:16:23.224	0.93490				2
2025.05.22	01:16:23.543	0.93491	0.93510			6
2025.05.22	01:16:28.410		0.93511			4
2025.05.22	01:16:29.053		0.93510			4
2025.05.22	01:16:30.031		0.93511			4
2025.05.22	01:16:33.135	0.93485	0.93505			6
2025.05.22	01:16:33.763	0.93483	0.93507			6
2025.05.22	01:16:34.150		0.93506			4
2025.05.22	01:16:34.458		0.93504			4
2025.05.22	01:16:34.791	0.93484				2
2025.05.22	01:16:35.120	0.93483	0.93506			6
2025.05.22	01:16:35.512		0.93505			4
2025.05.22	01:16:35.833	0.93484	0.93504			6
2025.05.22	01:16:36.154	0.93483	0.93505			6
2025.05.22	01:16:36.511		0.93504			4
2025.05.22	01:16:36.877	0.93484				2
2025.05.22	01:16:37.197	0.93483	0.93505			6
2025.05.22	01:16:37.557		0.93504			4
2025.05.22	01:16:37.857		0.93505			4
2025.05.22	01:16:38.546	0.93484	0.93504			6
2025.05.22	01:16:38.878	0.93483	0.93505			6
2025.05.22	01:16:39.442	0.93488	0.93508			6
2025.05.22	01:16:39.758	0.93499	0.93517			6
2025.05.22	01:16:40.060	0.93497	0.93516			6
2025.05.22	01:16:40.376	0.93495				2
2025.05.22	01:16:40.679	0.93497	0.93515			6
2025.05.22	01:16:41.965	0.93495	0.93514			6
2025.05.22	01:16:44.045	0.93496				2
2025.05.22	01:16:45.476	0.93498	0.93517			6
2025.05.22	01:16:45.779	0.93496				2
2025.05.22	01:16:46.127	0.93491	0.93513			6
2025.05.22	01:16:46.457	0.93490	0.93512			6
2025.05.22	01:16:46.761		0.93513			4
2025.05.22	01:16:47.075	0.93498	0.93518			6
2025.05.22	01:16:47.378	0.93495	0.93517			6
2025.05.22	01:16:47.690	0.93506	0.93525			6
2025.05.22	01:16:47.999	0.93507	0.93530			6
2025.05.22	01:16:48.305	0.93508	0.93528			6
2025.05.22	01:16:49.017	0.93512	0.93532			6
2025.05.22	01:16:50.231	0.93513				2
2025.05.22	01:16:50.968	0.93511	0.93529			6
2025.05.22	01:16:51.278	0.93509	0.93527			6
2025.05.22	01:16:52.089	0.93508				2
2025.05.22	01:16:52.847	0.93511	0.93530			6
2025.05.22	01:16:54.130	0.93512				2
2025.05.22	01:16:55.640	0.93515	0.93533			6
2025.05.22	01:16:56.036	0.93516	0.93535			6
2025.05.22	01:16:56.382	0.93517				2
2025.05.22	01:16:56.715	0.93515	0.93533			6
2025.05.22	01:16:57.069	0.93511	0.93531			6
2025.05.22	01:16:57.386	0.93512				2
2025.05.22	01:16:57.742	0.93510	0.93530			6
2025.05.22	01:16:58.936		0.93531			4
2025.05.22	01:17:00.451	0.93510	0.93530			6
2025.05.22	01:17:01.137	0.93506	0.93529			6
2025.05.22	01:17:02.234		0.93527			4
2025.05.22	01:17:02.947		0.93522			4
2025.05.22	01:17:03.287	0.93507	0.93524			6
2025.05.22	01:17:03.599	0.93505	0.93526			6
2025.05.22	01:17:03.943	0.93506	0.93525			6
2025.05.22	01:17:04.958	0.93509	0.93526			6
2025.05.22	01:17:05.265	0.93505	0.93523			6
2025.05.22	01:17:07.073	0.93501	0.93521			6
2025.05.22	01:17:07.382	0.93499	0.93518			6
2025.05.22	01:17:07.704	0.93502	0.93521			6
2025.05.22	01:17:08.149	0.93500	0.93519			6
2025.05.22	01:17:08.458	0.93499				2
2025.05.22	01:17:08.876		0.93518			4
2025.05.22	01:17:10.260		0.93520			4
2025.05.22	01:17:10.657		0.93519			4
2025.05.22	01:17:10.972	0.93503	0.93522			6
2025.05.22	01:17:14.550	0.93502	0.93521			6
2025.05.22	01:17:15.855	0.93504	0.93522			6
2025.05.22	01:17:16.226	0.93503				2
2025.05.22	01:17:17.074	0.93505	0.93524			6
2025.05.22	01:17:17.652		0.93525			4
2025.05.22	01:17:17.956		0.93523			4
2025.05.22	01:17:18.351	0.93504				2
2025.05.22	01:17:19.342	0.93503	0.93522			6
2025.05.22	01:17:19.681	0.93506	0.93525			6
2025.05.22	01:17:19.998	0.93508	0.93527			6
2025.05.22	01:17:20.689		0.93528			4
2025.05.22	01:17:21.061	0.93510	0.93527			6
2025.05.22	01:17:21.703	0.93508				2
2025.05.22	01:17:22.090	0.93507	0.93525			6
2025.05.22	01:17:22.390		0.93524			4
2025.05.22	01:17:24.123		0.93526			4
2025.05.22	01:17:24.429		0.93525			4
2025.05.22	01:17:25.425		0.93524			4
2025.05.22	01:17:26.144	0.93505	0.93525			6
2025.05.22	01:17:26.513	0.93507	0.93526			6
2025.05.22	01:17:27.743	0.93506				2
2025.05.22	01:17:28.212	0.93503	0.93522			6
2025.05.22	01:17:28.521	0.93505	0.93523			6
2025.05.22	01:17:29.299	0.93503	0.93522			6
2025.05.22	01:17:30.153	0.93505	0.93523			6
2025.05.22	01:17:30.896	0.93506	0.93527			6
2025.05.22	01:17:31.277		0.93524			4
2025.05.22	01:17:32.243	0.93505	0.93523			6
2025.05.22	01:17:32.569		0.93524			4
2025.05.22	01:17:33.959		0.93523			4
2025.05.22	01:17:34.941		0.93524			4
2025.05.22	01:17:39.457		0.93523			4
2025.05.22	01:17:40.754	0.93507	0.93525			6
2025.05.22	01:17:41.175		0.93524			4
2025.05.22	01:17:41.816		0.93525			4
2025.05.22	01:17:43.975		0.93524			4
2025.05.22	01:17:44.293	0.93506	0.93525			6
2025.05.22	01:17:44.605		0.93524			4
2025.05.22	01:17:45.015	0.93508				2
2025.05.22	01:17:45.318		0.93523			4
2025.05.22	01:17:46.274	0.93507	0.93524			6
2025.05.22	01:17:49.497		0.93525			4
2025.05.22	01:17:50.419	0.93510	0.93529			6
2025.05.22	01:17:50.730	0.93509				2
2025.05.22	01:17:56.131		0.93528			4
2025.05.22	01:17:56.631	0.93510	0.93529			6
2025.05.22	01:17:58.584	0.93509				2
2025.05.22	01:17:58.965	0.93510				2
2025.05.22	01:17:59.586		0.93528			4
2025.05.22	01:18:00.245	0.93509	0.93525			6
2025.05.22	01:18:04.468	0.93508	0.93526			6
2025.05.22	01:18:04.784	0.93507				2
2025.05.22	01:18:05.105		0.93527			4
2025.05.22	01:18:05.748		0.93526			4
2025.05.22	01:18:06.942	0.93509	0.93527			6
2025.05.22	01:18:14.215	0.93510	0.93528			6
2025.05.22	01:18:14.814		0.93527			4
2025.05.22	01:18:16.040	0.93514	0.93532			6
2025.05.22	01:18:16.673		0.93533			4
2025.05.22	01:18:17.113		0.93531			4
2025.05.22	01:18:17.562	0.93513				2
2025.05.22	01:18:18.495		0.93533			4
2025.05.22	01:18:18.808	0.93512	0.93531			6
2025.05.22	01:18:19.124	0.93513	0.93532			6
2025.05.22	01:18:19.782	0.93514	0.93534			6
2025.05.22	01:18:21.840	0.93515				2
2025.05.22	01:18:23.918	0.93520	0.93537			6
2025.05.22	01:18:24.256	0.93519				2
2025.05.22	01:18:24.585	0.93518				2
2025.05.22	01:18:24.897	0.93519				2
2025.05.22	01:18:26.936	0.93522				2
2025.05.22	01:18:27.638		0.93542			4
2025.05.22	01:18:29.074	0.93523	0.93543			6
2025.05.22	01:18:30.583	0.93522	0.93542			6
2025.05.22	01:18:30.897	0.93523	0.93534			6
2025.05.22	01:18:31.200	0.93522				2
2025.05.22	01:18:31.511	0.93519	0.93530			6
2025.05.22	01:18:31.825	0.93520	0.93532			6
2025.05.22	01:18:32.455	0.93521	0.93533			6
2025.05.22	01:18:32.876	0.93522	0.93535			6
2025.05.22	01:18:33.205	0.93523				2
2025.05.22	01:18:35.838		0.93542			4
2025.05.22	01:18:36.331	0.93524	0.93540			6
2025.05.22	01:18:38.134	0.93526	0.93542			6
2025.05.22	01:18:41.851	0.93530				2
2025.05.22	01:18:42.217	0.93522	0.93540			6
2025.05.22	01:18:42.541		0.93541			4
2025.05.22	01:18:43.178		0.93536			4
2025.05.22	01:18:43.818	0.93524	0.93542			6
2025.05.22	01:18:44.142		0.93541			4
2025.05.22	01:18:45.108	0.93525				2
2025.05.22	01:18:45.615		0.93542			4
2025.05.22	01:18:46.106	0.93522	0.93541			6
2025.05.22	01:18:46.420	0.93516	0.93535			6
2025.05.22	01:18:46.720		0.93531			4
2025.05.22	01:18:47.022		0.93532			4
2025.05.22	01:18:48.059	0.93517	0.93536			6
2025.05.22	01:18:49.223	0.93516				2
2025.05.22	01:18:50.102		0.93535			4
2025.05.22	01:18:53.866	0.93515	0.93534			6
2025.05.22	01:18:56.232		0.93533			4
2025.05.22	01:18:57.242	0.93516	0.93534			6
2025.05.22	01:18:58.469	0.93515	0.93533			6
2025.05.22	01:18:59.482	0.93516	0.93534			6
2025.05.22	01:18:59.799	0.93519	0.93536			6
2025.05.22	01:19:00.317	0.93520				2
2025.05.22	01:19:00.620	0.93513	0.93526			6
2025.05.22	01:19:00.921	0.93514	0.93531			6
2025.05.22	01:19:01.238		0.93526			4
2025.05.22	01:19:01.557		0.93529			4
2025.05.22	01:19:02.214	0.93513	0.93528			6
2025.05.22	01:19:02.523	0.93511				2
2025.05.22	01:19:02.896	0.93505	0.93521			6
2025.05.22	01:19:03.210	0.93507	0.93523			6
2025.05.22	01:19:03.518	0.93506	0.93521			6
2025.05.22	01:19:04.582		0.93518			4
2025.05.22	01:19:05.227	0.93505	0.93521			6
2025.05.22	01:19:05.606	0.93504	0.93520			6
2025.05.22	01:19:05.937		0.93519			4
2025.05.22	01:19:06.562	0.93505	0.93520			6
2025.05.22	01:19:08.733	0.93508	0.93525			6
2025.05.22	01:19:09.036		0.93526			4
2025.05.22	01:19:09.442		0.93525			4
2025.05.22	01:19:10.484		0.93526			4
2025.05.22	01:19:11.541		0.93525			4
2025.05.22	01:19:12.048	0.93507				2
2025.05.22	01:19:12.588		0.93524			4
2025.05.22	01:19:16.583	0.93508	0.93525			6
2025.05.22	01:19:17.200		0.93526			4
2025.05.22	01:19:17.715	0.93510	0.93528			6
2025.05.22	01:19:18.067	0.93507	0.93532			6
2025.05.22	01:19:18.377		0.93524			4
2025.05.22	01:19:18.687		0.93525			4
2025.05.22	01:19:18.998	0.93509	0.93526			6
2025.05.22	01:19:19.319	0.93510	0.93528			6
2025.05.22	01:19:21.515	0.93511				2
2025.05.22	01:19:22.570	0.93509	0.93527			6
2025.05.22	01:19:23.241	0.93510	0.93528			6
2025.05.22	01:19:23.562		0.93527			4
2025.05.22	01:19:28.232	0.93507	0.93525			6
2025.05.22	01:19:28.902		0.93526			4
2025.05.22	01:19:29.617		0.93527			4
2025.05.22	01:19:31.227		0.93526			4
2025.05.22	01:19:32.305		0.93527			4
2025.05.22	01:19:33.074		0.93526			4
2025.05.22	01:19:33.400	0.93506	0.93523			6
2025.05.22	01:19:33.727		0.93524			4
2025.05.22	01:19:34.990	0.93510				2
2025.05.22	01:19:41.177	0.93509	0.93527			6
2025.05.22	01:19:41.491		0.93525			4
2025.05.22	01:19:43.341	0.93508	0.93527			6
2025.05.22	01:19:43.657	0.93507	0.93523			6
2025.05.22	01:19:44.005		0.93522			4
2025.05.22	01:19:44.351	0.93506	0.93521			6
2025.05.22	01:19:44.725		0.93520			4
2025.05.22	01:19:45.041		0.93522			4
2025.05.22	01:19:45.377	0.93503	0.93519			6
2025.05.22	01:19:46.062		0.93517			4
2025.05.22	01:19:46.383		0.93519			4
2025.05.22	01:19:47.288	0.93506	0.93524			6
2025.05.22	01:19:47.590	0.93507	0.93525			6
2025.05.22	01:19:47.900	0.93505	0.93522			6
2025.05.22	01:19:48.531	0.93504	0.93520			6
2025.05.22	01:19:48.850	0.93506	0.93524			6
2025.05.22	01:19:49.873	0.93505	0.93522			6
2025.05.22	01:19:50.569	0.93504				2
2025.05.22	01:19:50.933	0.93507	0.93525			6
2025.05.22	01:19:51.237	0.93510	0.93528			6
2025.05.22	01:19:51.627	0.93509	0.93527			6
2025.05.22	01:19:55.110	0.93510	0.93528			6
2025.05.22	01:19:55.449	0.93509	0.93527			6
2025.05.22	01:19:57.848	0.93510	0.93528			6
2025.05.22	01:19:58.711	0.93509	0.93527			6
2025.05.22	01:19:59.036	0.93510	0.93528			6
2025.05.22	01:19:59.803	0.93509				2
2025.05.22	01:20:00.129	0.93508				2
2025.05.22	01:20:00.969	0.93507	0.93525			6
2025.05.22	01:20:02.000	0.93503	0.93517			6
2025.05.22	01:20:02.318	0.93505	0.93522			6
2025.05.22	01:20:02.662	0.93506				2
2025.05.22	01:20:02.973	0.93504				2
2025.05.22	01:20:04.276	0.93505				2
2025.05.22	01:20:06.303	0.93508				2
2025.05.22	01:20:11.530		0.93523			4
2025.05.22	01:20:11.840	0.93507	0.93522			6
2025.05.22	01:20:12.150		0.93524			4
2025.05.22	01:20:13.277	0.93508				2
2025.05.22	01:20:14.080	0.93505				2
2025.05.22	01:20:14.386		0.93523			4
2025.05.22	01:20:15.402	0.93506				2
2025.05.22	01:20:15.857	0.93508				2
2025.05.22	01:20:16.440	0.93506	0.93524			6
2025.05.22	01:20:19.880	0.93505	0.93523			6
2025.05.22	01:20:20.188	0.93503	0.93520			6
2025.05.22	01:20:21.085		0.93519			4
2025.05.22	01:20:21.817	0.93507	0.93524			6
2025.05.22	01:20:22.471	0.93516	0.93529			6
2025.05.22	01:20:22.777	0.93509	0.93528			6
2025.05.22	01:20:23.116		0.93527			4
2025.05.22	01:20:24.561		0.93524			4
2025.05.22	01:20:24.957	0.93506	0.93522			6
2025.05.22	01:20:25.637		0.93520			4
2025.05.22	01:20:25.947	0.93500	0.93519			6
2025.05.22	01:20:26.264		0.93520			4
2025.05.22	01:20:26.570	0.93499	0.93519			6
2025.05.22	01:20:26.900		0.93517			4
2025.05.22	01:20:27.306	0.93498	0.93519			6
2025.05.22	01:20:27.632		0.93517			4
2025.05.22	01:20:28.355		0.93518			4
2025.05.22	01:20:28.813		0.93517			4
2025.05.22	01:20:30.492	0.93497	0.93518			6
2025.05.22	01:20:31.340	0.93498	0.93517			6
2025.05.22	01:20:31.800		0.93518			4
2025.05.22	01:20:32.512	0.93499				2
2025.05.22	01:20:33.000	0.93498				2
2025.05.22	01:20:33.741	0.93499	0.93517			6
2025.05.22	01:20:35.070	0.93498				2
2025.05.22	01:20:35.932		0.93516			4
2025.05.22	01:20:36.237		0.93513			4
2025.05.22	01:20:37.385	0.93497	0.93511			6
2025.05.22	01:20:37.805	0.93498	0.93513			6
2025.05.22	01:20:38.132	0.93497				2
2025.05.22	01:20:38.540	0.93499				2
2025.05.22	01:20:39.582	0.93498	0.93514			6
2025.05.22	01:20:40.403	0.93496	0.93512			6
2025.05.22	01:20:40.801	0.93497				2
2025.05.22	01:20:41.571	0.93498	0.93514			6
2025.05.22	01:20:41.896		0.93519			4
2025.05.22	01:20:42.549	0.93499	0.93518			6
2025.05.22	01:20:42.872	0.93498	0.93516			6
2025.05.22	01:20:43.272	0.93499				2
2025.05.22	01:20:43.811		0.93517			4
2025.05.22	01:20:44.209		0.93516			4
2025.05.22	01:20:45.703		0.93517			4
2025.05.22	01:20:46.974	0.93495	0.93513			6
2025.05.22	01:20:47.603	0.93496	0.93515			6
2025.05.22	01:20:49.448	0.93497	0.93514			6
2025.05.22	01:20:49.769		0.93516			4
2025.05.22	01:20:50.492		0.93518			4
2025.05.22	01:20:50.837	0.93496	0.93517			6
2025.05.22	01:20:51.551	0.93498	0.93522			6
2025.05.22	01:20:51.865	0.93497	0.93517			6
2025.05.22	01:20:52.178		0.93518			4
2025.05.22	01:20:52.529	0.93495	0.93517			6
2025.05.22	01:20:52.865	0.93497	0.93516			6
2025.05.22	01:20:53.795	0.93496	0.93514			6
2025.05.22	01:20:54.440	0.93495	0.93513			6
2025.05.22	01:20:54.830	0.93496	0.93514			6
2025.05.22	01:20:56.674	0.93498	0.93520			6
2025.05.22	01:20:56.989	0.93497	0.93519			6
2025.05.22	01:20:57.959		0.93517			4
2025.05.22	01:20:58.284		0.93519			4
2025.05.22	01:20:59.813	0.93496	0.93514			6
2025.05.22	01:21:00.139	0.93497	0.93515			6
2025.05.22	01:21:00.458		0.93519			4
2025.05.22	01:21:01.471		0.93518			4
2025.05.22	01:21:02.444		0.93519			4
2025.05.22	01:21:02.766	0.93500	0.93518			6
2025.05.22	01:21:03.443		0.93517			4
2025.05.22	01:21:07.940	0.93499				2
2025.05.22	01:21:08.353	0.93500	0.93518			6
2025.05.22	01:21:08.729		0.93517			4
2025.05.22	01:21:09.106	0.93497	0.93514			6
2025.05.22	01:21:09.428	0.93498				2
2025.05.22	01:21:09.769	0.93497				2
2025.05.22	01:21:12.439		0.93512			4
2025.05.22	01:21:14.336		0.93514			4
2025.05.22	01:21:14.972		0.93518			4
2025.05.22	01:21:16.346		0.93519			4
2025.05.22	01:21:16.917	0.93499	0.93517			6
2025.05.22	01:21:18.743		0.93518			4
2025.05.22	01:21:20.241	0.93500	0.93519			6
2025.05.22	01:21:21.199	0.93499	0.93520			6
2025.05.22	01:21:21.524		0.93519			4
2025.05.22	01:21:22.044	0.93500				2
2025.05.22	01:21:23.917	0.93495	0.93516			6
2025.05.22	01:21:24.234		0.93513			4
2025.05.22	01:21:24.869		0.93514			4
2025.05.22	01:21:25.203		0.93515			4
2025.05.22	01:21:25.580	0.93496				2
2025.05.22	01:21:28.342		0.93516			4
2025.05.22	01:21:31.193		0.93515			4
2025.05.22	01:21:32.325	0.93495	0.93518			6
2025.05.22	01:21:32.721	0.93498				2
2025.05.22	01:21:33.875	0.93499				2
2025.05.22	01:21:34.223	0.93498	0.93517			6
2025.05.22	01:21:34.644		0.93518			4
2025.05.22	01:21:35.687		0.93516			4
2025.05.22	01:21:36.027		0.93519			4
2025.05.22	01:21:38.000		0.93517			4
2025.05.22	01:21:38.304		0.93515			4
2025.05.22	01:21:38.684	0.93497	0.93516			6
2025.05.22	01:21:39.038		0.93518			4
2025.05.22	01:21:40.288		0.93515			4
2025.05.22	01:21:40.834		0.93514			4
2025.05.22	01:21:41.535	0.93498	0.93515			6
2025.05.22	01:21:42.236	0.93497	0.93512			6
2025.05.22	01:21:42.875	0.93498				2
2025.05.22	01:21:43.310		0.93514			4
2025.05.22	01:21:46.133		0.93518			4
2025.05.22	01:21:49.447	0.93497				2
2025.05.22	01:21:49.759	0.93499	0.93517			6
2025.05.22	01:21:53.952		0.93518			4
2025.05.22	01:21:54.601		0.93517			4
2025.05.22	01:21:56.341	0.93498	0.93518			6
2025.05.22	01:21:56.890	0.93495	0.93515			6
2025.05.22	01:21:57.265	0.93494				2
2025.05.22	01:21:57.594		0.93512			4
2025.05.22	01:21:58.833	0.93493	0.93510			6
2025.05.22	01:21:59.505	0.93492	0.93509			6
2025.05.22	01:22:00.150	0.93492	0.93510			6
2025.05.22	01:22:00.791	0.93493	0.93511			6
2025.05.22	01:22:01.100	0.93494				2
2025.05.22	01:22:01.421	0.93491	0.93509			6
2025.05.22	01:22:01.722		0.93508			4
2025.05.22	01:22:02.241	0.93492	0.93509			6
2025.05.22	01:22:02.798	0.93491	0.93508			6
2025.05.22	01:22:04.112	0.93492	0.93509			6
2025.05.22	01:22:05.567	0.93491	0.93508			6
2025.05.22	01:22:07.915	0.93490	0.93507			6
2025.05.22	01:22:10.314	0.93493	0.93510			6
2025.05.22	01:22:10.621	0.93492				2
2025.05.22	01:22:11.580	0.93497	0.93517			6
2025.05.22	01:22:11.908	0.93495	0.93515			6
2025.05.22	01:22:14.545	0.93494	0.93508			6
2025.05.22	01:22:17.404		0.93510			4
2025.05.22	01:22:18.143	0.93493	0.93511			6
2025.05.22	01:22:19.957	0.93494				2
2025.05.22	01:22:21.018	0.93493	0.93510			6
2025.05.22	01:22:22.760	0.93494	0.93511			6
2025.05.22	01:22:23.543	0.93493				2
2025.05.22	01:22:23.984	0.93496	0.93514			6
2025.05.22	01:22:24.323		0.93513			4
2025.05.22	01:22:24.963	0.93495	0.93514			6
2025.05.22	01:22:25.282	0.93506	0.93518			6
2025.05.22	01:22:25.609	0.93498	0.93515			6
2025.05.22	01:22:25.929		0.93514			4
2025.05.22	01:22:26.840		0.93515			4
2025.05.22	01:22:28.341		0.93514			4
2025.05.22	01:22:29.638		0.93513			4
2025.05.22	01:22:30.073		0.93515			4
2025.05.22	01:22:30.579		0.93516			4
2025.05.22	01:22:31.254	0.93502	0.93517			6
2025.05.22	01:22:31.556	0.93499	0.93516			6
2025.05.22	01:22:31.914	0.93498				2
2025.05.22	01:22:32.972		0.93514			4
2025.05.22	01:22:34.144	0.93499	0.93516			6
2025.05.22	01:22:34.470		0.93517			4
2025.05.22	01:22:35.427	0.93498				2
2025.05.22	01:22:35.800	0.93497	0.93515			6
2025.05.22	01:22:39.460		0.93512			4
2025.05.22	01:22:45.796		0.93514			4
2025.05.22	01:22:46.504		0.93515			4
2025.05.22	01:22:48.332	0.93498	0.93516			6
2025.05.22	01:22:50.694	0.93499				2
2025.05.22	01:22:51.014		0.93517			4
2025.05.22	01:22:51.336		0.93516			4
2025.05.22	01:22:58.482		0.93515			4
2025.05.22	01:23:00.428	0.93499				2
2025.05.22	01:23:05.239	0.93496				2
2025.05.22	01:23:05.729	0.93497	0.93516			6
2025.05.22	01:23:06.177	0.93499	0.93517			6
2025.05.22	01:23:06.862		0.93516			4
2025.05.22	01:23:12.035		0.93517			4
2025.05.22	01:23:14.258		0.93518			4
2025.05.22	01:23:15.876	0.93500	0.93517			6
2025.05.22	01:23:16.356	0.93498	0.93515			6
2025.05.22	01:23:16.701	0.93497	0.93514			6
2025.05.22	01:23:17.703	0.93498	0.93515			6
2025.05.22	01:23:18.036		0.93516			4
2025.05.22	01:23:18.378	0.93499				2
2025.05.22	01:23:21.937	0.93497	0.93518			6
2025.05.22	01:23:22.316		0.93516			4
2025.05.22	01:23:24.352		0.93517			4
2025.05.22	01:23:25.195	0.93498	0.93516			6
2025.05.22	01:23:25.500		0.93517			4
2025.05.22	01:23:28.305	0.93499				2
2025.05.22	01:23:28.630	0.93498				2
2025.05.22	01:23:28.983	0.93499	0.93516			6
2025.05.22	01:23:30.016	0.93500	0.93517			6
2025.05.22	01:23:32.841		0.93516			4
2025.05.22	01:23:34.047		0.93517			4
2025.05.22	01:23:37.240		0.93516			4
2025.05.22	01:23:40.811	0.93501	0.93518			6
2025.05.22	01:23:41.136	0.93502	0.93519			6
2025.05.22	01:23:43.643		0.93518			4
2025.05.22	01:23:52.706		0.93519			4
2025.05.22	01:23:54.743		0.93518			4
2025.05.22	01:23:55.943	0.93501	0.93517			6
2025.05.22	01:24:00.424	0.93501				2
2025.05.22	01:24:01.811	0.93502	0.93519			6
2025.05.22	01:24:02.145	0.93501	0.93517			6
2025.05.22	01:24:06.124		0.93510			4
2025.05.22	01:24:06.469	0.93506	0.93517			6
2025.05.22	01:24:06.777	0.93505	0.93515			6
2025.05.22	01:24:09.720	0.93504	0.93517			6
2025.05.22	01:24:10.131		0.93520			4
2025.05.22	01:24:11.906	0.93506	0.93522			6
2025.05.22	01:24:16.859	0.93505	0.93521			6
2025.05.22	01:24:17.730	0.93507	0.93523			6
2025.05.22	01:24:18.352		0.93524			4
2025.05.22	01:24:19.645		0.93523			4
2025.05.22	01:24:23.247	0.93506	0.93522			6
2025.05.22	01:24:24.331	0.93505	0.93523			6
2025.05.22	01:24:25.851		0.93522			4
2025.05.22	01:24:26.359		0.93523			4
2025.05.22	01:24:27.673	0.93506	0.93524			6
2025.05.22	01:24:27.980	0.93505	0.93522			6
2025.05.22	01:24:28.283		0.93523			4
2025.05.22	01:24:30.273		0.93524			4
2025.05.22	01:24:30.674	0.93504	0.93523			6
2025.05.22	01:24:31.342		0.93520			4
2025.05.22	01:24:32.885	0.93503	0.93521			6
2025.05.22	01:24:33.756	0.93504				2
2025.05.22	01:24:34.155	0.93509	0.93526			6
2025.05.22	01:24:34.483		0.93525			4
2025.05.22	01:24:36.597	0.93506	0.93522			6
2025.05.22	01:24:36.949	0.93507	0.93523			6
2025.05.22	01:24:37.682	0.93506	0.93522			6
2025.05.22	01:24:38.498	0.93507	0.93523			6
2025.05.22	01:24:39.979	0.93506				2
2025.05.22	01:24:40.345	0.93507				2
2025.05.22	01:24:41.160	0.93506	0.93522			6
2025.05.22	01:24:41.549	0.93507	0.93523			6
2025.05.22	01:24:41.979	0.93506	0.93522			6
2025.05.22	01:24:42.406		0.93524			4
2025.05.22	01:24:43.217		0.93522			4
2025.05.22	01:24:44.680		0.93523			4
2025.05.22	01:24:46.057		0.93522			4
2025.05.22	01:24:47.823		0.93524			4
2025.05.22	01:24:48.161		0.93522			4
2025.05.22	01:24:48.480		0.93523			4
2025.05.22	01:24:49.387	0.93507				2
2025.05.22	01:24:50.431	0.93506	0.93522			6
2025.05.22	01:24:52.701	0.93507	0.93523			6
2025.05.22	01:24:53.767	0.93506	0.93522			6
2025.05.22	01:24:57.896	0.93505	0.93524			6
2025.05.22	01:24:59.119	0.93506				2
2025.05.22	01:24:59.646		0.93523			4
2025.05.22	01:25:00.310	0.93505	0.93522			6
2025.05.22	01:25:00.929		0.93521			4
2025.05.22	01:25:02.264	0.93504	0.93522			6
2025.05.22	01:25:03.082	0.93505				2
2025.05.22	01:25:04.041	0.93506	0.93523			6
2025.05.22	01:25:04.344	0.93508	0.93524			6
2025.05.22	01:25:04.668		0.93525			4
2025.05.22	01:25:05.229	0.93509	0.93526			6
2025.05.22	01:25:06.397	0.93507	0.93525			6
2025.05.22	01:25:08.359		0.93524			4
2025.05.22	01:25:08.670	0.93506	0.93523			6
2025.05.22	01:25:11.528	0.93505				2
2025.05.22	01:25:12.023		0.93524			4
2025.05.22	01:25:12.741	0.93504	0.93521			6
2025.05.22	01:25:13.072	0.93505	0.93523			6
2025.05.22	01:25:13.396	0.93506	0.93522			6
2025.05.22	01:25:14.179	0.93505	0.93524			6
2025.05.22	01:25:18.074		0.93522			4
2025.05.22	01:25:18.482		0.93525			4
2025.05.22	01:25:18.991		0.93522			4
2025.05.22	01:25:21.973		0.93525			4
2025.05.22	01:25:22.643		0.93522			4
2025.05.22	01:25:24.607	0.93506				2
2025.05.22	01:25:25.350		0.93524			4
2025.05.22	01:25:28.237	0.93504	0.93522			6
2025.05.22	01:25:28.538	0.93505	0.93525			6
2025.05.22	01:25:29.329	0.93506	0.93522			6
2025.05.22	01:25:30.257		0.93523			4
2025.05.22	01:25:30.646	0.93505	0.93524			6
2025.05.22	01:25:30.960	0.93503	0.93521			6
2025.05.22	01:25:31.352	0.93502	0.93522			6
2025.05.22	01:25:35.548		0.93519			4
2025.05.22	01:25:38.369	0.93503	0.93521			6
2025.05.22	01:25:39.348	0.93504				2
2025.05.22	01:25:40.018	0.93502				2
2025.05.22	01:25:40.370	0.93501	0.93520			6
2025.05.22	01:25:40.680	0.93502				2
2025.05.22	01:25:48.963	0.93503				2
2025.05.22	01:25:49.327		0.93521			4
2025.05.22	01:25:50.003	0.93502	0.93518			6
2025.05.22	01:25:50.595		0.93521			4
2025.05.22	01:25:51.715		0.93522			4
2025.05.22	01:25:53.777	0.93505	0.93521			6
2025.05.22	01:25:54.352	0.93504				2
2025.05.22	01:25:55.932		0.93520			4
2025.05.22	01:25:59.522	0.93500	0.93516			6
2025.05.22	01:26:00.142	0.93499	0.93515			6
2025.05.22	01:26:00.447	0.93500	0.93516			6
2025.05.22	01:26:00.786		0.93517			4
2025.05.22	01:26:01.977	0.93501				2
2025.05.22	01:26:02.282	0.93504	0.93520			6
2025.05.22	01:26:02.849	0.93503				2
2025.05.22	01:26:03.162		0.93519			4
2025.05.22	01:26:04.039	0.93502				2
2025.05.22	01:26:04.658		0.93518			4
2025.05.22	01:26:05.682	0.93503	0.93519			6
2025.05.22	01:26:06.005	0.93504	0.93520			6
2025.05.22	01:26:06.739	0.93502	0.93518			6
2025.05.22	01:26:07.056	0.93501	0.93517			6
2025.05.22	01:26:07.398	0.93503	0.93519			6
2025.05.22	01:26:10.980	0.93502				2
2025.05.22	01:26:11.288	0.93503	0.93518			6
2025.05.22	01:26:11.917	0.93502				2
2025.05.22	01:26:12.367	0.93503				2
2025.05.22	01:26:12.866	0.93502	0.93519			6
2025.05.22	01:26:13.945	0.93503				2
2025.05.22	01:26:15.145	0.93502				2
2025.05.22	01:26:16.485	0.93503				2
2025.05.22	01:26:16.940	0.93502				2
2025.05.22	01:26:17.955		0.93520			4
2025.05.22	01:26:19.537		0.93519			4
2025.05.22	01:26:20.329	0.93504	0.93520			6
2025.05.22	01:26:20.977	0.93503	0.93519			6
2025.05.22	01:26:22.261	0.93502	0.93518			6
2025.05.22	01:26:22.973	0.93504	0.93520			6
2025.05.22	01:26:25.448		0.93521			4
2025.05.22	01:26:25.770		0.93520			4
2025.05.22	01:26:26.342	0.93506	0.93522			6
2025.05.22	01:26:27.536	0.93505				2
2025.05.22	01:26:30.668		0.93523			4
2025.05.22	01:26:31.810	0.93504	0.93521			6
2025.05.22	01:26:32.731	0.93503	0.93519			6
2025.05.22	01:26:33.377	0.93504				2
2025.05.22	01:26:34.024	0.93503				2
2025.05.22	01:26:34.858	0.93504				2
2025.05.22	01:26:35.166	0.93503				2
2025.05.22	01:26:35.513	0.93504				2
2025.05.22	01:26:35.888	0.93503				2
2025.05.22	01:26:36.206	0.93504	0.93520			6
2025.05.22	01:26:36.565	0.93502	0.93518			6
2025.05.22	01:26:37.780	0.93503	0.93519			6
2025.05.22	01:26:53.204		0.93521			4
2025.05.22	01:26:53.848	0.93502				2
2025.05.22	01:26:54.748	0.93503				2
2025.05.22	01:26:55.282		0.93519			4
2025.05.22	01:26:56.761	0.93504	0.93520			6
2025.05.22	01:26:58.343		0.93521			4
2025.05.22	01:26:59.206	0.93513	0.93530			6
2025.05.22	01:26:59.519	0.93512	0.93531			6
2025.05.22	01:26:59.843		0.93528			4
2025.05.22	01:27:00.175	0.93514	0.93531			6
2025.05.22	01:27:00.480	0.93513	0.93529			6
2025.05.22	01:27:01.416	0.93512	0.93528			6
2025.05.22	01:27:04.307	0.93515	0.93531			6
2025.05.22	01:27:05.543	0.93516	0.93532			6
2025.05.22	01:27:07.642	0.93515	0.93531			6
2025.05.22	01:27:09.348	0.93517	0.93533			6
2025.05.22	01:27:10.825	0.93518	0.93534			6
2025.05.22	01:27:11.150		0.93532			4
2025.05.22	01:27:11.456	0.93517				2
2025.05.22	01:27:11.761	0.93516				2
2025.05.22	01:27:21.690	0.93517	0.93533			6
2025.05.22	01:27:22.641		0.93532			4
2025.05.22	01:27:25.503	0.93519	0.93535			6
2025.05.22	01:27:26.158	0.93520	0.93536			6
2025.05.22	01:27:26.542	0.93519	0.93535			6
2025.05.22	01:27:30.781	0.93520	0.93536			6
2025.05.22	01:27:32.884	0.93519	0.93535			6
2025.05.22	01:27:34.466	0.93518	0.93534			6
2025.05.22	01:27:39.536	0.93519				2
2025.05.22	01:27:47.241	0.93518				2
2025.05.22	01:27:47.843	0.93519				2
2025.05.22	01:27:48.437	0.93520	0.93536			6
2025.05.22	01:27:49.107		0.93537			4
2025.05.22	01:27:49.426	0.93519				2
2025.05.22	01:27:50.601		0.93536			4
2025.05.22	01:27:51.615	0.93520				2
2025.05.22	01:27:53.187	0.93519				2
2025.05.22	01:27:53.601		0.93537			4
2025.05.22	01:27:54.020	0.93518	0.93536			6
2025.05.22	01:27:54.383		0.93535			4
2025.05.22	01:27:55.681	0.93516	0.93532			6
2025.05.22	01:27:59.159	0.93515	0.93531			6
2025.05.22	01:27:59.841	0.93514	0.93530			6
2025.05.22	01:28:01.732	0.93514				2
2025.05.22	01:28:02.093	0.93519	0.93537			6
2025.05.22	01:28:03.376	0.93518	0.93534			6
2025.05.22	01:28:03.717	0.93517	0.93533			6
2025.05.22	01:28:04.338		0.93535			4
2025.05.22	01:28:04.648		0.93533			4
2025.05.22	01:28:09.274	0.93516	0.93532			6
2025.05.22	01:28:10.124	0.93514	0.93530			6
2025.05.22	01:28:11.856	0.93517	0.93533			6
2025.05.22	01:28:12.890	0.93516	0.93532			6
2025.05.22	01:28:14.989		0.93531			4
2025.05.22	01:28:15.715	0.93513	0.93529			6
2025.05.22	01:28:16.047	0.93514	0.93530			6
2025.05.22	01:28:16.368	0.93513	0.93528			6
2025.05.22	01:28:16.690		0.93529			4
2025.05.22	01:28:17.000		0.93528			4
2025.05.22	01:28:19.344	0.93512				2
2025.05.22	01:28:24.685	0.93513				2
2025.05.22	01:28:25.299	0.93514	0.93530			6
2025.05.22	01:28:30.834	0.93516	0.93532			6
2025.05.22	01:28:31.156	0.93518	0.93534			6
2025.05.22	01:28:34.924	0.93522	0.93538			6
2025.05.22	01:28:37.642	0.93528	0.93542			6
2025.05.22	01:28:38.838	0.93527				2
2025.05.22	01:28:39.870	0.93529	0.93544			6
2025.05.22	01:28:40.195	0.93528				2
2025.05.22	01:28:40.796	0.93527	0.93543			6
2025.05.22	01:28:42.913	0.93524	0.93539			6
2025.05.22	01:28:43.250		0.93530			4
2025.05.22	01:28:43.570	0.93523	0.93538			6
2025.05.22	01:28:44.632	0.93525				2
2025.05.22	01:28:45.306	0.93524				2
2025.05.22	01:28:47.469	0.93525				2
2025.05.22	01:28:49.535	0.93527				2
2025.05.22	01:28:49.840	0.93525	0.93541			6
2025.05.22	01:28:50.242	0.93526	0.93542			6
2025.05.22	01:28:58.462	0.93527				2
2025.05.22	01:29:00.910	0.93527	0.93541			6
2025.05.22	01:29:01.318	0.93524	0.93539			6
2025.05.22	01:29:04.709		0.93538			4
2025.05.22	01:29:05.024	0.93523	0.93539			6
2025.05.22	01:29:05.341	0.93522	0.93538			6
2025.05.22	01:29:05.669	0.93523	0.93539			6
2025.05.22	01:29:06.352	0.93524				2
2025.05.22	01:29:08.395	0.93523				2
2025.05.22	01:29:09.578		0.93538			4
2025.05.22	01:29:10.767		0.93539			4
2025.05.22	01:29:14.841	0.93522	0.93538			6
2025.05.22	01:29:19.227		0.93539			4
2025.05.22	01:29:19.839	0.93523				2
2025.05.22	01:29:20.460	0.93524				2
2025.05.22	01:29:20.839	0.93523				2
2025.05.22	01:29:23.037		0.93538			4
2025.05.22	01:29:24.757	0.93522				2
2025.05.22	01:29:30.219	0.93523				2
2025.05.22	01:29:30.526		0.93539			4
2025.05.22	01:29:32.307	0.93522	0.93538			6
2025.05.22	01:29:36.645	0.93524	0.93540			6
2025.05.22	01:29:37.951		0.93539			4
2025.05.22	01:29:44.361	0.93523	0.93537			6
2025.05.22	01:29:44.681		0.93539			4
2025.05.22	01:29:44.997	0.93522	0.93538			6
2025.05.22	01:29:45.861	0.93523				2
2025.05.22	01:29:46.306		0.93537			4
2025.05.22	01:29:46.642	0.93522	0.93535			6
2025.05.22	01:29:46.994		0.93536			4
2025.05.22	01:29:48.060	0.93521				2
2025.05.22	01:29:48.625	0.93522				2
2025.05.22	01:29:49.125		0.93538			4
2025.05.22	01:29:50.203	0.93523				2
2025.05.22	01:30:00.388	0.93522	0.93537			6
2025.05.22	01:30:01.942	0.93525	0.93541			6
2025.05.22	01:30:02.261	0.93529	0.93534			6
2025.05.22	01:30:02.870	0.93528	0.93533			6
2025.05.22	01:30:03.174	0.93525	0.93536			6
2025.05.22	01:30:04.720	0.93524	0.93538			6
2025.05.22	01:30:05.540		0.93539			4
2025.05.22	01:30:06.138	0.93526				2
2025.05.22	01:30:06.475	0.93523	0.93538			6
2025.05.22	01:30:07.128	0.93524	0.93539			6
2025.05.22	01:30:08.048	0.93522	0.93535			6
2025.05.22	01:30:11.507	0.93520	0.93533			6
2025.05.22	01:30:11.819		0.93534			4
2025.05.22	01:30:12.450	0.93518	0.93532			6
2025.05.22	01:30:12.773	0.93517				2
2025.05.22	01:30:13.093	0.93519				2
2025.05.22	01:30:13.418	0.93520				2
2025.05.22	01:30:24.350		0.93533			4
2025.05.22	01:30:24.676	0.93518	0.93531			6
2025.05.22	01:30:24.991	0.93520	0.93533			6
2025.05.22	01:30:29.807	0.93521				2
2025.05.22	01:30:31.076		0.93534			4
2025.05.22	01:30:31.755	0.93522	0.93536			6
2025.05.22	01:30:35.423		0.93537			4
2025.05.22	01:30:35.737	0.93521	0.93536			6
2025.05.22	01:30:36.689	0.93518	0.93531			6
2025.05.22	01:30:37.012	0.93520	0.93535			6
2025.05.22	01:30:40.341	0.93521				2
2025.05.22	01:30:40.786	0.93522	0.93537			6
2025.05.22	01:30:41.402		0.93533			4
2025.05.22	01:30:42.092	0.93521	0.93532			6
2025.05.22	01:30:43.977	0.93520	0.93536			6
2025.05.22	01:30:44.402	0.93519	0.93532			6
2025.05.22	01:30:46.253		0.93531			4
2025.05.22	01:30:46.930	0.93516	0.93532			6
2025.05.22	01:30:47.540	0.93517				2
2025.05.22	01:30:49.692	0.93516				2
2025.05.22	01:30:52.892	0.93515	0.93528			6
2025.05.22	01:30:54.143	0.93514				2
2025.05.22	01:30:54.693		0.93527			4
2025.05.22	01:30:56.095		0.93530			4
2025.05.22	01:30:56.406	0.93515				2
2025.05.22	01:31:00.317	0.93514	0.93528			6
2025.05.22	01:31:01.102	0.93521	0.93535			6
2025.05.22	01:31:01.430		0.93536			4
2025.05.22	01:31:02.193	0.93522	0.93537			6
2025.05.22	01:31:03.261	0.93524	0.93538			6
2025.05.22	01:31:05.001		0.93539			4
2025.05.22	01:31:05.377	0.93523	0.93538			6
2025.05.22	01:31:07.121	0.93522				2
2025.05.22	01:31:10.209	0.93525	0.93540			6
2025.05.22	01:31:11.006		0.93539			4
2025.05.22	01:31:11.414	0.93523	0.93535			6
2025.05.22	01:31:12.322	0.93521	0.93538			6
2025.05.22	01:31:12.629		0.93535			4
2025.05.22	01:31:13.761	0.93522				2
2025.05.22	01:31:15.130		0.93538			4
2025.05.22	01:31:15.863		0.93535			4
2025.05.22	01:31:16.820		0.93537			4
2025.05.22	01:31:18.948	0.93521	0.93534			6
2025.05.22	01:31:20.159	0.93520	0.93536			6
2025.05.22	01:31:20.489	0.93521				2
2025.05.22	01:31:21.108	0.93519	0.93535			6
2025.05.22	01:31:22.280	0.93520	0.93533			6
2025.05.22	01:31:23.980	0.93522	0.93536			6
2025.05.22	01:31:25.155	0.93521				2
2025.05.22	01:31:26.060	0.93519	0.93534			6
2025.05.22	01:31:26.848	0.93520				2
2025.05.22	01:31:28.122		0.93535			4
2025.05.22	01:31:28.575		0.93536			4
2025.05.22	01:31:29.541		0.93537			4
2025.05.22	01:31:32.512	0.93519	0.93535			6
2025.05.22	01:31:35.177	0.93518	0.93534			6
2025.05.22	01:31:35.606		0.93533			4
2025.05.22	01:31:36.749		0.93534			4
2025.05.22	01:31:37.075		0.93530			4
2025.05.22	01:31:37.528		0.93533			4
2025.05.22	01:31:37.973		0.93530			4
2025.05.22	01:31:40.628		0.93531			4
2025.05.22	01:31:41.457	0.93517				2
2025.05.22	01:31:42.193		0.93533			4
2025.05.22	01:31:43.342	0.93518				2
2025.05.22	01:31:44.451	0.93517				2
2025.05.22	01:31:45.771	0.93518				2
2025.05.22	01:31:46.953		0.93532			4
2025.05.22	01:31:50.894	0.93517				2
2025.05.22	01:31:52.085	0.93520	0.93533			6
2025.05.22	01:31:52.807	0.93517	0.93531			6
2025.05.22	01:31:53.929	0.93518	0.93532			6
2025.05.22	01:31:55.025	0.93519	0.93531			6
2025.05.22	01:31:56.688	0.93518				2
2025.05.22	01:31:57.074	0.93517				2
2025.05.22	01:32:00.315	0.93518				2
2025.05.22	01:32:00.678	0.93519				2
2025.05.22	01:32:01.646	0.93518				2
2025.05.22	01:32:03.205	0.93517				2
2025.05.22	01:32:04.641	0.93518				2
2025.05.22	01:32:06.637	0.93517				2
2025.05.22	01:32:08.278	0.93519	0.93534			6
2025.05.22	01:32:09.368	0.93518	0.93532			6
2025.05.22	01:32:09.946		0.93531			4
2025.05.22	01:32:12.134	0.93519	0.93535			6
2025.05.22	01:32:13.147		0.93532			4
2025.05.22	01:32:13.458		0.93533			4
2025.05.22	01:32:13.908		0.93535			4
2025.05.22	01:32:14.222	0.93523	0.93536			6
2025.05.22	01:32:16.999	0.93522				2
2025.05.22	01:32:18.162		0.93535			4
2025.05.22	01:32:21.305	0.93521	0.93534			6
2025.05.22	01:32:22.238	0.93520				2
2025.05.22	01:32:24.655		0.93535			4
2025.05.22	01:32:25.893	0.93519				2
2025.05.22	01:32:27.135	0.93520	0.93536			6
2025.05.22	01:32:28.189		0.93533			4
2025.05.22	01:32:28.531		0.93536			4
2025.05.22	01:32:29.514	0.93519				2
2025.05.22	01:32:29.922		0.93534			4
2025.05.22	01:32:30.241	0.93520	0.93536			6
2025.05.22	01:32:30.572	0.93521	0.93534			6
2025.05.22	01:32:30.879		0.93537			4
2025.05.22	01:32:31.484		0.93536			4
2025.05.22	01:32:33.753	0.93520	0.93535			6
2025.05.22	01:32:36.048	0.93521	0.93536			6
2025.05.22	01:32:37.087	0.93520				2
2025.05.22	01:32:37.440		0.93535			4
2025.05.22	01:32:38.452	0.93521	0.93536			6
2025.05.22	01:32:38.804	0.93520	0.93534			6
2025.05.22	01:32:41.499	0.93521	0.93536			6
2025.05.22	01:32:49.909		0.93535			4
2025.05.22	01:32:50.237	0.93520				2
2025.05.22	01:32:51.590	0.93522				2
2025.05.22	01:32:51.995		0.93536			4
2025.05.22	01:32:52.952	0.93518	0.93531			6
2025.05.22	01:32:53.375	0.93519	0.93534			6
2025.05.22	01:32:55.856	0.93521	0.93533			6
2025.05.22	01:32:57.450	0.93519				2
2025.05.22	01:32:59.913	0.93527	0.93542			6
2025.05.22	01:33:00.220	0.93527	0.93540			6
2025.05.22	01:33:01.688	0.93526				2
2025.05.22	01:33:02.058		0.93541			4
2025.05.22	01:33:03.445	0.93527				2
2025.05.22	01:33:03.802	0.93525	0.93540			6
2025.05.22	01:33:04.357		0.93539			4
2025.05.22	01:33:04.928	0.93524	0.93538			6
2025.05.22	01:33:08.031	0.93523				2
2025.05.22	01:33:08.361		0.93536			4
2025.05.22	01:33:09.948	0.93522				2
2025.05.22	01:33:10.575		0.93535			4
2025.05.22	01:33:11.493	0.93520				2
2025.05.22	01:33:12.358	0.93525	0.93536			6
2025.05.22	01:33:12.661	0.93522	0.93537			6
2025.05.22	01:33:12.983	0.93521				2
2025.05.22	01:33:13.481	0.93522				2
2025.05.22	01:33:18.130	0.93521	0.93536			6
2025.05.22	01:33:18.467		0.93534			4
2025.05.22	01:33:19.640	0.93520				2
2025.05.22	01:33:21.317	0.93528	0.93537			6
2025.05.22	01:33:21.635	0.93522	0.93534			6
2025.05.22	01:33:22.943	0.93521				2
2025.05.22	01:33:26.265		0.93533			4
2025.05.22	01:33:29.169	0.93529	0.93541			6
2025.05.22	01:33:29.501	0.93527				2
2025.05.22	01:33:31.055	0.93528				2
2025.05.22	01:33:37.643	0.93527				2
2025.05.22	01:33:38.146	0.93529	0.93540			6
2025.05.22	01:33:38.839	0.93528				2
2025.05.22	01:33:39.146	0.93529				2
2025.05.22	01:33:39.743	0.93528				2
2025.05.22	01:33:42.312		0.93539			4
2025.05.22	01:33:42.772	0.93525				2
2025.05.22	01:33:46.274		0.93538			4
2025.05.22	01:33:46.919		0.93537			4
2025.05.22	01:33:47.842	0.93526				2
2025.05.22	01:33:49.015	0.93527	0.93541			6
2025.05.22	01:33:49.384	0.93526	0.93538			6
2025.05.22	01:33:49.811		0.93537			4
2025.05.22	01:33:51.401		0.93539			4
2025.05.22	01:33:56.344	0.93529	0.93541			6
2025.05.22	01:34:00.408	0.93524	0.93537			6
2025.05.22	01:34:01.700		0.93538			4
2025.05.22	01:34:03.482		0.93537			4
2025.05.22	01:34:08.974	0.93523	0.93535			6
2025.05.22	01:34:09.372	0.93527	0.93533			6
2025.05.22	01:34:09.687	0.93522				2
2025.05.22	01:34:10.000	0.93521				2
2025.05.22	01:34:10.989	0.93519	0.93530			6
2025.05.22	01:34:11.300	0.93518				2
2025.05.22	01:34:11.607	0.93519	0.93532			6
2025.05.22	01:34:20.194	0.93522	0.93536			6
2025.05.22	01:34:20.868		0.93534			4
2025.05.22	01:34:21.408		0.93535			4
2025.05.22	01:34:30.839	0.93521				2
2025.05.22	01:34:32.032	0.93519	0.93533			6
2025.05.22	01:34:41.417	0.93524	0.93537			6
2025.05.22	01:34:43.643	0.93523	0.93536			6
2025.05.22	01:34:43.946		0.93537			4
2025.05.22	01:34:44.542	0.93524				2
2025.05.22	01:34:47.659	0.93525				2
2025.05.22	01:34:49.774	0.93524				2
2025.05.22	01:34:50.557	0.93525	0.93539			6
2025.05.22	01:34:52.340	0.93526				2
2025.05.22	01:34:55.341	0.93525	0.93538			6
2025.05.22	01:35:00.139	0.93523				2
2025.05.22	01:35:00.448		0.93537			4
2025.05.22	01:35:00.776	0.93531	0.93541			6
2025.05.22	01:35:01.081	0.93525	0.93539			6
2025.05.22	01:35:04.442		0.93538			4
2025.05.22	01:35:05.786	0.93524				2
2025.05.22	01:35:06.990		0.93537			4
2025.05.22	01:35:30.563	0.93526	0.93539			6
2025.05.22	01:35:31.281		0.93540			4
2025.05.22	01:35:34.040	0.93527				2
2025.05.22	01:35:39.111	0.93525	0.93539			6
2025.05.22	01:35:47.306		0.93538			4
2025.05.22	01:35:52.568		0.93539			4
2025.05.22	01:35:54.141	0.93524				2
2025.05.22	01:35:58.941	0.93523				2
2025.05.22	01:36:00.580	0.93523				2
2025.05.22	01:36:02.131	0.93524				2
2025.05.22	01:36:02.438	0.93523	0.93536			6
2025.05.22	01:36:05.242	0.93522				2
2025.05.22	01:36:06.184		0.93534			4
2025.05.22	01:36:06.515	0.93516	0.93529			6
2025.05.22	01:36:06.817	0.93515				2
2025.05.22	01:36:07.159	0.93514	0.93527			6
2025.05.22	01:36:08.851	0.93513				2
2025.05.22	01:36:09.854	0.93514				2
2025.05.22	01:36:10.163	0.93515	0.93528			6
2025.05.22	01:36:10.512	0.93516				2
2025.05.22	01:36:12.635		0.93527			4
2025.05.22	01:36:13.340	0.93520	0.93531			6
2025.05.22	01:36:13.658	0.93522				2
2025.05.22	01:36:13.971	0.93520				2
2025.05.22	01:36:14.960		0.93532			4
2025.05.22	01:36:17.107	0.93521				2
2025.05.22	01:36:18.231	0.93520				2
2025.05.22	01:36:18.582	0.93519				2
2025.05.22	01:36:19.247	0.93520				2
2025.05.22	01:36:19.943	0.93519				2
2025.05.22	01:36:20.821	0.93521	0.93534			6
2025.05.22	01:36:21.373		0.93532			4
2025.05.22	01:36:21.992	0.93518				2
2025.05.22	01:36:22.657	0.93520				2
2025.05.22	01:36:24.475	0.93519	0.93530			6
2025.05.22	01:36:24.813	0.93517				2
2025.05.22	01:36:25.543	0.93518				2
2025.05.22	01:36:26.284	0.93519				2
2025.05.22	01:36:32.512	0.93520				2
2025.05.22	01:36:33.872	0.93519				2
2025.05.22	01:36:35.658		0.93531			4
2025.05.22	01:36:36.142	0.93520				2
2025.05.22	01:36:37.721		0.93532			4
2025.05.22	01:36:38.040	0.93521				2
2025.05.22	01:36:39.577		0.93534			4
2025.05.22	01:36:43.044	0.93522	0.93535			6
2025.05.22	01:36:45.231		0.93534			4
2025.05.22	01:36:45.683		0.93535			4
2025.05.22	01:36:46.009		0.93534			4
2025.05.22	01:36:47.630	0.93521				2
2025.05.22	01:36:49.413	0.93522	0.93533			6
2025.05.22	01:36:49.740		0.93536			4
2025.05.22	01:36:50.090	0.93523				2
2025.05.22	01:36:52.343	0.93524	0.93537			6
2025.05.22	01:36:53.991		0.93536			4
2025.05.22	01:36:56.098	0.93522	0.93534			6
2025.05.22	01:36:56.402	0.93523				2
2025.05.22	01:36:57.493		0.93536			4
2025.05.22	01:36:57.806		0.93535			4
2025.05.22	01:36:58.352	0.93524	0.93536			6
2025.05.22	01:36:59.446	0.93522	0.93535			6
2025.05.22	01:36:59.965	0.93523	0.93536			6
2025.05.22	01:37:00.339	0.93523				2
2025.05.22	01:37:01.996	0.93525	0.93537			6
2025.05.22	01:37:02.497	0.93523	0.93535			6
2025.05.22	01:37:03.010	0.93524	0.93536			6
2025.05.22	01:37:03.806		0.93535			4
2025.05.22	01:37:04.347	0.93523				2
2025.05.22	01:37:07.581	0.93524	0.93537			6
2025.05.22	01:37:08.731	0.93525				2
2025.05.22	01:37:12.381	0.93528	0.93540			6
2025.05.22	01:37:16.858	0.93532	0.93543			6
2025.05.22	01:37:20.662	0.93531	0.93542			6
2025.05.22	01:37:24.102		0.93541			4
2025.05.22	01:37:24.413	0.93529				2
2025.05.22	01:37:24.740	0.93528				2
2025.05.22	01:37:26.839	0.93530				2
2025.05.22	01:37:27.625	0.93527	0.93538			6
2025.05.22	01:37:27.940	0.93525				2
2025.05.22	01:37:28.264		0.93537			4
2025.05.22	01:37:32.691	0.93524				2
2025.05.22	01:37:37.676	0.93525				2
2025.05.22	01:37:39.008	0.93524				2
2025.05.22	01:37:41.016		0.93536			4
2025.05.22	01:37:42.807	0.93526	0.93537			6
2025.05.22	01:37:43.118	0.93525	0.93536			6
2025.05.22	01:37:43.487	0.93524				2
2025.05.22	01:37:44.633	0.93523				2
2025.05.22	01:37:45.818		0.93538			4
2025.05.22	01:37:46.291	0.93529	0.93540			6
2025.05.22	01:37:47.428	0.93528				2
2025.05.22	01:37:49.274	0.93529				2
2025.05.22	01:37:49.612	0.93530				2
2025.05.22	01:37:50.240	0.93529	0.93541			6
2025.05.22	01:37:50.546	0.93530				2
2025.05.22	01:37:53.204	0.93528	0.93539			6
2025.05.22	01:37:57.115	0.93529	0.93541			6
2025.05.22	01:37:57.741	0.93531				2
2025.05.22	01:37:58.944	0.93532				2
2025.05.22	01:38:00.417	0.93532				2
2025.05.22	01:38:02.218	0.93530				2
2025.05.22	01:38:02.526	0.93529				2
2025.05.22	01:38:03.168	0.93530				2
2025.05.22	01:38:03.482	0.93529				2
2025.05.22	01:38:03.788	0.93530				2
2025.05.22	01:38:07.911	0.93526	0.93539			6
2025.05.22	01:38:08.231	0.93525	0.93538			6
2025.05.22	01:38:10.872		0.93536			4
2025.05.22	01:38:12.673	0.93526	0.93538			6
2025.05.22	01:38:23.660	0.93530	0.93541			6
2025.05.22	01:38:24.817	0.93531	0.93544			6
2025.05.22	01:38:26.041	0.93529	0.93546			6
2025.05.22	01:38:28.351	0.93530				2
2025.05.22	01:38:31.439	0.93531	0.93543			6
2025.05.22	01:38:32.538		0.93545			4
2025.05.22	01:38:33.689		0.93543			4
2025.05.22	01:38:35.424	0.93529	0.93540			6
2025.05.22	01:38:37.985	0.93530	0.93541			6
2025.05.22	01:38:38.288	0.93529				2
2025.05.22	01:38:41.012		0.93542			4
2025.05.22	01:38:45.218	0.93528	0.93541			6
2025.05.22	01:38:45.842	0.93526	0.93539			6
2025.05.22	01:38:46.159	0.93527	0.93540			6
2025.05.22	01:38:56.934		0.93538			4
2025.05.22	01:38:57.442	0.93526				2
2025.05.22	01:39:00.440	0.93526				2
2025.05.22	01:39:08.348	0.93525	0.93535			6
2025.05.22	01:39:09.455	0.93524				2
2025.05.22	01:39:12.299	0.93525	0.93536			6
2025.05.22	01:39:14.740	0.93524	0.93535			6
2025.05.22	01:39:16.115	0.93514	0.93522			6
2025.05.22	01:39:16.423	0.93515				2
2025.05.22	01:39:17.260		0.93523			4
2025.05.22	01:39:19.382	0.93513				2
2025.05.22	01:39:20.291	0.93515	0.93527			6
2025.05.22	01:39:21.554	0.93517	0.93528			6
2025.05.22	01:39:28.263	0.93515	0.93526			6
2025.05.22	01:39:28.603	0.93516	0.93528			6
2025.05.22	01:39:29.744	0.93515	0.93527			6
2025.05.22	01:39:30.829		0.93528			4
2025.05.22	01:39:31.381	0.93516				2
2025.05.22	01:39:31.700	0.93513	0.93519			6
2025.05.22	01:39:32.056	0.93512				2
2025.05.22	01:39:32.806	0.93511				2
2025.05.22	01:39:34.214	0.93512				2
2025.05.22	01:39:36.071	0.93513				2
2025.05.22	01:39:37.143	0.93509	0.93522			6
2025.05.22	01:39:37.768	0.93511				2
2025.05.22	01:39:38.083	0.93509				2
2025.05.22	01:39:38.395	0.93511	0.93521			6
2025.05.22	01:39:38.724	0.93509				2
2025.05.22	01:39:39.886	0.93513	0.93522			6
2025.05.22	01:39:43.049	0.93514				2
2025.05.22	01:39:47.452	0.93515	0.93521			6
2025.05.22	01:39:53.146	0.93510	0.93522			6
2025.05.22	01:39:53.464	0.93505	0.93518			6
2025.05.22	01:39:53.775	0.93504				2
2025.05.22	01:39:58.120	0.93507	0.93520			6
2025.05.22	01:40:00.444	0.93507				2
2025.05.22	01:40:14.843	0.93508	0.93521			6
2025.05.22	01:40:16.725	0.93514	0.93525			6
2025.05.22	01:40:20.358	0.93513				2
2025.05.22	01:40:20.692	0.93515	0.93527			6
2025.05.22	01:40:23.537	0.93517	0.93529			6
2025.05.22	01:40:23.842	0.93516	0.93528			6
2025.05.22	01:40:27.020	0.93515				2
2025.05.22	01:40:28.603		0.93527			4
2025.05.22	01:40:31.740	0.93517	0.93530			6
2025.05.22	01:40:32.075	0.93519				2
2025.05.22	01:40:33.064	0.93520	0.93531			6
2025.05.22	01:40:35.718	0.93522	0.93532			6
2025.05.22	01:40:36.019	0.93523				2
2025.05.22	01:40:37.327		0.93533			4
2025.05.22	01:40:38.730	0.93524	0.93534			6
2025.05.22	01:40:40.448	0.93518	0.93528			6
2025.05.22	01:40:41.729	0.93519				2
2025.05.22	01:40:43.577	0.93518				2
2025.05.22	01:40:43.962	0.93519				2
2025.05.22	01:40:44.712	0.93518				2
2025.05.22	01:40:45.460	0.93519				2
2025.05.22	01:40:45.927	0.93518				2
2025.05.22	01:40:46.354	0.93520	0.93530			6
2025.05.22	01:40:46.838	0.93519	0.93529			6
2025.05.22	01:40:47.170		0.93532			4
2025.05.22	01:40:56.220	0.93520	0.93531			6
2025.05.22	01:40:59.615	0.93521				2
2025.05.22	01:41:00.213	0.93520				2
2025.05.22	01:41:01.221	0.93519	0.93529			6
2025.05.22	01:41:05.530		0.93532			4
2025.05.22	01:41:07.548		0.93528			4
2025.05.22	01:41:08.990	0.93517				2
2025.05.22	01:41:09.304	0.93516				2
2025.05.22	01:41:09.975		0.93527			4
2025.05.22	01:41:14.000	0.93514				2
2025.05.22	01:41:19.341	0.93516				2
2025.05.22	01:41:20.037	0.93515	0.93525			6
2025.05.22	01:41:20.393	0.93516				2
2025.05.22	01:41:20.739	0.93515				2
2025.05.22	01:41:25.214		0.93524			4
2025.05.22	01:41:31.497		0.93525			4
2025.05.22	01:41:34.580		0.93526			4
2025.05.22	01:41:35.074	0.93516	0.93527			6
2025.05.22	01:41:35.755	0.93517	0.93528			6
2025.05.22	01:41:40.499	0.93520	0.93531			6
2025.05.22	01:41:45.488		0.93532			4
2025.05.22	01:41:46.269	0.93518	0.93530			6
2025.05.22	01:41:46.578	0.93519				2
2025.05.22	01:41:47.510	0.93518				2
2025.05.22	01:41:48.837	0.93517	0.93531			6
2025.05.22	01:41:49.144		0.93530			4
2025.05.22	01:41:51.369		0.93531			4
2025.05.22	01:41:54.051	0.93516	0.93527			6
2025.05.22	01:41:54.383		0.93526			4
2025.05.22	01:41:55.497		0.93528			4
2025.05.22	01:41:55.886	0.93517	0.93529			6
2025.05.22	01:41:59.437	0.93518				2
2025.05.22	01:42:00.417	0.93517				2
2025.05.22	01:42:01.503		0.93530			4
2025.05.22	01:42:02.744	0.93516	0.93528			6
2025.05.22	01:42:04.670	0.93515	0.93526			6
2025.05.22	01:42:07.989	0.93517	0.93527			6
2025.05.22	01:42:09.059	0.93516	0.93526			6
2025.05.22	01:42:13.343	0.93515				2
2025.05.22	01:42:14.139	0.93516				2
2025.05.22	01:42:14.540	0.93515				2
2025.05.22	01:42:19.315	0.93517				2
2025.05.22	01:42:19.935		0.93528			4
2025.05.22	01:42:20.347	0.93516	0.93526			6
2025.05.22	01:42:22.346	0.93515				2
2025.05.22	01:42:23.289	0.93516	0.93529			6
2025.05.22	01:42:24.406		0.93527			4
2025.05.22	01:42:28.345	0.93515				2
2025.05.22	01:42:30.227	0.93516	0.93528			6
2025.05.22	01:42:31.234	0.93515	0.93526			6
2025.05.22	01:42:33.913	0.93514	0.93524			6
2025.05.22	01:42:38.384		0.93526			4
2025.05.22	01:42:39.810		0.93524			4
2025.05.22	01:42:40.579		0.93523			4
2025.05.22	01:42:41.340		0.93524			4
2025.05.22	01:42:41.954		0.93525			4
2025.05.22	01:42:42.316	0.93515				2
2025.05.22	01:42:45.943	0.93514	0.93527			6
2025.05.22	01:42:46.257		0.93525			4
