<DATE>	<TIME>	<BID>	<ASK>	<LAST>	<VOLUME>	<FLAGS>
2025.05.06	00:03:31.050	0.92999	0.93065			6
2025.05.06	00:05:04.318	0.92977	0.93162			6
2025.05.06	00:05:54.770	0.92988				2
2025.05.06	00:06:06.817	0.92988	0.93202			6
2025.05.06	00:06:11.441		0.93204			4
2025.05.06	00:06:34.103		0.93202			4
2025.05.06	00:06:35.807		0.93204			4
2025.05.06	00:06:49.684	0.92977				2
2025.05.06	00:06:51.623		0.93202			4
2025.05.06	00:07:01.051	0.92977	0.93211			6
2025.05.06	00:07:07.405		0.93202			4
2025.05.06	00:07:24.525		0.93214			4
2025.05.06	00:09:00.462	0.92977	0.93199			6
2025.05.06	00:09:00.987		0.93214			4
2025.05.06	00:09:01.453		0.93200			4
2025.05.06	00:09:02.451		0.93211			4
2025.05.06	00:09:03.452		0.93208			4
2025.05.06	00:09:04.993		0.93199			4
2025.05.06	00:09:05.464		0.93206			4
2025.05.06	00:09:06.049		0.93215			4
2025.05.06	00:09:06.456		0.93199			4
2025.05.06	00:09:06.827		0.93215			4
2025.05.06	00:09:07.451		0.93206			4
2025.05.06	00:09:08.040		0.93215			4
2025.05.06	00:09:14.822		0.93213			4
2025.05.06	00:09:17.822		0.93197			4
2025.05.06	00:09:21.821		0.93199			4
2025.05.06	00:09:33.893		0.93203			4
2025.05.06	00:09:34.774	0.92972				2
2025.05.06	00:09:41.321		0.93201			4
2025.05.06	00:10:00.427	0.92972				2
2025.05.06	00:13:24.070	0.92972	0.93206			6
2025.05.06	00:13:25.004		0.93208			4
2025.05.06	00:13:25.727		0.93207			4
2025.05.06	00:13:26.728		0.93204			4
2025.05.06	00:13:28.041		0.93202			4
2025.05.06	00:13:28.531		0.93201			4
2025.05.06	00:13:31.432		0.93199			4
2025.05.06	00:13:32.363		0.93196			4
2025.05.06	00:13:33.896		0.93207			4
2025.05.06	00:13:36.176		0.93203			4
2025.05.06	00:13:42.555		0.93199			4
2025.05.06	00:13:44.100	0.92975	0.93201			6
2025.05.06	00:25:52.780	0.93038	0.93231			6
2025.05.06	00:26:00.477	0.93038				2
2025.05.06	00:26:13.566	0.93022	0.93232			6
2025.05.06	00:26:42.681	0.93013	0.93190			6
2025.05.06	00:26:42.986	0.92997	0.93234			6
2025.05.06	00:26:43.461	0.92990	0.93218			6
2025.05.06	00:26:43.960	0.92992	0.93225			6
2025.05.06	00:26:44.361	0.92990	0.93215			6
2025.05.06	00:26:44.960	0.93005	0.93209			6
2025.05.06	00:26:45.469	0.93006	0.93202			6
2025.05.06	00:27:00.721	0.93006				2
2025.05.06	00:27:45.792		0.93202			4
2025.05.06	00:28:00.420	0.93006				2
2025.05.06	00:28:12.826	0.93011	0.93184			6
2025.05.06	00:28:53.869	0.93018				2
2025.05.06	00:29:02.218	0.93018				2
2025.05.06	00:29:14.631		0.93184			4
2025.05.06	00:29:20.362	0.93032				2
2025.05.06	00:29:30.349	0.93023	0.93209			6
2025.05.06	00:29:32.350		0.93232			4
2025.05.06	00:29:32.908		0.93219			4
2025.05.06	00:29:47.473	0.93049				2
2025.05.06	00:29:55.211	0.93030				2
2025.05.06	00:29:55.688		0.93202			4
2025.05.06	00:29:56.669		0.93200			4
2025.05.06	00:30:00.378	0.93008	0.93222			6
2025.05.06	00:30:01.931	0.93007				2
2025.05.06	00:30:06.123	0.93008				2
2025.05.06	00:30:10.564	0.93001	0.93194			6
2025.05.06	00:30:13.621	0.93002				2
2025.05.06	00:30:20.823	0.93003				2
2025.05.06	00:30:24.382		0.93186			4
2025.05.06	00:30:24.722	0.93004				2
2025.05.06	00:30:33.124	0.93005				2
2025.05.06	00:30:34.622	0.93006				2
2025.05.06	00:30:42.397		0.93194			4
2025.05.06	00:30:44.821	0.92998	0.93170			6
2025.05.06	00:30:45.898	0.92994	0.93177			6
2025.05.06	00:30:53.782	0.92990	0.93168			6
2025.05.06	00:30:55.304	0.92992	0.93112			6
2025.05.06	00:31:00.119	0.92992				2
2025.05.06	00:31:20.821		0.93101			4
2025.05.06	00:31:29.523	0.92979				2
2025.05.06	00:31:42.669	0.92980				2
2025.05.06	00:31:45.420	0.92992				2
2025.05.06	00:31:51.211	0.92980				2
2025.05.06	00:31:55.690	0.92991				2
2025.05.06	00:32:00.359	0.92991				2
2025.05.06	00:32:12.720	0.92992				2
2025.05.06	00:32:17.824		0.93112			4
2025.05.06	00:32:18.130	0.92998	0.93090			6
2025.05.06	00:32:19.135		0.93100			4
2025.05.06	00:32:20.360	0.92983				2
2025.05.06	00:32:29.526		0.93088			4
2025.05.06	00:32:31.897		0.93128			4
2025.05.06	00:32:32.445	0.92980	0.93120			6
2025.05.06	00:32:57.536	0.92973	0.93117			6
2025.05.06	00:33:00.422	0.92973				2
2025.05.06	00:33:04.083		0.93120			4
2025.05.06	00:33:27.446	0.92974	0.93121			6
2025.05.06	00:34:00.419	0.92974				2
2025.05.06	00:34:15.984	0.92967	0.93184			6
2025.05.06	00:34:43.385	0.92974	0.93186			6
2025.05.06	00:34:46.226	0.92980	0.93192			6
2025.05.06	00:34:48.328	0.92976	0.93213			6
2025.05.06	00:35:00.420	0.92978				2
2025.05.06	00:35:04.320	0.92976	0.93212			6
2025.05.06	00:35:07.404		0.93184			4
2025.05.06	00:35:42.647	0.92980				2
2025.05.06	00:35:49.398	0.92976				2
2025.05.06	00:35:51.570	0.92980				2
2025.05.06	00:35:52.072	0.92976				2
2025.05.06	00:36:00.401	0.92980				2
2025.05.06	00:36:00.726	0.92976				2
2025.05.06	00:36:03.528	0.92986				2
2025.05.06	00:36:07.496	0.92962	0.93184			6
2025.05.06	00:36:20.718	0.92982				2
2025.05.06	00:37:01.920	0.92982				2
2025.05.06	00:37:09.418		0.93184			4
2025.05.06	00:37:27.991	0.92980				2
2025.05.06	00:37:37.580	0.92983				2
2025.05.06	00:37:58.025	0.92962				2
2025.05.06	00:38:00.916	0.92962				2
2025.05.06	00:38:01.229	0.92981				2
2025.05.06	00:38:14.277		0.93184			4
2025.05.06	00:39:02.442	0.92963				2
2025.05.06	00:39:02.989	0.92977	0.93164			6
2025.05.06	00:39:03.595	0.92978	0.93165			6
2025.05.06	00:39:04.199	0.92973	0.93184			6
2025.05.06	00:40:00.193	0.92980				2
2025.05.06	00:40:04.346		0.93184			4
2025.05.06	00:40:07.198	0.92973				2
2025.05.06	00:41:02.433	0.92973				2
2025.05.06	00:41:04.922		0.93184			4
2025.05.06	00:42:00.431	0.92973				2
2025.05.06	00:42:04.931		0.93184			4
2025.05.06	00:43:00.357	0.92973				2
2025.05.06	00:43:10.354		0.93184			4
2025.05.06	00:44:00.420	0.92973				2
2025.05.06	00:44:13.393		0.93184			4
2025.05.06	00:44:37.498	0.92983				2
2025.05.06	00:44:47.158	0.92969				2
2025.05.06	00:44:57.120	0.92976				2
2025.05.06	00:45:02.179	0.92973	0.93158			6
2025.05.06	00:45:04.339	0.92976	0.93184			6
2025.05.06	00:45:08.681	0.92994	0.93166			6
2025.05.06	00:45:10.139	0.93001				2
2025.05.06	00:45:35.572	0.92994	0.93190			6
2025.05.06	00:45:37.151	0.93020	0.93188			6
2025.05.06	00:45:38.694	0.93024	0.93179			6
2025.05.06	00:45:40.571	0.93021	0.93172			6
2025.05.06	00:45:40.909	0.93020	0.93185			6
2025.05.06	00:45:50.700	0.93023	0.93184			6
2025.05.06	00:45:52.571	0.93022	0.93177			6
2025.05.06	00:45:53.070	0.93017	0.93166			6
2025.05.06	00:45:58.728	0.93019				2
2025.05.06	00:46:00.355	0.93017				2
2025.05.06	00:46:07.165	0.93007				2
2025.05.06	00:46:40.588	0.93004				2
2025.05.06	00:46:40.922	0.92986				2
2025.05.06	00:46:50.566	0.93004				2
2025.05.06	00:46:55.528	0.93006	0.93166			6
2025.05.06	00:47:00.346	0.93006				2
2025.05.06	00:47:02.186	0.92993	0.93142			6
2025.05.06	00:47:04.635	0.93006	0.93166			6
2025.05.06	00:47:45.419	0.92986				2
2025.05.06	00:48:00.423	0.92986				2
2025.05.06	00:48:05.261		0.93166			4
2025.05.06	00:48:08.966	0.93009				2
2025.05.06	00:48:29.156	0.92986				2
2025.05.06	00:48:33.123	0.92991	0.93182			6
2025.05.06	00:48:33.430	0.93055	0.93224			6
2025.05.06	00:48:35.199		0.93225			4
2025.05.06	00:48:39.580		0.93198			4
2025.05.06	00:48:40.868	0.93007	0.93196			6
2025.05.06	00:48:55.326	0.93010	0.93166			6
2025.05.06	00:48:56.163	0.93008	0.93186			6
2025.05.06	00:49:00.423	0.93008				2
2025.05.06	00:49:04.399	0.93018				2
2025.05.06	00:49:04.896	0.93012				2
2025.05.06	00:49:05.399	0.93019	0.93193			6
2025.05.06	00:49:05.834	0.93023	0.93183			6
2025.05.06	00:49:06.399		0.93187			4
2025.05.06	00:49:06.993	0.93018	0.93183			6
2025.05.06	00:49:12.402	0.93020	0.93181			6
2025.05.06	00:49:12.904	0.93022	0.93184			6
2025.05.06	00:49:13.320	0.93026	0.93188			6
2025.05.06	00:49:13.900	0.93025	0.93179			6
2025.05.06	00:49:28.321		0.93173			4
2025.05.06	00:49:28.921	0.93023	0.93175			6
2025.05.06	00:49:29.553	0.93021	0.93178			6
2025.05.06	00:49:30.038	0.93026	0.93186			6
2025.05.06	00:49:30.543	0.93009	0.93177			6
2025.05.06	00:49:33.841	0.93025	0.93166			6
2025.05.06	00:49:34.322	0.93022				2
2025.05.06	00:49:35.427	0.93019				2
2025.05.06	00:49:38.385	0.93015				2
2025.05.06	00:49:39.422	0.93020				2
2025.05.06	00:49:40.085	0.93016				2
2025.05.06	00:49:44.220	0.93019				2
2025.05.06	00:49:49.578	0.93014				2
2025.05.06	00:50:00.049	0.93014				2
2025.05.06	00:50:04.586	0.93012				2
2025.05.06	00:50:09.450	0.93011	0.93160			6
2025.05.06	00:50:11.182	0.93009				2
2025.05.06	00:50:11.519	0.93006				2
2025.05.06	00:50:13.023	0.93009				2
2025.05.06	00:50:27.439	0.93006				2
2025.05.06	00:50:28.573	0.93008				2
2025.05.06	00:50:29.520	0.93009	0.93166			6
2025.05.06	00:50:32.590	0.93007				2
2025.05.06	00:50:45.585	0.93002				2
2025.05.06	00:50:48.571	0.93004				2
2025.05.06	00:50:50.568		0.93153			4
2025.05.06	00:51:00.915	0.93004				2
2025.05.06	00:51:01.689	0.93001				2
2025.05.06	00:51:07.603		0.93140			4
2025.05.06	00:51:16.670	0.92999				2
2025.05.06	00:51:19.618	0.92994				2
2025.05.06	00:51:29.095	0.93005				2
2025.05.06	00:51:30.125	0.93003				2
2025.05.06	00:51:52.025	0.92999				2
2025.05.06	00:52:00.421	0.92999				2
2025.05.06	00:52:07.922		0.93140			4
2025.05.06	00:52:31.920		0.93130			4
2025.05.06	00:52:45.425	0.93001				2
2025.05.06	00:52:46.626	0.92999				2
2025.05.06	00:52:53.223		0.93107			4
2025.05.06	00:53:00.361	0.92999				2
2025.05.06	00:53:11.578	0.93003				2
2025.05.06	00:53:24.964	0.92999				2
2025.05.06	00:53:28.669	0.93005				2
2025.05.06	00:53:51.217		0.93108			4
2025.05.06	00:54:00.422	0.93005				2
2025.05.06	00:54:07.111	0.93006				2
2025.05.06	00:54:21.304	0.93005				2
2025.05.06	00:54:23.585	0.93008				2
2025.05.06	00:54:28.363	0.93004	0.93113			6
2025.05.06	00:54:36.123		0.93107			4
2025.05.06	00:55:01.019	0.93004				2
2025.05.06	00:55:18.673	0.93000				2
2025.05.06	00:55:36.650		0.93107			4
2025.05.06	00:55:39.423		0.93114			4
2025.05.06	00:55:54.319	0.92991	0.93139			6
2025.05.06	00:55:54.823	0.92984				2
2025.05.06	00:55:55.401	0.93021	0.93187			6
2025.05.06	00:55:55.702		0.93188			4
2025.05.06	00:55:56.235	0.93026				2
2025.05.06	00:55:57.555		0.93179			4
2025.05.06	00:56:00.269	0.93026	0.93178			6
2025.05.06	00:56:01.473		0.93176			4
2025.05.06	00:56:02.829		0.93191			4
2025.05.06	00:56:03.147		0.93189			4
2025.05.06	00:56:07.622		0.93169			4
2025.05.06	00:56:08.442		0.93179			4
2025.05.06	00:56:19.254		0.93146			4
2025.05.06	00:56:19.707	0.92992	0.93187			6
2025.05.06	00:56:27.153	0.92997	0.93177			6
2025.05.06	00:56:38.034	0.93003	0.93172			6
2025.05.06	00:56:38.750	0.93007	0.93174			6
2025.05.06	00:56:55.047	0.93021	0.93197			6
2025.05.06	00:56:56.279		0.93192			4
2025.05.06	00:56:58.593	0.93026	0.93204			6
2025.05.06	00:57:01.026	0.93027				2
2025.05.06	00:57:04.356	0.93021	0.93216			6
2025.05.06	00:57:04.918	0.93027	0.93169			6
2025.05.06	00:57:05.270	0.93021	0.93215			6
2025.05.06	00:57:11.132	0.93030	0.93211			6
2025.05.06	00:57:14.519	0.93031				2
2025.05.06	00:57:15.405	0.93024	0.93213			6
2025.05.06	00:57:16.818	0.93022				2
2025.05.06	00:57:18.607	0.93029	0.93211			6
2025.05.06	00:57:20.003	0.93023	0.93213			6
2025.05.06	00:57:20.356	0.93022				2
2025.05.06	00:57:22.324	0.93023				2
2025.05.06	00:57:30.101	0.93024				2
2025.05.06	00:57:30.720	0.93023				2
2025.05.06	00:57:32.675	0.93030	0.93211			6
2025.05.06	00:57:33.982	0.93026				2
2025.05.06	00:57:36.179	0.93022	0.93199			6
2025.05.06	00:57:37.922	0.93021				2
2025.05.06	00:57:39.123	0.93022				2
2025.05.06	00:57:40.601		0.93201			4
2025.05.06	00:57:50.446		0.93199			4
2025.05.06	00:57:53.628	0.93011				2
2025.05.06	00:57:54.361	0.93013				2
2025.05.06	00:57:54.676	0.93021	0.93197			6
2025.05.06	00:58:00.366	0.93021				2
2025.05.06	00:58:16.355	0.93018				2
2025.05.06	00:58:18.575	0.93023	0.93173			6
2025.05.06	00:58:19.088	0.93028	0.93178			6
2025.05.06	00:58:19.663		0.93173			4
2025.05.06	00:58:20.193	0.93042	0.93176			6
2025.05.06	00:58:20.496	0.93050	0.93179			6
2025.05.06	00:58:20.973		0.93180			4
2025.05.06	00:58:21.386	0.93048	0.93176			6
2025.05.06	00:58:22.994		0.93183			4
2025.05.06	00:58:23.404	0.93046	0.93184			6
2025.05.06	00:58:23.787	0.93019	0.93165			6
2025.05.06	00:58:24.115	0.93018	0.93164			6
2025.05.06	00:58:25.021		0.93215			4
2025.05.06	00:58:25.338	0.93020				2
2025.05.06	00:58:25.659		0.93211			4
2025.05.06	00:58:26.059	0.93014	0.93213			6
2025.05.06	00:58:27.401	0.93010	0.93204			6
2025.05.06	00:58:28.022	0.93009				2
2025.05.06	00:58:28.957	0.93010				2
2025.05.06	00:58:31.023	0.93004	0.93195			6
2025.05.06	00:58:32.548	0.93001	0.93202			6
2025.05.06	00:58:32.854		0.93203			4
2025.05.06	00:58:34.365	0.93029	0.93185			6
2025.05.06	00:58:35.185		0.93186			4
2025.05.06	00:58:35.490	0.93028	0.93189			6
2025.05.06	00:58:35.835	0.93042	0.93188			6
2025.05.06	00:58:36.392	0.93043	0.93180			6
2025.05.06	00:58:37.653	0.93044				2
2025.05.06	00:58:38.189		0.93170			4
2025.05.06	00:58:39.990	0.93041	0.93168			6
2025.05.06	00:58:41.795		0.93166			4
2025.05.06	00:58:44.197	0.93037				2
2025.05.06	00:58:44.557		0.93163			4
2025.05.06	00:58:44.901	0.93042	0.93184			6
2025.05.06	00:58:45.394	0.93041	0.93181			6
2025.05.06	00:58:45.918		0.93179			4
2025.05.06	00:58:47.503		0.93170			4
2025.05.06	00:58:50.199	0.93038				2
2025.05.06	00:58:51.647		0.93167			4
2025.05.06	00:58:53.790		0.93168			4
2025.05.06	00:58:56.492		0.93172			4
2025.05.06	00:58:57.228	0.93024	0.93173			6
2025.05.06	00:58:58.891		0.93175			4
2025.05.06	00:59:00.423	0.93024	0.93171			6
2025.05.06	00:59:00.993		0.93195			4
2025.05.06	00:59:01.830		0.93196			4
2025.05.06	00:59:02.190		0.93181			4
2025.05.06	00:59:03.663		0.93215			4
2025.05.06	00:59:07.217	0.93037	0.93214			6
2025.05.06	00:59:09.737	0.93039				2
2025.05.06	00:59:16.048	0.93022	0.93216			6
2025.05.06	00:59:27.235	0.93040	0.93214			6
2025.05.06	00:59:27.699	0.93021	0.93216			6
2025.05.06	00:59:45.432	0.93019	0.93219			6
2025.05.06	01:00:00.418	0.92998	0.93176			6
2025.05.06	01:00:00.722	0.92980	0.93175			6
2025.05.06	01:00:01.264	0.92988	0.93173			6
2025.05.06	01:00:01.568	0.92997	0.93147			6
2025.05.06	01:00:01.884	0.92989	0.93152			6
2025.05.06	01:00:02.228		0.93155			4
2025.05.06	01:00:02.536	0.93013	0.93141			6
2025.05.06	01:00:02.852	0.93053				2
2025.05.06	01:00:03.242	0.93033	0.93106			6
2025.05.06	01:00:03.545	0.93011				2
2025.05.06	01:00:03.849	0.93002				2
2025.05.06	01:00:04.896	0.92992	0.93104			6
2025.05.06	01:00:05.882	0.92990	0.93131			6
2025.05.06	01:00:06.457	0.92991	0.93119			6
2025.05.06	01:00:07.012		0.93116			4
2025.05.06	01:00:07.321	0.92989				2
2025.05.06	01:00:07.838	0.92985	0.93104			6
2025.05.06	01:00:08.302	0.92987				2
2025.05.06	01:00:09.200	0.92991				2
2025.05.06	01:00:09.928	0.92990				2
2025.05.06	01:00:10.320	0.92991				2
2025.05.06	01:00:14.931	0.92992				2
2025.05.06	01:00:15.906	0.92993				2
2025.05.06	01:00:18.920	0.92997	0.93086			6
2025.05.06	01:00:20.837	0.92993	0.93104			6
2025.05.06	01:00:22.922	0.92999				2
2025.05.06	01:00:23.336	0.93027	0.93078			6
2025.05.06	01:00:23.844		0.93104			4
2025.05.06	01:00:24.688	0.93019				2
2025.05.06	01:00:25.618	0.93024	0.93064			6
2025.05.06	01:00:25.997		0.93068			4
2025.05.06	01:00:26.395		0.93066			4
2025.05.06	01:00:29.409	0.93026	0.93054			6
2025.05.06	01:00:30.505		0.93057			4
2025.05.06	01:00:33.088	0.93009	0.93104			6
2025.05.06	01:00:34.021	0.93001				2
2025.05.06	01:00:34.348	0.93000				2
2025.05.06	01:00:37.116	0.93012	0.93086			6
2025.05.06	01:00:38.221	0.93010	0.93104			6
2025.05.06	01:00:38.833	0.93018	0.93059			6
2025.05.06	01:00:41.436	0.93014	0.93054			6
2025.05.06	01:00:43.915		0.93056			4
2025.05.06	01:00:46.503		0.93057			4
2025.05.06	01:00:46.814		0.93056			4
2025.05.06	01:00:50.569	0.93018	0.93061			6
2025.05.06	01:00:51.504		0.93059			4
2025.05.06	01:00:52.091	0.93022	0.93064			6
2025.05.06	01:00:56.369		0.93059			4
2025.05.06	01:01:00.308	0.93007	0.93086			6
2025.05.06	01:01:04.024	0.93006				2
2025.05.06	01:01:06.124	0.93007				2
2025.05.06	01:01:11.607	0.93005				2
2025.05.06	01:01:15.202	0.93011				2
2025.05.06	01:01:15.514	0.93003				2
2025.05.06	01:01:16.102	0.93001				2
2025.05.06	01:01:17.131	0.92999				2
2025.05.06	01:01:18.067	0.92998				2
2025.05.06	01:01:19.535	0.93023				2
2025.05.06	01:01:19.921	0.93025				2
2025.05.06	01:01:20.364	0.93023				2
2025.05.06	01:01:20.708	0.93024				2
2025.05.06	01:01:22.060	0.93025				2
2025.05.06	01:01:24.079	0.93026				2
2025.05.06	01:01:26.360	0.93004				2
2025.05.06	01:01:27.152	0.93029				2
2025.05.06	01:01:27.460	0.93031				2
2025.05.06	01:01:29.085	0.93012				2
2025.05.06	01:01:29.401	0.93015				2
2025.05.06	01:01:29.824	0.93018				2
2025.05.06	01:01:34.584	0.92999				2
2025.05.06	01:01:35.140		0.93084			4
2025.05.06	01:01:41.175	0.93016	0.93086			6
2025.05.06	01:01:42.720	0.93018	0.93085			6
2025.05.06	01:01:43.033	0.93019	0.93086			6
2025.05.06	01:01:45.400	0.93000	0.93084			6
2025.05.06	01:01:45.720		0.93082			4
2025.05.06	01:01:49.043		0.93081			4
2025.05.06	01:01:51.424	0.93005	0.93082			6
2025.05.06	01:01:51.738	0.93012	0.93084			6
2025.05.06	01:01:52.049	0.93014				2
2025.05.06	01:01:52.353	0.93018	0.93085			6
2025.05.06	01:01:52.872	0.93019				2
2025.05.06	01:01:53.626		0.93086			4
2025.05.06	01:01:54.926		0.93085			4
2025.05.06	01:01:58.031	0.93000	0.93079			6
2025.05.06	01:02:00.120	0.93000				2
2025.05.06	01:02:01.321	0.93019	0.93083			6
2025.05.06	01:02:02.378	0.93020	0.93084			6
2025.05.06	01:02:03.116	0.93021				2
2025.05.06	01:02:04.157	0.93001	0.93077			6
2025.05.06	01:02:09.123		0.93076			4
2025.05.06	01:02:12.115	0.93021	0.93078			6
2025.05.06	01:02:12.421	0.93022	0.93080			6
2025.05.06	01:02:15.516	0.93002	0.93074			6
2025.05.06	01:02:21.423		0.93073			4
2025.05.06	01:02:26.222	0.93016	0.93076			6
2025.05.06	01:02:26.565	0.93022	0.93077			6
2025.05.06	01:02:26.878	0.93002	0.93072			6
2025.05.06	01:02:27.485	0.93000				2
2025.05.06	01:02:29.521		0.93071			4
2025.05.06	01:02:33.419	0.93003	0.93068			6
2025.05.06	01:02:36.121		0.93067			4
2025.05.06	01:02:37.154	0.93012	0.93069			6
2025.05.06	01:02:37.470	0.93014				2
2025.05.06	01:02:38.171	0.93015				2
2025.05.06	01:02:39.653	0.93003				2
2025.05.06	01:02:40.021		0.93067			4
2025.05.06	01:02:41.222		0.93066			4
2025.05.06	01:02:41.676	0.93013	0.93068			6
2025.05.06	01:02:42.035	0.93015				2
2025.05.06	01:02:44.092	0.93011	0.93028			6
2025.05.06	01:02:44.400	0.93002	0.93063			6
2025.05.06	01:02:44.822		0.93068			4
2025.05.06	01:02:47.220		0.93067			4
2025.05.06	01:02:53.223	0.93001	0.93064			6
2025.05.06	01:02:53.786	0.93002				2
2025.05.06	01:02:54.722		0.93062			4
2025.05.06	01:03:00.452	0.93001	0.93065			6
2025.05.06	01:03:09.121		0.93064			4
2025.05.06	01:03:10.623		0.93063			4
2025.05.06	01:03:11.222		0.93062			4
2025.05.06	01:03:20.396	0.93022	0.93064			6
2025.05.06	01:03:20.703	0.93024	0.93066			6
2025.05.06	01:03:21.383	0.93001	0.93059			6
2025.05.06	01:03:35.343	0.93023	0.93062			6
2025.05.06	01:03:35.776	0.93024				2
2025.05.06	01:03:37.832	0.93002	0.93059			6
2025.05.06	01:03:38.221		0.93057			4
2025.05.06	01:03:39.421		0.93056			4
2025.05.06	01:03:58.238		0.93059			4
2025.05.06	01:03:59.821		0.93056			4
2025.05.06	01:04:02.522	0.93002				2
2025.05.06	01:04:04.021	0.93003	0.93061			6
2025.05.06	01:04:04.701	0.93002	0.93059			6
2025.05.06	01:04:05.221		0.93056			4
2025.05.06	01:04:06.489		0.93058			4
2025.05.06	01:04:08.340	0.93018	0.93064			6
2025.05.06	01:04:08.664	0.93006	0.93060			6
2025.05.06	01:04:09.827	0.93002	0.93062			6
2025.05.06	01:04:12.101		0.93055			4
2025.05.06	01:04:17.156	0.93019	0.93057			6
2025.05.06	01:04:17.676	0.93021	0.93058			6
2025.05.06	01:04:19.021		0.93059			4
2025.05.06	01:04:23.664	0.93001	0.93055			6
2025.05.06	01:04:24.132		0.93058			4
2025.05.06	01:04:25.044		0.93061			4
2025.05.06	01:04:26.220		0.93062			4
2025.05.06	01:04:28.920		0.93061			4
2025.05.06	01:04:30.122		0.93062			4
2025.05.06	01:04:32.820		0.93061			4
2025.05.06	01:04:36.421		0.93062			4
2025.05.06	01:04:39.721		0.93061			4
2025.05.06	01:05:00.482	0.93001				2
2025.05.06	01:05:02.822		0.93060			4
2025.05.06	01:05:05.037	0.93002	0.93057			6
2025.05.06	01:05:10.419	0.93000	0.93058			6
2025.05.06	01:05:21.422		0.93057			4
2025.05.06	01:05:27.154	0.93020	0.93056			6
2025.05.06	01:05:27.685	0.93022	0.93059			6
2025.05.06	01:05:28.313	0.93021				2
2025.05.06	01:05:28.809	0.93022				2
2025.05.06	01:05:30.422		0.93058			4
2025.05.06	01:05:31.039		0.93059			4
2025.05.06	01:05:34.781		0.93057			4
2025.05.06	01:05:37.962		0.93059			4
2025.05.06	01:05:40.960	0.93023				2
2025.05.06	01:05:43.613	0.93003	0.93050			6
2025.05.06	01:05:43.919	0.93002	0.93047			6
2025.05.06	01:05:44.220		0.93054			4
2025.05.06	01:05:48.624	0.93003	0.93053			6
2025.05.06	01:05:49.021		0.93057			4
2025.05.06	01:06:02.821	0.93003				2
2025.05.06	01:06:04.788	0.93006				2
2025.05.06	01:06:10.243	0.93005	0.93058			6
2025.05.06	01:06:10.920	0.93006				2
2025.05.06	01:06:12.122		0.93057			4
2025.05.06	01:06:17.623	0.93005	0.93058			6
2025.05.06	01:06:19.239	0.93002	0.93053			6
2025.05.06	01:06:20.356		0.93054			4
2025.05.06	01:06:21.093	0.93003				2
2025.05.06	01:06:21.724		0.93053			4
2025.05.06	01:06:23.844	0.93006	0.93057			6
2025.05.06	01:06:44.689	0.93007				2
2025.05.06	01:06:46.929		0.93058			4
2025.05.06	01:06:58.063		0.93056			4
2025.05.06	01:07:01.022	0.93007				2
2025.05.06	01:07:08.165		0.93054			4
2025.05.06	01:07:14.541		0.93056			4
2025.05.06	01:07:38.313		0.93053			4
2025.05.06	01:07:39.716	0.93003				2
2025.05.06	01:07:54.561		0.93054			4
2025.05.06	01:07:54.867		0.93053			4
2025.05.06	01:07:55.618		0.93054			4
2025.05.06	01:08:02.218	0.93003				2
2025.05.06	01:08:08.340	0.93017				2
2025.05.06	01:08:12.006		0.93059			4
2025.05.06	01:08:12.797		0.93057			4
2025.05.06	01:08:13.321		0.93054			4
2025.05.06	01:08:14.377		0.93056			4
2025.05.06	01:08:21.721		0.93054			4
2025.05.06	01:08:22.087		0.93056			4
2025.05.06	01:08:37.526		0.93054			4
2025.05.06	01:08:44.015		0.93056			4
2025.05.06	01:09:00.722	0.93017				2
2025.05.06	01:09:03.118	0.93021				2
2025.05.06	01:09:42.724		0.93057			4
2025.05.06	01:09:50.825		0.93056			4
2025.05.06	01:09:54.721		0.93057			4
2025.05.06	01:09:58.341	0.93020				2
2025.05.06	01:09:59.220		0.93056			4
2025.05.06	01:10:00.116	0.93020				2
2025.05.06	01:10:07.511		0.93055			4
2025.05.06	01:10:08.220		0.93057			4
2025.05.06	01:10:12.359		0.93050			4
2025.05.06	01:10:19.321		0.93052			4
2025.05.06	01:10:20.221		0.93053			4
2025.05.06	01:10:23.801		0.93055			4
2025.05.06	01:10:26.121		0.93053			4
2025.05.06	01:10:30.355		0.93052			4
2025.05.06	01:10:45.744		0.93054			4
2025.05.06	01:10:50.521		0.93052			4
2025.05.06	01:10:51.720		0.93053			4
2025.05.06	01:10:53.342	0.93022				2
2025.05.06	01:10:54.119		0.93055			4
2025.05.06	01:10:55.074		0.93056			4
2025.05.06	01:10:58.087		0.93058			4
2025.05.06	01:11:01.024	0.93022				2
2025.05.06	01:11:04.351		0.93055			4
2025.05.06	01:11:10.438		0.93057			4
2025.05.06	01:11:10.850		0.93056			4
2025.05.06	01:11:13.705		0.93055			4
2025.05.06	01:11:14.221		0.93052			4
2025.05.06	01:11:18.815		0.93054			4
2025.05.06	01:11:20.327		0.93056			4
2025.05.06	01:11:21.988		0.93055			4
2025.05.06	01:11:24.267		0.93056			4
2025.05.06	01:11:25.194		0.93054			4
2025.05.06	01:11:26.125		0.93053			4
2025.05.06	01:11:29.756		0.93055			4
2025.05.06	01:11:30.122		0.93054			4
2025.05.06	01:11:30.484		0.93052			4
2025.05.06	01:11:39.271		0.93051			4
2025.05.06	01:11:41.941		0.93054			4
2025.05.06	01:11:48.121	0.93024				2
2025.05.06	01:11:53.223	0.93033				2
2025.05.06	01:12:00.588	0.93033				2
2025.05.06	01:12:31.245		0.93055			4
2025.05.06	01:12:47.969		0.93057			4
2025.05.06	01:12:48.329	0.93035	0.93056			6
2025.05.06	01:12:53.573		0.93057			4
2025.05.06	01:13:00.119	0.93035				2
2025.05.06	01:13:00.539	0.93038	0.93062			6
2025.05.06	01:13:01.021		0.93063			4
2025.05.06	01:13:18.432		0.93062			4
2025.05.06	01:13:40.381		0.93063			4
2025.05.06	01:13:41.861		0.93062			4
2025.05.06	01:13:49.639		0.93058			4
2025.05.06	01:14:00.544	0.93038				2
2025.05.06	01:14:01.818		0.93061			4
2025.05.06	01:14:13.382		0.93058			4
2025.05.06	01:14:14.218		0.93061			4
2025.05.06	01:14:36.118		0.93060			4
2025.05.06	01:14:49.448		0.93062			4
2025.05.06	01:14:50.545	0.93043	0.93063			6
2025.05.06	01:14:51.859	0.93053	0.93067			6
2025.05.06	01:14:52.252		0.93069			4
2025.05.06	01:14:52.622		0.93068			4
2025.05.06	01:14:53.706	0.93064	0.93070			6
2025.05.06	01:14:56.081	0.93043	0.93069			6
2025.05.06	01:14:56.824		0.93068			4
2025.05.06	01:14:58.872		0.93063			4
2025.05.06	01:15:00.185	0.93043	0.93065			6
2025.05.06	01:15:00.500	0.93030	0.93067			6
2025.05.06	01:15:00.804		0.93065			4
2025.05.06	01:15:01.435	0.93025	0.93055			6
2025.05.06	01:15:05.372	0.93026				2
2025.05.06	01:15:05.677	0.93025				2
2025.05.06	01:15:13.217	0.93026				2
2025.05.06	01:15:13.528	0.93025				2
2025.05.06	01:15:15.813	0.93033	0.93058			6
2025.05.06	01:15:16.118	0.93028				2
2025.05.06	01:15:23.269	0.93025	0.93056			6
2025.05.06	01:15:24.482	0.93032	0.93058			6
2025.05.06	01:15:24.957	0.93028				2
2025.05.06	01:15:35.314	0.93029				2
2025.05.06	01:15:44.194		0.93057			4
2025.05.06	01:15:45.987		0.93058			4
2025.05.06	01:15:46.436		0.93057			4
2025.05.06	01:15:47.385		0.93058			4
2025.05.06	01:15:48.312		0.93057			4
2025.05.06	01:15:49.458		0.93058			4
2025.05.06	01:15:50.569		0.93057			4
2025.05.06	01:15:53.305		0.93058			4
2025.05.06	01:15:53.607		0.93057			4
2025.05.06	01:15:55.599	0.93031	0.93058			6
2025.05.06	01:15:56.631	0.93029	0.93054			6
2025.05.06	01:15:56.939	0.93024				2
2025.05.06	01:16:00.234	0.93024				2
2025.05.06	01:16:01.027	0.93030	0.93058			6
2025.05.06	01:16:02.061	0.93026	0.93054			6
2025.05.06	01:16:02.367	0.93024	0.93055			6
2025.05.06	01:16:02.695		0.93054			4
2025.05.06	01:16:03.603	0.93022	0.93055			6
2025.05.06	01:16:04.168	0.93030	0.93058			6
2025.05.06	01:16:05.193		0.93059			4
2025.05.06	01:16:08.106	0.93028	0.93061			6
2025.05.06	01:16:08.435	0.93030	0.93058			6
2025.05.06	01:16:09.305	0.93029				2
2025.05.06	01:16:09.732	0.93030				2
2025.05.06	01:16:10.329	0.93029				2
2025.05.06	01:16:10.764	0.93030				2
2025.05.06	01:16:12.416	0.93029	0.93059			6
2025.05.06	01:16:12.838		0.93058			4
2025.05.06	01:16:13.456	0.93030				2
2025.05.06	01:16:13.877	0.93029	0.93059			6
2025.05.06	01:16:14.199	0.93030	0.93058			6
2025.05.06	01:16:15.822	0.93027	0.93061			6
2025.05.06	01:16:16.207	0.93030	0.93058			6
2025.05.06	01:16:18.067	0.93031	0.93059			6
2025.05.06	01:16:18.420		0.93060			4
2025.05.06	01:16:19.919		0.93059			4
2025.05.06	01:16:20.764		0.93060			4
2025.05.06	01:16:21.119		0.93059			4
2025.05.06	01:16:22.746		0.93060			4
2025.05.06	01:16:23.457	0.93030				2
2025.05.06	01:16:23.819		0.93059			4
2025.05.06	01:16:25.880		0.93060			4
2025.05.06	01:16:27.722	0.93027	0.93059			6
2025.05.06	01:16:28.024	0.93031				2
2025.05.06	01:16:29.014		0.93058			4
2025.05.06	01:16:32.372	0.93033				2
2025.05.06	01:16:41.869	0.93032				2
2025.05.06	01:16:52.230	0.93033				2
2025.05.06	01:16:59.647		0.93048			4
2025.05.06	01:17:00.112	0.93033	0.93058			6
2025.05.06	01:17:01.827		0.93048			4
2025.05.06	01:17:02.723		0.93058			4
2025.05.06	01:17:04.323	0.93032				2
2025.05.06	01:17:05.444	0.93033				2
2025.05.06	01:17:06.460	0.93032				2
2025.05.06	01:17:16.624		0.93057			4
2025.05.06	01:17:24.623	0.93033				2
2025.05.06	01:17:25.025	0.93032				2
2025.05.06	01:18:00.566	0.93032				2
2025.05.06	01:18:04.970		0.93056			4
2025.05.06	01:18:06.155	0.93031				2
2025.05.06	01:18:07.020		0.93055			4
2025.05.06	01:18:08.096		0.93056			4
2025.05.06	01:18:09.080	0.93032				2
2025.05.06	01:18:10.619		0.93057			4
2025.05.06	01:18:18.926	0.93033				2
2025.05.06	01:18:20.107		0.93058			4
2025.05.06	01:18:25.974		0.93057			4
2025.05.06	01:18:43.451	0.93034	0.93058			6
2025.05.06	01:18:46.168	0.93039	0.93061			6
2025.05.06	01:18:47.521		0.93062			4
2025.05.06	01:18:48.378	0.93036	0.93060			6
2025.05.06	01:18:48.974	0.93035				2
2025.05.06	01:18:50.219		0.93059			4
2025.05.06	01:18:55.087	0.93037	0.93060			6
2025.05.06	01:19:00.253	0.93037				2
2025.05.06	01:19:00.819	0.93036				2
2025.05.06	01:19:01.143	0.93038				2
2025.05.06	01:19:01.438		0.93062			4
2025.05.06	01:19:01.773		0.93060			4
2025.05.06	01:19:02.631	0.93037	0.93059			6
2025.05.06	01:19:02.977		0.93060			4
2025.05.06	01:19:03.914	0.93035	0.93058			6
2025.05.06	01:19:04.622		0.93057			4
2025.05.06	01:19:05.106	0.93032	0.93054			6
2025.05.06	01:19:06.217	0.93031				2
2025.05.06	01:19:06.718		0.93055			4
2025.05.06	01:19:07.175		0.93054			4
2025.05.06	01:19:19.194		0.93053			4
2025.05.06	01:19:19.562		0.93054			4
2025.05.06	01:19:21.564		0.93055			4
2025.05.06	01:19:21.959		0.93054			4
2025.05.06	01:19:36.981	0.93034	0.93055			6
2025.05.06	01:19:38.309	0.93035	0.93057			6
2025.05.06	01:19:39.677	0.93036	0.93056			6
2025.05.06	01:19:40.502	0.93035	0.93055			6
2025.05.06	01:19:41.754		0.93056			4
2025.05.06	01:19:42.533	0.93034	0.93055			6
2025.05.06	01:19:43.687	0.93035	0.93056			6
2025.05.06	01:19:44.042	0.93034	0.93055			6
2025.05.06	01:19:45.402		0.93054			4
2025.05.06	01:19:45.707		0.93055			4
2025.05.06	01:19:47.232		0.93054			4
2025.05.06	01:19:48.866	0.93033				2
2025.05.06	01:19:51.231		0.93056			4
2025.05.06	01:19:51.608	0.93034				2
2025.05.06	01:19:52.899	0.93032	0.93054			6
2025.05.06	01:19:53.434	0.93033	0.93055			6
2025.05.06	01:19:53.969	0.93032	0.93054			6
2025.05.06	01:19:55.765		0.93053			4
2025.05.06	01:19:56.846		0.93054			4
2025.05.06	01:19:58.320		0.93053			4
2025.05.06	01:19:59.124	0.93031				2
2025.05.06	01:20:01.116	0.93031	0.93054			6
2025.05.06	01:20:02.234		0.93055			4
2025.05.06	01:20:02.819		0.93054			4
2025.05.06	01:20:08.160	0.93035	0.93056			6
2025.05.06	01:20:08.478	0.93036	0.93057			6
2025.05.06	01:20:08.821	0.93037				2
2025.05.06	01:20:11.220	0.93036				2
2025.05.06	01:20:11.820	0.93037				2
2025.05.06	01:20:15.230	0.93036				2
2025.05.06	01:20:15.692	0.93037				2
2025.05.06	01:20:27.176	0.93036				2
2025.05.06	01:20:27.719	0.93037				2
2025.05.06	01:20:28.220	0.93036				2
2025.05.06	01:20:28.619	0.93037				2
2025.05.06	01:20:30.326	0.93036				2
2025.05.06	01:20:30.719	0.93037				2
2025.05.06	01:20:35.527		0.93058			4
2025.05.06	01:21:00.513	0.93037				2
2025.05.06	01:21:18.022		0.93057			4
2025.05.06	01:21:21.805		0.93058			4
2025.05.06	01:21:24.273	0.93036	0.93056			6
2025.05.06	01:21:24.719		0.93057			4
2025.05.06	01:21:27.092		0.93056			4
2025.05.06	01:21:27.419		0.93057			4
2025.05.06	01:21:28.137		0.93056			4
2025.05.06	01:21:28.618		0.93057			4
2025.05.06	01:21:29.379		0.93056			4
2025.05.06	01:21:29.819		0.93057			4
2025.05.06	01:21:33.507		0.93056			4
2025.05.06	01:21:34.018		0.93057			4
2025.05.06	01:21:35.571		0.93056			4
2025.05.06	01:21:36.119	0.93037	0.93058			6
2025.05.06	01:22:00.051	0.93037				2
2025.05.06	01:22:17.370		0.93059			4
2025.05.06	01:22:26.187		0.93058			4
2025.05.06	01:22:29.750		0.93059			4
2025.05.06	01:22:30.120		0.93058			4
2025.05.06	01:22:31.619		0.93059			4
2025.05.06	01:22:36.124	0.93032	0.93053			6
2025.05.06	01:22:48.240	0.93033				2
2025.05.06	01:23:00.120	0.93033				2
2025.05.06	01:23:00.588	0.93020	0.93042			6
2025.05.06	01:23:02.758		0.93041			4
2025.05.06	01:23:03.119		0.93042			4
2025.05.06	01:23:11.262		0.93040			4
2025.05.06	01:23:12.246	0.93021	0.93041			6
2025.05.06	01:23:26.735	0.93023	0.93044			6
2025.05.06	01:23:28.400		0.93043			4
2025.05.06	01:23:29.772	0.93024	0.93044			6
2025.05.06	01:23:31.620		0.93045			4
2025.05.06	01:23:32.937		0.93044			4
2025.05.06	01:23:33.989		0.93045			4
2025.05.06	01:23:35.154		0.93044			4
2025.05.06	01:23:35.937	0.93025				2
2025.05.06	01:23:43.239	0.93024				2
2025.05.06	01:23:44.251	0.93025	0.93045			6
2025.05.06	01:23:45.255	0.93024	0.93044			6
2025.05.06	01:23:46.545	0.93025	0.93046			6
2025.05.06	01:23:46.921		0.93045			4
2025.05.06	01:23:47.384		0.93046			4
2025.05.06	01:23:47.714		0.93045			4
2025.05.06	01:23:48.750	0.93024	0.93044			6
2025.05.06	01:23:53.825	0.93023	0.93043			6
2025.05.06	01:23:55.059	0.93024				2
2025.05.06	01:24:00.226	0.93024				2
2025.05.06	01:24:14.844	0.93023				2
2025.05.06	01:24:29.721	0.93024	0.93044			6
2025.05.06	01:24:35.897	0.93022	0.93043			6
2025.05.06	01:24:36.420		0.93042			4
2025.05.06	01:24:36.965	0.93021				2
2025.05.06	01:24:40.090		0.93041			4
2025.05.06	01:24:41.078	0.93020				2
2025.05.06	01:24:44.064		0.93043			4
2025.05.06	01:24:44.405		0.93042			4
2025.05.06	01:24:49.265		0.93043			4
2025.05.06	01:24:49.594		0.93042			4
2025.05.06	01:24:50.894	0.93023	0.93043			6
2025.05.06	01:24:56.683		0.93044			4
2025.05.06	01:24:57.724		0.93043			4
2025.05.06	01:24:58.071		0.93044			4
2025.05.06	01:24:58.402	0.93024				2
2025.05.06	01:24:59.378	0.93023	0.93042			6
2025.05.06	01:24:59.720		0.93044			4
2025.05.06	01:25:00.023	0.93023				2
2025.05.06	01:25:01.021		0.93043			4
2025.05.06	01:25:06.435		0.93042			4
2025.05.06	01:25:06.974		0.93043			4
2025.05.06	01:25:07.620		0.93042			4
2025.05.06	01:25:08.012		0.93043			4
2025.05.06	01:25:10.143		0.93044			4
2025.05.06	01:25:10.469		0.93043			4
2025.05.06	01:25:11.250		0.93042			4
2025.05.06	01:25:11.557		0.93043			4
2025.05.06	01:25:12.420		0.93042			4
2025.05.06	01:25:12.749		0.93043			4
2025.05.06	01:25:13.143		0.93042			4
2025.05.06	01:25:14.750		0.93043			4
2025.05.06	01:25:15.914		0.93042			4
2025.05.06	01:25:18.773		0.93043			4
2025.05.06	01:25:27.854		0.93044			4
2025.05.06	01:25:28.864		0.93043			4
2025.05.06	01:25:35.521		0.93044			4
2025.05.06	01:25:42.337		0.93043			4
2025.05.06	01:25:43.505		0.93044			4
2025.05.06	01:25:50.764		0.93043			4
2025.05.06	01:25:51.070	0.93024				2
2025.05.06	01:25:52.795	0.93022				2
2025.05.06	01:25:53.816	0.93023				2
2025.05.06	01:25:57.610	0.93024				2
2025.05.06	01:26:00.119	0.93024				2
2025.05.06	01:26:01.144		0.93046			4
2025.05.06	01:26:03.289	0.93026				2
2025.05.06	01:26:03.861	0.93025				2
2025.05.06	01:26:06.698		0.93045			4
2025.05.06	01:26:07.023	0.93031	0.93048			6
2025.05.06	01:26:07.355	0.93026				2
2025.05.06	01:26:07.705	0.93025	0.93045			6
2025.05.06	01:26:11.819		0.93044			4
2025.05.06	01:26:13.299		0.93045			4
2025.05.06	01:26:16.737		0.93046			4
2025.05.06	01:26:22.698		0.93045			4
2025.05.06	01:26:24.171		0.93049			4
2025.05.06	01:26:24.814	0.93027	0.93047			6
2025.05.06	01:26:25.136	0.93025	0.93045			6
2025.05.06	01:26:31.145		0.93044			4
2025.05.06	01:26:34.012		0.93043			4
2025.05.06	01:26:35.221		0.93044			4
2025.05.06	01:26:37.635		0.93045			4
2025.05.06	01:26:47.670	0.93031	0.93049			6
2025.05.06	01:26:47.992		0.93045			4
2025.05.06	01:26:48.299	0.93032	0.93050			6
2025.05.06	01:26:48.601	0.93030	0.93048			6
2025.05.06	01:26:49.227		0.93047			4
2025.05.06	01:26:49.761	0.93028	0.93046			6
2025.05.06	01:26:51.121		0.93045			4
2025.05.06	01:26:51.987	0.93029	0.93046			6
2025.05.06	01:26:52.321		0.93047			4
2025.05.06	01:26:54.020		0.93046			4
2025.05.06	01:26:54.995	0.93030	0.93047			6
2025.05.06	01:26:55.970	0.93029				2
2025.05.06	01:26:58.199		0.93046			4
2025.05.06	01:26:58.919		0.93047			4
2025.05.06	01:26:59.251		0.93046			4
2025.05.06	01:26:59.575		0.93047			4
2025.05.06	01:26:59.880		0.93048			4
2025.05.06	01:27:00.284	0.93029				2
2025.05.06	01:27:01.329	0.93030	0.93046			6
2025.05.06	01:27:04.069	0.93028				2
2025.05.06	01:27:05.778	0.93030	0.93048			6
2025.05.06	01:27:06.081	0.93032				2
2025.05.06	01:27:06.723	0.93028	0.93046			6
2025.05.06	01:27:08.202		0.93045			4
2025.05.06	01:27:23.472	0.93030	0.93049			6
2025.05.06	01:27:24.109		0.93046			4
2025.05.06	01:27:24.430	0.93028				2
2025.05.06	01:27:25.678		0.93045			4
2025.05.06	01:27:30.316	0.93033	0.93050			6
2025.05.06	01:27:36.271	0.93034	0.93053			6
2025.05.06	01:27:36.643	0.93036				2
2025.05.06	01:27:37.283	0.93033	0.93050			6
2025.05.06	01:27:40.378		0.93049			4
2025.05.06	01:27:42.787		0.93050			4
2025.05.06	01:27:45.637		0.93049			4
2025.05.06	01:27:47.225		0.93050			4
2025.05.06	01:27:55.346		0.93053			4
2025.05.06	01:27:55.992		0.93051			4
2025.05.06	01:27:56.318		0.93050			4
2025.05.06	01:27:58.071		0.93049			4
2025.05.06	01:27:58.921		0.93050			4
2025.05.06	01:28:00.113	0.93033				2
2025.05.06	01:28:02.213	0.93036	0.93055			6
2025.05.06	01:28:02.823	0.93035	0.93054			6
2025.05.06	01:28:03.399	0.93033	0.93051			6
2025.05.06	01:28:04.381		0.93052			4
2025.05.06	01:28:06.752		0.93053			4
2025.05.06	01:28:07.716		0.93052			4
2025.05.06	01:28:08.040	0.93035	0.93054			6
2025.05.06	01:28:08.365	0.93032	0.93051			6
2025.05.06	01:28:09.407		0.93050			4
2025.05.06	01:28:16.715		0.93048			4
2025.05.06	01:28:26.842		0.93049			4
2025.05.06	01:28:32.874	0.93035	0.93053			6
2025.05.06	01:28:33.515	0.93032	0.93050			6
2025.05.06	01:28:33.833	0.93031	0.93049			6
2025.05.06	01:28:34.625		0.93048			4
2025.05.06	01:28:44.176	0.93029	0.93047			6
2025.05.06	01:28:47.221	0.93031	0.93048			6
2025.05.06	01:28:48.418		0.93049			4
2025.05.06	01:28:51.483	0.93035	0.93053			6
2025.05.06	01:28:52.143	0.93033	0.93050			6
2025.05.06	01:28:52.445	0.93031	0.93049			6
2025.05.06	01:28:52.796		0.93048			4
2025.05.06	01:28:55.553		0.93047			4
2025.05.06	01:28:56.598		0.93048			4
2025.05.06	01:28:57.422		0.93047			4
2025.05.06	01:28:57.747		0.93048			4
2025.05.06	01:29:00.720	0.93031				2
2025.05.06	01:29:08.971	0.93036	0.93054			6
2025.05.06	01:29:09.290		0.93053			4
2025.05.06	01:29:09.610	0.93031	0.93050			6
2025.05.06	01:29:09.913	0.93030	0.93047			6
2025.05.06	01:29:11.112		0.93048			4
2025.05.06	01:29:15.394		0.93047			4
2025.05.06	01:29:26.372	0.93036	0.93053			6
2025.05.06	01:29:26.689	0.93037				2
2025.05.06	01:29:26.993	0.93030	0.93049			6
2025.05.06	01:29:27.335		0.93048			4
2025.05.06	01:29:30.272	0.93029				2
2025.05.06	01:29:33.419		0.93047			4
2025.05.06	01:29:38.519		0.93048			4
2025.05.06	01:29:43.756	0.93037	0.93053			6
2025.05.06	01:29:44.396	0.93031	0.93052			6
2025.05.06	01:29:44.720	0.93030	0.93048			6
2025.05.06	01:29:45.373	0.93029	0.93046			6
2025.05.06	01:29:45.713	0.93028				2
2025.05.06	01:29:46.682	0.93029	0.93048			6
2025.05.06	01:29:47.009		0.93047			4
2025.05.06	01:29:51.915	0.93030	0.93048			6
2025.05.06	01:30:00.311	0.93033				2
2025.05.06	01:30:02.192	0.93034	0.93044			6
2025.05.06	01:30:03.431	0.93039	0.93049			6
2025.05.06	01:30:03.732	0.93044	0.93054			6
2025.05.06	01:30:04.035	0.93038	0.93048			6
2025.05.06	01:30:04.338	0.93036	0.93046			6
2025.05.06	01:30:04.640	0.93033	0.93048			6
2025.05.06	01:30:07.594	0.93032				2
2025.05.06	01:30:20.602	0.93037	0.93053			6
2025.05.06	01:30:21.645	0.93035	0.93049			6
2025.05.06	01:30:27.514	0.93034				2
2025.05.06	01:30:28.584		0.93048			4
2025.05.06	01:30:29.222		0.93049			4
2025.05.06	01:30:29.603		0.93048			4
2025.05.06	01:30:30.120	0.93035	0.93050			6
2025.05.06	01:30:31.405		0.93049			4
2025.05.06	01:30:36.948	0.93040	0.93057			6
2025.05.06	01:30:37.588	0.93042	0.93056			6
2025.05.06	01:30:37.912	0.93038	0.93053			6
2025.05.06	01:30:39.761	0.93040	0.93054			6
2025.05.06	01:30:45.971	0.93046	0.93061			6
2025.05.06	01:30:46.613		0.93058			4
2025.05.06	01:30:52.019		0.93057			4
2025.05.06	01:30:56.294	0.93044	0.93056			6
2025.05.06	01:31:01.320	0.93044				2
2025.05.06	01:31:32.946	0.93045	0.93057			6
2025.05.06	01:31:40.134	0.93046	0.93059			6
2025.05.06	01:31:41.117	0.93047	0.93060			6
2025.05.06	01:31:41.440	0.93046	0.93059			6
2025.05.06	01:31:46.029	0.93045				2
2025.05.06	01:31:46.338		0.93060			4
2025.05.06	01:31:47.026	0.93047	0.93061			6
2025.05.06	01:31:47.337	0.93043	0.93058			6
2025.05.06	01:31:48.381	0.93042				2
2025.05.06	01:31:48.722		0.93057			4
2025.05.06	01:31:51.270	0.93041				2
2025.05.06	01:31:52.411		0.93056			4
2025.05.06	01:31:57.995	0.93040				2
2025.05.06	01:32:01.619	0.93040				2
2025.05.06	01:32:03.353	0.93041				2
2025.05.06	01:32:05.351	0.93039	0.93053			6
2025.05.06	01:32:13.270	0.93037	0.93051			6
2025.05.06	01:32:29.528	0.93042				2
2025.05.06	01:32:29.875		0.93053			4
2025.05.06	01:32:30.178		0.93052			4
2025.05.06	01:32:30.517	0.93038				2
2025.05.06	01:32:40.282	0.93037				2
2025.05.06	01:32:40.619	0.93038				2
2025.05.06	01:32:43.106	0.93039	0.93053			6
2025.05.06	01:32:43.489	0.93035	0.93049			6
2025.05.06	01:32:43.886	0.93037	0.93050			6
2025.05.06	01:32:44.491	0.93035	0.93049			6
2025.05.06	01:32:54.665	0.93037	0.93050			6
2025.05.06	01:33:00.118	0.93037				2
2025.05.06	01:33:03.288	0.93042	0.93055			6
2025.05.06	01:33:04.889	0.93038	0.93052			6
2025.05.06	01:33:06.481	0.93040				2
2025.05.06	01:33:06.803	0.93038				2
2025.05.06	01:33:08.419	0.93036	0.93049			6
2025.05.06	01:33:08.771	0.93037	0.93051			6
2025.05.06	01:33:09.234	0.93038	0.93052			6
2025.05.06	01:33:10.018	0.93036	0.93050			6
2025.05.06	01:33:11.180	0.93033	0.93047			6
2025.05.06	01:33:11.835		0.93048			4
2025.05.06	01:33:16.828	0.93034	0.93049			6
2025.05.06	01:33:17.195		0.93048			4
2025.05.06	01:33:18.722		0.93047			4
2025.05.06	01:33:27.471	0.93035	0.93049			6
2025.05.06	01:33:28.115	0.93034				2
2025.05.06	01:33:28.435		0.93047			4
2025.05.06	01:33:29.520		0.93048			4
2025.05.06	01:33:40.321		0.93047			4
2025.05.06	01:33:42.120		0.93048			4
2025.05.06	01:33:44.870		0.93049			4
2025.05.06	01:33:46.168		0.93048			4
2025.05.06	01:33:47.906		0.93047			4
2025.05.06	01:33:53.520		0.93048			4
2025.05.06	01:33:55.023		0.93047			4
2025.05.06	01:34:01.510	0.93034				2
2025.05.06	01:34:02.471		0.93049			4
2025.05.06	01:34:03.440		0.93047			4
2025.05.06	01:34:03.762	0.93033				2
2025.05.06	01:34:07.887		0.93048			4
2025.05.06	01:34:12.037		0.93047			4
2025.05.06	01:34:19.970	0.93036	0.93050			6
2025.05.06	01:34:20.613	0.93034				2
2025.05.06	01:34:20.930		0.93049			4
2025.05.06	01:34:22.875	0.93036	0.93050			6
2025.05.06	01:34:23.279	0.93035	0.93049			6
2025.05.06	01:34:24.271	0.93038	0.93053			6
2025.05.06	01:34:24.575		0.93052			4
2025.05.06	01:34:25.230	0.93037				2
2025.05.06	01:35:03.989	0.93036	0.93050			6
2025.05.06	01:35:07.948	0.93028	0.93046			6
2025.05.06	01:35:14.375	0.93030	0.93045			6
2025.05.06	01:35:16.616	0.93031				2
2025.05.06	01:36:00.306	0.93031				2
2025.05.06	01:36:06.567	0.93032	0.93046			6
2025.05.06	01:36:13.878	0.93033	0.93047			6
2025.05.06	01:36:29.296	0.93021	0.93035			6
2025.05.06	01:36:32.377	0.93023	0.93038			6
2025.05.06	01:36:34.393	0.93025	0.93039			6
2025.05.06	01:36:42.237	0.93026	0.93040			6
2025.05.06	01:36:55.884	0.93024	0.93039			6
2025.05.06	01:36:56.220	0.93023	0.93037			6
2025.05.06	01:36:59.400	0.93025	0.93039			6
2025.05.06	01:37:01.526	0.93025				2
2025.05.06	01:37:04.523		0.93038			4
2025.05.06	01:37:12.959		0.93039			4
2025.05.06	01:37:15.108	0.93023	0.93037			6
2025.05.06	01:37:28.713	0.93021	0.93035			6
2025.05.06	01:37:29.230	0.93023	0.93037			6
2025.05.06	01:38:00.119	0.93023				2
2025.05.06	01:38:01.254	0.93021	0.93035			6
2025.05.06	01:38:01.919	0.93022				2
2025.05.06	01:38:04.220	0.93021				2
2025.05.06	01:38:39.711		0.93034			4
2025.05.06	01:38:45.474	0.93017	0.93029			6
2025.05.06	01:38:56.705	0.93021	0.93035			6
2025.05.06	01:39:00.558	0.93021	0.93034			6
2025.05.06	01:39:03.572		0.93035			4
2025.05.06	01:39:19.168	0.93019	0.93034			6
2025.05.06	01:39:20.222		0.93033			4
2025.05.06	01:39:33.221	0.93020				2
2025.05.06	01:39:38.522	0.93019				2
2025.05.06	01:39:51.385	0.93018	0.93034			6
2025.05.06	01:40:01.619	0.93018				2
2025.05.06	01:40:02.268	0.93019	0.93035			6
2025.05.06	01:40:03.534		0.93034			4
2025.05.06	01:40:04.019	0.93021	0.93037			6
2025.05.06	01:40:23.230	0.93020	0.93036			6
2025.05.06	01:40:23.942		0.93035			4
2025.05.06	01:40:25.621	0.93017	0.93033			6
2025.05.06	01:40:38.521	0.93018				2
2025.05.06	01:40:41.819	0.93017				2
2025.05.06	01:40:45.137	0.93015	0.93029			6
2025.05.06	01:40:46.698	0.93016				2
2025.05.06	01:40:47.581	0.93015				2
2025.05.06	01:41:00.695	0.93015				2
2025.05.06	01:41:10.574		0.93030			4
2025.05.06	01:41:26.792	0.93016				2
2025.05.06	01:41:40.264	0.93017				2
2025.05.06	01:41:41.317	0.93016				2
2025.05.06	01:41:42.207	0.93017				2
2025.05.06	01:41:42.658	0.93016				2
2025.05.06	01:41:51.419	0.93015				2
2025.05.06	01:41:52.354	0.93016				2
2025.05.06	01:42:00.122	0.93015				2
2025.05.06	01:42:13.406	0.93014	0.93024			6
2025.05.06	01:42:14.352		0.93027			4
2025.05.06	01:42:14.923		0.93024			4
2025.05.06	01:42:15.241		0.93027			4
2025.05.06	01:42:15.984		0.93026			4
2025.05.06	01:42:19.537		0.93027			4
2025.05.06	01:42:23.438		0.93024			4
2025.05.06	01:42:23.739		0.93025			4
2025.05.06	01:42:26.939		0.93024			4
2025.05.06	01:42:36.703		0.93023			4
2025.05.06	01:42:43.891		0.93022			4
2025.05.06	01:42:48.722	0.93013				2
2025.05.06	01:42:53.622	0.93014				2
2025.05.06	01:42:56.351		0.93021			4
2025.05.06	01:42:58.439	0.93007				2
2025.05.06	01:42:58.778	0.93013				2
2025.05.06	01:42:59.515	0.93014				2
2025.05.06	01:42:59.818		0.93022			4
2025.05.06	01:43:00.386	0.93014				2
2025.05.06	01:43:02.020		0.93023			4
2025.05.06	01:43:11.731	0.93013				2
2025.05.06	01:43:14.863		0.93022			4
2025.05.06	01:43:15.803	0.93014				2
2025.05.06	01:43:27.706		0.93023			4
2025.05.06	01:43:28.024	0.93015	0.93022			6
2025.05.06	01:43:31.129	0.93014				2
2025.05.06	01:43:37.005	0.93015				2
2025.05.06	01:44:00.010	0.93015				2
2025.05.06	01:44:19.684	0.93013	0.93018			6
2025.05.06	01:44:47.843	0.93012				2
2025.05.06	01:44:52.976	0.93013				2
2025.05.06	01:44:56.077		0.93019			4
2025.05.06	01:44:58.023	0.93012				2
2025.05.06	01:45:01.321	0.93012				2
2025.05.06	01:45:02.868	0.93013				2
2025.05.06	01:45:08.400		0.93020			4
2025.05.06	01:45:30.323	0.93012				2
2025.05.06	01:45:33.747	0.93013				2
2025.05.06	01:45:50.682	0.93014	0.93021			6
2025.05.06	01:45:50.987		0.93020			4
2025.05.06	01:45:56.615	0.93013				2
2025.05.06	01:46:00.720	0.93013				2
2025.05.06	01:46:03.789	0.93014				2
2025.05.06	01:46:05.644	0.93015				2
2025.05.06	01:46:11.892	0.93011				2
2025.05.06	01:46:12.975	0.93012				2
2025.05.06	01:46:29.655	0.93015				2
2025.05.06	01:46:35.491		0.93022			4
2025.05.06	01:46:59.822		0.93021			4
2025.05.06	01:47:00.148	0.93015				2
2025.05.06	01:47:04.046	0.93013	0.93022			6
2025.05.06	01:47:05.126	0.93014	0.93023			6
2025.05.06	01:47:05.438	0.93018	0.93029			6
2025.05.06	01:47:05.760	0.93016				2
2025.05.06	01:47:07.977		0.93027			4
2025.05.06	01:47:09.938		0.93025			4
2025.05.06	01:47:21.307	0.93014				2
2025.05.06	01:48:00.721	0.93014				2
2025.05.06	01:48:10.112		0.93025			4
2025.05.06	01:48:21.037	0.93015	0.93028			6
2025.05.06	01:48:21.527		0.93026			4
2025.05.06	01:48:29.026	0.93016				2
2025.05.06	01:48:36.660		0.93028			4
2025.05.06	01:48:37.843		0.93026			4
2025.05.06	01:48:47.855	0.93014				2
2025.05.06	01:48:55.869	0.93016				2
2025.05.06	01:49:00.722	0.93016				2
2025.05.06	01:49:12.086		0.93025			4
2025.05.06	01:49:15.085	0.93017				2
2025.05.06	01:49:21.666	0.93016				2
2025.05.06	01:49:32.150	0.93017				2
2025.05.06	01:49:33.813	0.93016				2
2025.05.06	01:49:38.964		0.93024			4
2025.05.06	01:49:41.594	0.93017	0.93027			6
2025.05.06	01:49:42.177	0.93015	0.93023			6
2025.05.06	01:49:43.706	0.93016	0.93024			6
2025.05.06	01:49:58.939	0.93015				2
2025.05.06	01:49:59.663	0.93016				2
2025.05.06	01:50:00.297	0.93016				2
2025.05.06	01:50:02.407	0.93015				2
2025.05.06	01:50:05.517	0.93016				2
2025.05.06	01:50:07.839	0.93014				2
2025.05.06	01:50:08.869	0.93013				2
2025.05.06	01:50:09.420	0.93014	0.93025			6
2025.05.06	01:50:14.840	0.93013				2
2025.05.06	01:50:32.043	0.93014				2
2025.05.06	01:50:33.781	0.93016				2
2025.05.06	01:51:00.442	0.93016	0.93026			6
2025.05.06	01:51:07.672	0.93015				2
2025.05.06	01:51:08.712	0.93012				2
2025.05.06	01:51:12.158	0.93017				2
2025.05.06	01:51:12.481	0.93012				2
2025.05.06	01:51:29.271	0.93018				2
2025.05.06	01:51:29.592	0.93012				2
2025.05.06	01:51:30.242	0.93017				2
2025.05.06	01:51:30.571	0.93012				2
2025.05.06	01:51:39.788	0.93011	0.93023			6
2025.05.06	01:51:40.097	0.93009				2
2025.05.06	01:51:40.437	0.93011	0.93024			6
2025.05.06	01:51:41.102		0.93025			4
2025.05.06	01:51:41.751	0.93010	0.93023			6
2025.05.06	01:51:46.773	0.93015				2
2025.05.06	01:51:47.094	0.93010				2
2025.05.06	01:51:47.733	0.93013				2
2025.05.06	01:51:48.059	0.93011				2
2025.05.06	01:51:48.383	0.93010				2
2025.05.06	01:52:00.497	0.93010				2
2025.05.06	01:52:14.072	0.93013				2
2025.05.06	01:52:14.390	0.93010				2
2025.05.06	01:52:15.033	0.93011				2
2025.05.06	01:52:15.683	0.93009				2
2025.05.06	01:52:19.971	0.93008	0.93021			6
2025.05.06	01:52:21.168	0.93009				2
2025.05.06	01:52:23.147	0.93008				2
2025.05.06	01:52:26.473	0.93010	0.93024			6
2025.05.06	01:52:27.517		0.93022			4
2025.05.06	01:52:36.183	0.93013				2
2025.05.06	01:52:36.483	0.93010				2
2025.05.06	01:52:37.435	0.93013				2
2025.05.06	01:52:37.770	0.93011				2
2025.05.06	01:52:40.319	0.93010				2
2025.05.06	01:52:49.532	0.93013	0.93025			6
2025.05.06	01:52:50.774	0.93014				2
2025.05.06	01:52:51.713	0.93013				2
2025.05.06	01:52:55.672	0.93018	0.93027			6
2025.05.06	01:52:55.987	0.93014				2
2025.05.06	01:52:56.629	0.93019				2
2025.05.06	01:52:56.962	0.93016				2
2025.05.06	01:52:57.279	0.93014				2
2025.05.06	01:53:00.355	0.93014				2
2025.05.06	01:53:03.991	0.93015	0.93029			6
2025.05.06	01:53:07.331	0.93016	0.93030			6
2025.05.06	01:53:09.025		0.93029			4
2025.05.06	01:53:20.572	0.93017				2
2025.05.06	01:53:24.647	0.93015	0.93026			6
2025.05.06	01:53:26.821		0.93027			4
2025.05.06	01:53:32.073		0.93026			4
2025.05.06	01:53:33.418		0.93027			4
2025.05.06	01:53:36.153	0.93016	0.93028			6
2025.05.06	01:53:37.163		0.93027			4
2025.05.06	01:53:40.301		0.93028			4
2025.05.06	01:53:45.270	0.93018	0.93029			6
2025.05.06	01:53:45.594	0.93016	0.93028			6
2025.05.06	01:53:46.241	0.93017	0.93030			6
2025.05.06	01:53:46.566	0.93016	0.93028			6
2025.05.06	01:53:48.743		0.93027			4
2025.05.06	01:53:58.619		0.93028			4
2025.05.06	01:54:00.571	0.93016				2
2025.05.06	01:54:16.237	0.93015				2
2025.05.06	01:54:34.622		0.93029			4
2025.05.06	01:54:54.851		0.93028			4
2025.05.06	01:55:00.394	0.93015				2
2025.05.06	01:55:03.918		0.93027			4
2025.05.06	01:55:07.262	0.93019	0.93031			6
2025.05.06	01:55:07.567		0.93032			4
2025.05.06	01:55:07.888	0.93020	0.93033			6
2025.05.06	01:55:08.389		0.93032			4
2025.05.06	01:55:09.957		0.93033			4
2025.05.06	01:55:15.649		0.93034			4
2025.05.06	01:55:16.295		0.93033			4
2025.05.06	01:55:16.940		0.93034			4
2025.05.06	01:55:17.247		0.93033			4
2025.05.06	01:55:29.091		0.93034			4
2025.05.06	01:55:29.739		0.93033			4
2025.05.06	01:55:48.916	0.93024	0.93035			6
2025.05.06	01:55:52.020		0.93036			4
2025.05.06	01:55:57.776	0.93026	0.93040			6
2025.05.06	01:55:58.105	0.93025	0.93037			6
2025.05.06	01:56:00.380	0.93025				2
2025.05.06	01:56:07.287	0.93024	0.93035			6
2025.05.06	01:56:08.473		0.93034			4
2025.05.06	01:56:18.871	0.93023				2
2025.05.06	01:56:19.196	0.93021	0.93035			6
2025.05.06	01:56:26.571	0.93022	0.93036			6
2025.05.06	01:56:28.424	0.93021	0.93035			6
2025.05.06	01:56:37.634	0.93020	0.93034			6
2025.05.06	01:57:00.566	0.93020				2
2025.05.06	01:57:12.152	0.93022	0.93035			6
2025.05.06	01:57:12.494	0.93023	0.93037			6
2025.05.06	01:57:13.460	0.93026	0.93038			6
2025.05.06	01:57:13.783	0.93024				2
2025.05.06	01:57:23.088	0.93023	0.93037			6
2025.05.06	01:57:35.803		0.93035			4
2025.05.06	01:57:37.263		0.93036			4
2025.05.06	01:57:38.936		0.93035			4
2025.05.06	01:57:40.079		0.93036			4
2025.05.06	01:57:42.044		0.93035			4
2025.05.06	01:57:43.288		0.93036			4
2025.05.06	01:57:45.078	0.93024	0.93035			6
2025.05.06	01:57:47.439		0.93036			4
2025.05.06	01:57:48.332	0.93023				2
2025.05.06	01:57:49.145		0.93035			4
2025.05.06	01:57:49.681		0.93036			4
2025.05.06	01:57:53.246	0.93020	0.93034			6
2025.05.06	01:57:54.119	0.93019				2
2025.05.06	01:57:56.553	0.93020				2
2025.05.06	01:57:59.219	0.93019				2
2025.05.06	01:58:00.685	0.93018	0.93031			6
2025.05.06	01:58:01.744		0.93032			4
2025.05.06	01:58:07.555	0.93019	0.93033			6
2025.05.06	01:58:07.860	0.93018	0.93032			6
2025.05.06	01:58:14.778	0.93019				2
2025.05.06	01:58:16.040	0.93020				2
2025.05.06	01:58:16.354	0.93019				2
2025.05.06	01:58:16.689		0.93033			4
2025.05.06	01:58:23.233	0.93020	0.93034			6
2025.05.06	01:58:37.859	0.93019	0.93033			6
2025.05.06	01:59:00.574	0.93019				2
2025.05.06	01:59:23.595	0.93020	0.93035			6
2025.05.06	01:59:24.629		0.93033			4
2025.05.06	01:59:30.836	0.93019				2
2025.05.06	01:59:32.905	0.93020				2
2025.05.06	01:59:51.866		0.93034			4
2025.05.06	01:59:52.803	0.93022				2
2025.05.06	01:59:53.128	0.93019				2
2025.05.06	01:59:54.876	0.93020				2
2025.05.06	01:59:57.898		0.93033			4
2025.05.06	01:59:58.805	0.93019				2
2025.05.06	02:00:00.341	0.93021	0.93035			6
2025.05.06	02:00:01.525	0.93022	0.93036			6
2025.05.06	02:00:04.203	0.93028				2
2025.05.06	02:00:04.527	0.93022				2
2025.05.06	02:00:09.691		0.93035			4
2025.05.06	02:00:15.953		0.93036			4
2025.05.06	02:00:29.454	0.93028				2
2025.05.06	02:00:29.777	0.93022				2
2025.05.06	02:00:30.079	0.93023	0.93037			6
2025.05.06	02:00:31.212		0.93036			4
2025.05.06	02:00:31.571		0.93037			4
2025.05.06	02:00:49.857	0.93020	0.93035			6
2025.05.06	02:00:51.061	0.93019	0.93031			6
2025.05.06	02:01:00.586	0.93019				2
2025.05.06	02:01:02.523	0.93016	0.93027			6
2025.05.06	02:01:02.868	0.93022				2
2025.05.06	02:01:03.196	0.93017				2
2025.05.06	02:01:03.520	0.93015				2
2025.05.06	02:01:10.393		0.93026			4
2025.05.06	02:01:19.782		0.93028			4
2025.05.06	02:01:21.895	0.93016				2
2025.05.06	02:01:22.522		0.93027			4
2025.05.06	02:01:22.847	0.93020	0.93028			6
2025.05.06	02:01:23.169	0.93017				2
2025.05.06	02:01:26.072		0.93029			4
2025.05.06	02:01:26.631	0.93016	0.93027			6
2025.05.06	02:01:28.464	0.93017	0.93028			6
2025.05.06	02:01:30.373	0.93018				2
2025.05.06	02:01:45.408	0.93017				2
2025.05.06	02:01:46.416	0.93018				2
2025.05.06	02:01:46.937	0.93017				2
2025.05.06	02:01:47.512	0.93018				2
2025.05.06	02:01:54.764	0.93017	0.93027			6
2025.05.06	02:01:58.279	0.93016				2
2025.05.06	02:01:59.538	0.93017				2
2025.05.06	02:02:00.553	0.93017				2
2025.05.06	02:02:01.189	0.93016				2
2025.05.06	02:02:03.659		0.93028			4
2025.05.06	02:02:06.125	0.93023				2
2025.05.06	02:02:06.437	0.93016				2
2025.05.06	02:02:07.276	0.93017				2
2025.05.06	02:02:07.985	0.93016				2
2025.05.06	02:02:08.307	0.93022				2
2025.05.06	02:02:08.626	0.93017				2
2025.05.06	02:02:15.572	0.93016	0.93027			6
2025.05.06	02:02:20.544	0.93015				2
2025.05.06	02:02:21.678	0.93017	0.93028			6
2025.05.06	02:02:25.107	0.93016	0.93027			6
2025.05.06	02:02:28.857	0.93021	0.93033			6
2025.05.06	02:02:31.135	0.93016	0.93027			6
2025.05.06	02:02:34.382		0.93028			4
2025.05.06	02:02:44.655		0.93029			4
2025.05.06	02:02:55.132		0.93028			4
2025.05.06	02:02:58.259	0.93020	0.93033			6
2025.05.06	02:02:59.551	0.93024				2
2025.05.06	02:02:59.892	0.93020				2
2025.05.06	02:03:00.214	0.93020				2
2025.05.06	02:03:08.505	0.93021				2
2025.05.06	02:03:09.255	0.93022				2
2025.05.06	02:03:10.447	0.93021				2
2025.05.06	02:03:20.904		0.93032			4
2025.05.06	02:03:21.597	0.93022	0.93034			6
2025.05.06	02:03:21.920	0.93021				2
2025.05.06	02:03:27.422		0.93033			4
2025.05.06	02:03:54.581		0.93032			4
2025.05.06	02:04:00.303	0.93021				2
2025.05.06	02:04:00.841	0.93022	0.93034			6
2025.05.06	02:04:02.371	0.93015	0.93028			6
2025.05.06	02:04:05.611	0.93017	0.93029			6
2025.05.06	02:04:05.917		0.93030			4
2025.05.06	02:04:06.550		0.93029			4
2025.05.06	02:04:08.416	0.93013	0.93027			6
2025.05.06	02:04:08.887		0.93026			4
2025.05.06	02:04:12.594		0.93027			4
2025.05.06	02:04:19.884	0.93014				2
2025.05.06	02:04:20.207	0.93013				2
2025.05.06	02:04:21.804	0.93015				2
2025.05.06	02:04:28.041	0.93021	0.93033			6
2025.05.06	02:04:30.491	0.93015	0.93027			6
2025.05.06	02:04:33.768		0.93028			4
2025.05.06	02:04:34.070		0.93027			4
2025.05.06	02:04:37.143	0.93017	0.93029			6
2025.05.06	02:04:40.404		0.93030			4
2025.05.06	02:04:48.038	0.93020	0.93032			6
2025.05.06	02:04:48.356	0.93022	0.93033			6
2025.05.06	02:04:48.682	0.93019				2
2025.05.06	02:04:55.358	0.93020				2
2025.05.06	02:04:59.442	0.93022	0.93034			6
2025.05.06	02:04:59.766	0.93020	0.93033			6
2025.05.06	02:05:00.088	0.93020				2
2025.05.06	02:05:01.557		0.93032			4
2025.05.06	02:05:06.700		0.93034			4
2025.05.06	02:05:07.004		0.93033			4
2025.05.06	02:05:08.802	0.93021	0.93032			6
2025.05.06	02:05:12.176	0.93020				2
2025.05.06	02:05:17.520		0.93033			4
2025.05.06	02:05:19.700	0.93021	0.93032			6
2025.05.06	02:05:20.019	0.93020	0.93033			6
2025.05.06	02:05:21.411		0.93032			4
2025.05.06	02:05:22.866		0.93033			4
2025.05.06	02:05:30.148		0.93032			4
2025.05.06	02:05:30.452		0.93033			4
2025.05.06	02:05:52.111		0.93032			4
2025.05.06	02:05:55.411		0.93033			4
2025.05.06	02:06:00.438	0.93020				2
2025.05.06	02:06:01.481	0.93019				2
2025.05.06	02:06:03.335	0.93018	0.93031			6
2025.05.06	02:06:07.691	0.93010	0.93023			6
2025.05.06	02:06:08.006		0.93022			4
2025.05.06	02:06:08.765	0.93006	0.93019			6
2025.05.06	02:06:13.180	0.93009				2
2025.05.06	02:06:14.370	0.93006				2
2025.05.06	02:06:15.121	0.93008				2
2025.05.06	02:06:15.499	0.93010				2
2025.05.06	02:06:16.342	0.93009				2
2025.05.06	02:06:16.860	0.93006				2
2025.05.06	02:06:17.372	0.93011	0.93020			6
2025.05.06	02:06:17.685	0.93012	0.93022			6
2025.05.06	02:06:18.014	0.93009				2
2025.05.06	02:06:18.338	0.93008				2
2025.05.06	02:06:23.020	0.93007	0.93021			6
2025.05.06	02:06:23.370		0.93019			4
2025.05.06	02:06:25.187		0.93021			4
2025.05.06	02:06:26.148	0.93010	0.93023			6
2025.05.06	02:06:32.375	0.93013				2
2025.05.06	02:06:32.742	0.93010				2
2025.05.06	02:06:33.373	0.93013				2
2025.05.06	02:06:33.681	0.93010				2
2025.05.06	02:06:34.710	0.93008	0.93021			6
2025.05.06	02:06:47.579	0.93009	0.93022			6
2025.05.06	02:07:00.356	0.93009				2
2025.05.06	02:07:08.843	0.93012	0.93025			6
2025.05.06	02:07:09.158		0.93026			4
2025.05.06	02:07:26.449	0.93008	0.93022			6
2025.05.06	02:07:26.936	0.93007	0.93021			6
2025.05.06	02:07:28.346	0.93008				2
2025.05.06	02:07:31.054	0.93009	0.93022			6
2025.05.06	02:07:34.706	0.93010	0.93023			6
2025.05.06	02:07:35.904	0.93008	0.93021			6
2025.05.06	02:07:39.400	0.93012	0.93024			6
2025.05.06	02:07:40.134	0.93014	0.93026			6
2025.05.06	02:07:40.461	0.93012	0.93025			6
2025.05.06	02:07:40.780		0.93023			4
2025.05.06	02:07:41.514		0.93024			4
2025.05.06	02:07:42.888	0.93013				2
2025.05.06	02:07:43.565	0.93012	0.93025			6
2025.05.06	02:07:43.881	0.93014	0.93026			6
2025.05.06	02:07:44.939	0.93011	0.93025			6
2025.05.06	02:07:45.275		0.93023			4
2025.05.06	02:07:46.567		0.93025			4
2025.05.06	02:07:47.186		0.93024			4
2025.05.06	02:07:49.655	0.93010	0.93022			6
2025.05.06	02:07:58.277		0.93024			4
2025.05.06	02:08:00.222	0.93010				2
2025.05.06	02:08:00.543	0.93009	0.93022			6
2025.05.06	02:08:02.132	0.93013				2
2025.05.06	02:08:02.454	0.93009				2
2025.05.06	02:08:05.548	0.93006	0.93020			6
2025.05.06	02:08:09.259	0.93005	0.93019			6
2025.05.06	02:08:09.563	0.93004	0.93017			6
2025.05.06	02:08:15.600	0.93006	0.93018			6
2025.05.06	02:08:26.855	0.93012				2
2025.05.06	02:08:27.518	0.93010	0.93021			6
2025.05.06	02:08:27.821	0.93008				2
2025.05.06	02:08:40.567	0.93009				2
2025.05.06	02:08:41.879		0.93022			4
2025.05.06	02:08:47.329		0.93021			4
2025.05.06	02:08:48.137	0.93007				2
2025.05.06	02:09:00.193	0.93007				2
2025.05.06	02:09:00.506	0.93012	0.93024			6
2025.05.06	02:09:00.815		0.93025			4
2025.05.06	02:09:02.128	0.93016				2
2025.05.06	02:09:02.457	0.93013				2
2025.05.06	02:09:02.769	0.93012				2
2025.05.06	02:09:40.916	0.93011	0.93024			6
2025.05.06	02:09:41.648	0.93013	0.93025			6
2025.05.06	02:09:55.181		0.93026			4
2025.05.06	02:09:56.908		0.93025			4
2025.05.06	02:10:00.567	0.93013				2
2025.05.06	02:10:08.760	0.93011	0.93024			6
2025.05.06	02:10:10.362	0.93012	0.93025			6
2025.05.06	02:10:12.363	0.93011	0.93024			6
2025.05.06	02:10:14.345	0.93013	0.93025			6
2025.05.06	02:10:14.770	0.93011	0.93024			6
2025.05.06	02:10:27.514	0.93012	0.93025			6
2025.05.06	02:10:58.684	0.93013	0.93026			6
2025.05.06	02:10:59.855		0.93025			4
2025.05.06	02:11:01.743	0.93012				2
2025.05.06	02:11:07.408		0.93024			4
2025.05.06	02:11:36.760	0.93008	0.93020			6
2025.05.06	02:11:38.659		0.93021			4
2025.05.06	02:11:39.764		0.93022			4
2025.05.06	02:11:48.703	0.93009	0.93023			6
2025.05.06	02:11:49.842		0.93022			4
2025.05.06	02:11:55.044		0.93023			4
2025.05.06	02:12:00.350	0.93009	0.93022			6
2025.05.06	02:12:00.897	0.93007	0.93020			6
2025.05.06	02:12:07.918	0.93008	0.93021			6
2025.05.06	02:12:11.306	0.93006	0.93020			6
2025.05.06	02:12:16.355	0.93008	0.93021			6
2025.05.06	02:12:18.892	0.93006	0.93020			6
2025.05.06	02:12:31.142	0.93009	0.93022			6
2025.05.06	02:12:31.619		0.93021			4
2025.05.06	02:12:32.048	0.93010	0.93023			6
2025.05.06	02:12:43.855	0.93008	0.93022			6
2025.05.06	02:12:49.893		0.93021			4
2025.05.06	02:13:01.109	0.93008				2
2025.05.06	02:13:01.473	0.93010	0.93023			6
2025.05.06	02:13:01.976	0.93009	0.93022			6
2025.05.06	02:13:03.002	0.93008				2
2025.05.06	02:13:12.621	0.93007	0.93020			6
2025.05.06	02:13:17.719	0.93005	0.93018			6
2025.05.06	02:13:50.734	0.93006	0.93019			6
2025.05.06	02:13:54.300	0.93002	0.93015			6
2025.05.06	02:13:56.975	0.93008				2
2025.05.06	02:13:57.285	0.93002				2
2025.05.06	02:13:57.611	0.93008				2
2025.05.06	02:13:57.935	0.93002				2
2025.05.06	02:14:00.091	0.93002				2
2025.05.06	02:14:00.449	0.93003	0.93014			6
2025.05.06	02:14:00.774		0.93015			4
2025.05.06	02:14:09.951	0.93002				2
2025.05.06	02:14:16.747		0.93012			4
2025.05.06	02:14:26.944		0.93013			4
2025.05.06	02:14:31.460		0.93012			4
2025.05.06	02:14:32.494		0.93015			4
2025.05.06	02:14:33.244		0.93013			4
2025.05.06	02:14:37.153	0.93003	0.93015			6
2025.05.06	02:14:40.684		0.93014			4
2025.05.06	02:14:46.362		0.93013			4
2025.05.06	02:14:57.563	0.93002				2
2025.05.06	02:15:00.870	0.93002	0.93014			6
2025.05.06	02:15:01.179		0.93015			4
2025.05.06	02:15:01.955		0.93014			4
2025.05.06	02:15:02.331		0.93015			4
2025.05.06	02:15:02.653		0.93014			4
2025.05.06	02:15:03.340		0.93015			4
2025.05.06	02:15:11.829		0.93013			4
2025.05.06	02:15:27.277	0.93003	0.93015			6
2025.05.06	02:15:39.848		0.93014			4
2025.05.06	02:15:40.660	0.93002	0.93013			6
2025.05.06	02:15:41.822		0.93011			4
2025.05.06	02:15:43.426		0.93012			4
2025.05.06	02:15:49.308	0.93001	0.93011			6
2025.05.06	02:15:50.404		0.93012			4
2025.05.06	02:15:52.501		0.93011			4
2025.05.06	02:16:00.326	0.93001				2
2025.05.06	02:16:06.988		0.93012			4
2025.05.06	02:16:19.306		0.93011			4
2025.05.06	02:16:26.693		0.93010			4
2025.05.06	02:16:28.671		0.93011			4
2025.05.06	02:16:31.577	0.92999	0.93009			6
2025.05.06	02:16:32.348	0.93000				2
2025.05.06	02:16:41.728		0.93008			4
2025.05.06	02:16:42.404		0.93009			4
2025.05.06	02:16:43.168		0.93008			4
2025.05.06	02:16:43.545		0.93007			4
2025.05.06	02:16:44.801		0.93008			4
2025.05.06	02:16:48.976		0.93007			4
2025.05.06	02:17:00.247	0.93000				2
2025.05.06	02:17:09.630		0.93011			4
2025.05.06	02:17:10.463		0.93007			4
2025.05.06	02:17:10.992		0.93008			4
2025.05.06	02:17:14.443		0.93009			4
2025.05.06	02:17:15.534		0.93008			4
2025.05.06	02:17:20.082	0.92999				2
2025.05.06	02:17:25.630	0.93001				2
2025.05.06	02:17:26.348		0.93007			4
2025.05.06	02:17:26.658	0.92999	0.93006			6
2025.05.06	02:17:28.082		0.93009			4
2025.05.06	02:17:32.277	0.93000				2
2025.05.06	02:17:33.444	0.92998				2
2025.05.06	02:17:40.128	0.92999	0.93007			6
2025.05.06	02:17:42.537		0.93006			4
2025.05.06	02:17:43.054	0.93000	0.93008			6
2025.05.06	02:17:44.559		0.93007			4
2025.05.06	02:17:44.962	0.93001	0.93008			6
2025.05.06	02:17:53.055	0.93000	0.93007			6
2025.05.06	02:17:53.712	0.93002	0.93010			6
2025.05.06	02:17:56.297	0.93000	0.93007			6
2025.05.06	02:18:00.421	0.93000				2
2025.05.06	02:18:07.427	0.93002	0.93009			6
2025.05.06	02:18:08.345		0.93007			4
2025.05.06	02:18:08.658	0.93001	0.93010			6
2025.05.06	02:18:13.276	0.93000	0.93009			6
2025.05.06	02:18:18.241		0.93008			4
2025.05.06	02:18:21.278		0.93009			4
2025.05.06	02:18:31.809	0.93001	0.93011			6
2025.05.06	02:18:34.359	0.93000				2
2025.05.06	02:18:45.772		0.93010			4
2025.05.06	02:18:47.375		0.93009			4
2025.05.06	02:18:47.679		0.93011			4
2025.05.06	02:18:53.878	0.93001				2
2025.05.06	02:18:57.944		0.93010			4
2025.05.06	02:19:00.498	0.93001				2
2025.05.06	02:19:13.807		0.93008			4
2025.05.06	02:19:24.203	0.93002				2
2025.05.06	02:19:24.517	0.93005				2
2025.05.06	02:19:24.837	0.93000				2
2025.05.06	02:19:30.912	0.92998				2
2025.05.06	02:19:34.355	0.92999				2
2025.05.06	02:19:38.573	0.93000				2
2025.05.06	02:19:43.386	0.93001				2
2025.05.06	02:19:44.681	0.93002				2
2025.05.06	02:19:52.696		0.93009			4
2025.05.06	02:19:54.209		0.93008			4
2025.05.06	02:19:57.306		0.93009			4
2025.05.06	02:20:00.463	0.93002				2
2025.05.06	02:20:00.806		0.93010			4
2025.05.06	02:20:08.715	0.93001	0.93009			6
2025.05.06	02:20:19.924	0.93002				2
2025.05.06	02:20:21.737		0.93010			4
2025.05.06	02:20:27.988	0.93001				2
2025.05.06	02:20:31.798	0.93002				2
2025.05.06	02:20:37.621	0.93001	0.93011			6
2025.05.06	02:20:37.923	0.93002				2
2025.05.06	02:20:50.371		0.93009			4
2025.05.06	02:20:51.330		0.93010			4
2025.05.06	02:20:57.110		0.93015			4
2025.05.06	02:21:02.374	0.93002				2
2025.05.06	02:21:09.560		0.93016			4
2025.05.06	02:21:12.805	0.93001	0.93013			6
2025.05.06	02:21:13.253		0.93014			4
2025.05.06	02:21:13.864		0.93013			4
2025.05.06	02:21:15.522	0.93000				2
2025.05.06	02:21:17.194	0.92998	0.93010			6
2025.05.06	02:21:23.791		0.93011			4
2025.05.06	02:21:28.474	0.92999	0.93013			6
2025.05.06	02:21:29.177		0.93011			4
2025.05.06	02:21:29.487	0.93005				2
2025.05.06	02:21:29.805	0.93002				2
2025.05.06	02:21:30.132	0.92999				2
2025.05.06	02:21:31.471		0.93008			4
2025.05.06	02:21:34.672	0.92998	0.93007			6
2025.05.06	02:21:35.312		0.93008			4
2025.05.06	02:21:38.700		0.93007			4
2025.05.06	02:21:40.059	0.93002	0.93008			6
2025.05.06	02:21:41.741	0.92998				2
2025.05.06	02:21:45.379		0.93006			4
2025.05.06	02:21:46.760		0.93005			4
2025.05.06	02:21:47.089	0.92997				2
2025.05.06	02:21:56.986		0.93007			4
2025.05.06	02:21:57.304		0.93005			4
2025.05.06	02:22:00.361	0.92997				2
2025.05.06	02:22:06.140		0.93007			4
2025.05.06	02:22:06.468		0.93003			4
2025.05.06	02:22:06.777	0.92998	0.93004			6
2025.05.06	02:22:09.101		0.93000			4
2025.05.06	02:22:10.291	0.92996	0.93001			6
2025.05.06	02:22:15.552	0.92995	0.93003			6
2025.05.06	02:22:17.407	0.92998				2
2025.05.06	02:22:21.703	0.92996				2
2025.05.06	02:22:27.420	0.92999	0.93006			6
2025.05.06	02:22:27.769	0.93003				2
2025.05.06	02:22:28.451	0.92998				2
2025.05.06	02:22:32.966	0.92999				2
2025.05.06	02:22:37.860	0.92997	0.93004			6
2025.05.06	02:22:39.161	0.92981	0.92991			6
2025.05.06	02:22:39.508		0.92992			4
2025.05.06	02:22:40.027	0.92986	0.92995			6
2025.05.06	02:22:40.352		0.92996			4
2025.05.06	02:22:41.475	0.92987				2
2025.05.06	02:22:42.608		0.92995			4
2025.05.06	02:22:43.182	0.92986				2
2025.05.06	02:22:44.229		0.92997			4
2025.05.06	02:22:45.332	0.92991	0.93002			6
2025.05.06	02:22:46.350	0.92996	0.93005			6
2025.05.06	02:22:46.660	0.92992	0.93002			6
2025.05.06	02:22:50.754		0.93001			4
2025.05.06	02:22:51.319	0.92991				2
2025.05.06	02:23:00.154	0.92991				2
2025.05.06	02:23:00.502		0.93002			4
2025.05.06	02:23:04.129		0.93001			4
2025.05.06	02:23:10.241	0.92993				2
2025.05.06	02:23:11.643		0.93002			4
2025.05.06	02:23:43.272	0.92992				2
2025.05.06	02:23:44.798	0.92994	0.93005			6
2025.05.06	02:23:45.113	0.92992	0.93002			6
2025.05.06	02:23:49.974		0.93003			4
2025.05.06	02:24:00.657	0.92992				2
2025.05.06	02:24:02.357	0.92989				2
2025.05.06	02:24:02.823		0.92999			4
2025.05.06	02:24:04.728	0.92991	0.93001			6
2025.05.06	02:24:09.079		0.93002			4
2025.05.06	02:24:10.090		0.93003			4
2025.05.06	02:24:13.346		0.93001			4
2025.05.06	02:24:34.437	0.92990	0.93003			6
2025.05.06	02:24:34.739		0.93002			4
2025.05.06	02:24:35.109	0.92995	0.93006			6
2025.05.06	02:24:35.431	0.92993	0.93003			6
2025.05.06	02:24:40.884		0.93002			4
2025.05.06	02:25:00.568	0.92993				2
2025.05.06	02:25:01.590		0.93003			4
2025.05.06	02:25:05.796	0.92992				2
2025.05.06	02:25:07.036	0.92991	0.93002			6
2025.05.06	02:25:07.339	0.92992				2
2025.05.06	02:25:20.508		0.93003			4
2025.05.06	02:25:35.267		0.93004			4
2025.05.06	02:25:35.955	0.92998	0.93009			6
2025.05.06	02:25:36.311	0.92995	0.93007			6
2025.05.06	02:25:40.320		0.93006			4
2025.05.06	02:25:41.684	0.92994	0.93004			6
2025.05.06	02:25:43.293	0.92995	0.93006			6
2025.05.06	02:25:48.288		0.93005			4
2025.05.06	02:25:49.479		0.93006			4
2025.05.06	02:25:49.838	0.92994				2
2025.05.06	02:25:51.078	0.92993				2
2025.05.06	02:25:51.382	0.92994				2
2025.05.06	02:25:53.757	0.92997	0.93009			6
2025.05.06	02:25:54.061	0.92998	0.93010			6
2025.05.06	02:25:54.370	0.93002	0.93013			6
2025.05.06	02:25:54.685	0.92997	0.93010			6
2025.05.06	02:25:55.884		0.93009			4
2025.05.06	02:25:56.741	0.92996				2
2025.05.06	02:25:57.122		0.93008			4
2025.05.06	02:25:58.217	0.92997				2
2025.05.06	02:26:00.297	0.92997				2
2025.05.06	02:26:02.742		0.93007			4
2025.05.06	02:26:05.327	0.92996				2
2025.05.06	02:26:06.634	0.92995				2
2025.05.06	02:26:07.218		0.93006			4
2025.05.06	02:26:13.800	0.92996				2
2025.05.06	02:26:16.142		0.93007			4
2025.05.06	02:26:19.846	0.92999	0.93011			6
2025.05.06	02:26:20.173	0.92996	0.93007			6
2025.05.06	02:26:21.671		0.93006			4
2025.05.06	02:26:25.325	0.92994				2
2025.05.06	02:26:26.410	0.92996				2
2025.05.06	02:26:28.492	0.92994				2
2025.05.06	02:26:34.414	0.92996				2
2025.05.06	02:26:35.453		0.93007			4
2025.05.06	02:26:37.326	0.92997				2
2025.05.06	02:26:41.718	0.92999	0.93013			6
2025.05.06	02:26:42.053	0.93001				2
2025.05.06	02:26:42.692	0.92999	0.93011			6
2025.05.06	02:26:49.923		0.93010			4
2025.05.06	02:26:53.128		0.93011			4
2025.05.06	02:26:53.780	0.93000	0.93012			6
2025.05.06	02:26:54.103	0.92999	0.93011			6
2025.05.06	02:27:02.625	0.92999				2
2025.05.06	02:27:12.380	0.93000				2
2025.05.06	02:27:25.020		0.93012			4
2025.05.06	02:27:26.520	0.93001				2
2025.05.06	02:27:26.835	0.93004	0.93014			6
2025.05.06	02:27:27.538	0.92999	0.93011			6
2025.05.06	02:27:28.739		0.93010			4
2025.05.06	02:27:32.652	0.93000	0.93012			6
2025.05.06	02:27:32.985		0.93011			4
2025.05.06	02:27:45.382		0.93012			4
2025.05.06	02:27:46.437		0.93011			4
2025.05.06	02:27:47.967	0.92998	0.93012			6
2025.05.06	02:27:48.421	0.92997	0.93011			6
2025.05.06	02:27:55.436		0.93012			4
2025.05.06	02:27:57.266	0.93001				2
2025.05.06	02:28:01.057	0.93001				2
2025.05.06	02:28:31.658	0.92997	0.93009			6
2025.05.06	02:28:32.463		0.93008			4
2025.05.06	02:28:47.444	0.92999	0.93010			6
2025.05.06	02:29:00.125	0.92999				2
2025.05.06	02:29:08.109	0.92997	0.93008			6
2025.05.06	02:29:13.595		0.93009			4
2025.05.06	02:29:27.148		0.93008			4
2025.05.06	02:29:34.654		0.93009			4
2025.05.06	02:29:43.149	0.92996				2
2025.05.06	02:29:54.422	0.92997				2
2025.05.06	02:29:54.739		0.93011			4
2025.05.06	02:29:58.245		0.93010			4
2025.05.06	02:30:00.388	0.92997				2
2025.05.06	02:30:01.622		0.93009			4
2025.05.06	02:30:07.648	0.92995	0.93006			6
2025.05.06	02:30:11.084		0.93007			4
2025.05.06	02:30:11.710		0.93006			4
2025.05.06	02:30:13.987		0.93007			4
2025.05.06	02:30:17.351	0.92997	0.93008			6
2025.05.06	02:30:19.380	0.92998	0.93009			6
2025.05.06	02:30:21.077	0.92996				2
2025.05.06	02:30:21.385		0.93007			4
2025.05.06	02:30:22.571		0.93008			4
2025.05.06	02:30:23.969	0.92997	0.93009			6
2025.05.06	02:30:24.292	0.92996				2
2025.05.06	02:30:24.599	0.92999	0.93010			6
2025.05.06	02:30:24.937	0.92996	0.93008			6
2025.05.06	02:30:25.260		0.93007			4
2025.05.06	02:30:26.226	0.92995	0.93006			6
2025.05.06	02:30:27.501		0.93008			4
2025.05.06	02:30:33.898		0.93007			4
2025.05.06	02:30:37.500	0.92996				2
2025.05.06	02:30:42.374	0.92999	0.93009			6
2025.05.06	02:30:42.999	0.92996				2
2025.05.06	02:30:43.323		0.93007			4
2025.05.06	02:30:43.648		0.93006			4
2025.05.06	02:30:46.817		0.93007			4
2025.05.06	02:30:58.004		0.93008			4
2025.05.06	02:31:00.217	0.92999	0.93009			6
2025.05.06	02:31:00.859	0.92997				2
2025.05.06	02:31:01.181	0.92996	0.93007			6
2025.05.06	02:31:01.507		0.93005			4
2025.05.06	02:31:02.678		0.93006			4
2025.05.06	02:31:03.457		0.93007			4
2025.05.06	02:31:04.079		0.93006			4
2025.05.06	02:31:09.228		0.93007			4
2025.05.06	02:31:22.466		0.93008			4
2025.05.06	02:31:27.421		0.93007			4
2025.05.06	02:31:30.722		0.93008			4
2025.05.06	02:31:41.698		0.93007			4
2025.05.06	02:31:54.132	0.92997	0.93008			6
2025.05.06	02:31:54.508		0.93007			4
2025.05.06	02:31:55.474	0.93000	0.93012			6
2025.05.06	02:31:55.779	0.92999	0.93011			6
2025.05.06	02:31:58.115		0.93010			4
2025.05.06	02:31:58.497	0.93001	0.93014			6
2025.05.06	02:31:59.730	0.92999	0.93010			6
2025.05.06	02:32:00.059	0.92999				2
2025.05.06	02:32:05.481	0.92996	0.93009			6
2025.05.06	02:32:12.486	0.92999	0.93011			6
2025.05.06	02:32:16.008	0.93000	0.93013			6
2025.05.06	02:32:16.317		0.93014			4
2025.05.06	02:32:16.948	0.93005				2
2025.05.06	02:32:17.277	0.93000				2
2025.05.06	02:32:18.361	0.93001				2
2025.05.06	02:32:35.684	0.93002				2
2025.05.06	02:32:37.492		0.93015			4
2025.05.06	02:32:49.936	0.93001	0.93014			6
2025.05.06	02:33:01.733	0.93002				2
2025.05.06	02:33:03.574		0.93013			4
2025.05.06	02:33:07.284		0.93014			4
2025.05.06	02:33:10.803		0.93013			4
2025.05.06	02:33:11.327		0.93015			4
2025.05.06	02:33:12.034	0.93005	0.93016			6
2025.05.06	02:33:12.361	0.93002	0.93015			6
2025.05.06	02:33:13.098		0.93014			4
2025.05.06	02:33:13.405	0.93001	0.93013			6
2025.05.06	02:33:20.364		0.93014			4
2025.05.06	02:33:25.939	0.93006	0.93017			6
2025.05.06	02:33:26.261	0.93003	0.93015			6
2025.05.06	02:33:29.676	0.93002	0.93013			6
2025.05.06	02:33:31.885		0.93014			4
2025.05.06	02:33:36.420		0.93013			4
2025.05.06	02:33:38.628	0.93001				2
2025.05.06	02:33:49.698		0.93014			4
2025.05.06	02:33:51.387		0.93013			4
2025.05.06	02:33:52.991		0.93012			4
2025.05.06	02:33:55.619		0.93013			4
2025.05.06	02:33:58.986	0.93006	0.93017			6
2025.05.06	02:33:59.336		0.93018			4
2025.05.06	02:34:00.355	0.93006				2
2025.05.06	02:34:11.940	0.93008				2
2025.05.06	02:34:12.263	0.93006	0.93019			6
2025.05.06	02:34:13.454	0.93007	0.93018			6
2025.05.06	02:34:14.741	0.93004	0.93019			6
2025.05.06	02:34:20.813	0.93005	0.93018			6
2025.05.06	02:34:23.819		0.93017			4
2025.05.06	02:34:28.739		0.93018			4
2025.05.06	02:34:30.257	0.93006	0.93017			6
2025.05.06	02:34:30.871		0.93018			4
2025.05.06	02:34:33.602	0.93005	0.93016			6
2025.05.06	02:34:40.779		0.93017			4
2025.05.06	02:34:43.217	0.93002	0.93014			6
2025.05.06	02:34:43.550	0.93001	0.93013			6
2025.05.06	02:34:46.225		0.93014			4
2025.05.06	02:34:48.426		0.93013			4
2025.05.06	02:34:57.266	0.93004	0.93014			6
2025.05.06	02:34:57.585	0.93001				2
2025.05.06	02:34:58.559		0.93013			4
2025.05.06	02:35:00.740	0.93001				2
2025.05.06	02:35:01.304	0.93002				2
2025.05.06	02:35:13.341	0.93000	0.93012			6
2025.05.06	02:35:15.846	0.93001	0.93013			6
2025.05.06	02:35:17.871	0.93002				2
2025.05.06	02:35:18.954		0.93015			4
2025.05.06	02:35:20.307		0.93014			4
2025.05.06	02:35:38.960	0.93003				2
2025.05.06	02:35:40.678	0.93001	0.93013			6
2025.05.06	02:35:42.922	0.93002	0.93014			6
2025.05.06	02:35:51.169	0.92998	0.93011			6
2025.05.06	02:35:54.646	0.93000	0.93012			6
2025.05.06	02:35:56.068	0.92999	0.93011			6
2025.05.06	02:35:56.387	0.93000				2
2025.05.06	02:35:57.125		0.93012			4
2025.05.06	02:36:00.538	0.92999	0.93011			6
2025.05.06	02:36:04.652	0.93001	0.93014			6
2025.05.06	02:36:30.571		0.93013			4
2025.05.06	02:36:42.286		0.93012			4
2025.05.06	02:37:00.422	0.93001				2
2025.05.06	02:37:15.567	0.93000	0.93011			6
2025.05.06	02:37:25.764	0.93001				2
2025.05.06	02:37:30.254	0.93000	0.93012			6
2025.05.06	02:37:32.157		0.93011			4
2025.05.06	02:37:44.702	0.92999				2
2025.05.06	02:37:50.791	0.93000				2
2025.05.06	02:37:58.364	0.93001				2
2025.05.06	02:38:00.284	0.93001				2
2025.05.06	02:38:15.424		0.93013			4
2025.05.06	02:38:33.923	0.93000				2
2025.05.06	02:38:35.419	0.93001				2
2025.05.06	02:39:00.448	0.93001				2
2025.05.06	02:39:04.687	0.93003	0.93015			6
2025.05.06	02:39:06.244	0.93002	0.93014			6
2025.05.06	02:39:06.754	0.93003	0.93015			6
2025.05.06	02:39:22.685	0.93004				2
2025.05.06	02:40:00.449	0.93004				2
2025.05.06	02:40:06.802		0.93015			4
2025.05.06	02:40:15.420		0.93016			4
2025.05.06	02:40:21.360	0.93003	0.93015			6
2025.05.06	02:40:31.215	0.93002				2
2025.05.06	02:40:35.384	0.93003	0.93014			6
2025.05.06	02:40:35.699		0.93015			4
2025.05.06	02:40:38.785	0.93004	0.93016			6
2025.05.06	02:40:39.126		0.93015			4
2025.05.06	02:40:42.116	0.93002				2
2025.05.06	02:40:45.418		0.93014			4
2025.05.06	02:40:47.799	0.93001	0.93010			6
2025.05.06	02:40:48.978	0.93000				2
2025.05.06	02:40:51.037	0.93001	0.93011			6
2025.05.06	02:41:00.596	0.93001				2
2025.05.06	02:41:03.155	0.93002				2
2025.05.06	02:41:05.458	0.92998	0.93006			6
2025.05.06	02:41:05.783	0.92993				2
2025.05.06	02:41:10.725	0.92994	0.93005			6
2025.05.06	02:41:26.303	0.92992				2
2025.05.06	02:41:26.649	0.92993				2
2025.05.06	02:41:30.728	0.92995	0.93006			6
2025.05.06	02:41:38.221	0.92996				2
2025.05.06	02:41:45.338	0.92995				2
2025.05.06	02:41:47.158	0.92996				2
2025.05.06	02:41:49.937	0.92997	0.93009			6
2025.05.06	02:41:57.378	0.92999				2
2025.05.06	02:41:59.501	0.93000				2
2025.05.06	02:42:00.112	0.93000				2
2025.05.06	02:42:16.836	0.92999				2
2025.05.06	02:42:17.138	0.93000				2
2025.05.06	02:42:27.687		0.93008			4
2025.05.06	02:42:33.419	0.92999				2
2025.05.06	02:42:48.764	0.93000	0.93011			6
2025.05.06	02:43:00.349	0.93000				2
2025.05.06	02:43:11.026	0.93002	0.93012			6
2025.05.06	02:43:15.748	0.92994	0.93005			6
2025.05.06	02:43:16.796		0.93006			4
2025.05.06	02:43:18.248	0.92993				2
2025.05.06	02:43:18.596	0.92996				2
2025.05.06	02:43:25.952	0.92995	0.93003			6
2025.05.06	02:43:26.264	0.92994				2
2025.05.06	02:43:31.071	0.92996	0.93006			6
2025.05.06	02:43:54.885	0.92997				2
2025.05.06	02:44:00.306	0.92997				2
2025.05.06	02:44:03.920	0.92996				2
2025.05.06	02:44:04.995	0.92994				2
2025.05.06	02:44:13.642	0.92997				2
2025.05.06	02:44:14.136		0.93008			4
2025.05.06	02:44:14.660		0.93006			4
2025.05.06	02:44:20.602	0.92992	0.93002			6
2025.05.06	02:44:27.421	0.92993				2
2025.05.06	02:44:31.732		0.93003			4
2025.05.06	02:44:34.109	0.92991				2
2025.05.06	02:44:36.160		0.93004			4
2025.05.06	02:44:37.139	0.92992				2
2025.05.06	02:44:39.752		0.93002			4
2025.05.06	02:44:41.142	0.92993				2
2025.05.06	02:44:54.819		0.93004			4
2025.05.06	02:44:55.121	0.92994	0.93006			6
2025.05.06	02:45:00.346	0.92994				2
2025.05.06	02:45:01.386		0.93003			4
2025.05.06	02:45:06.345	0.92993				2
2025.05.06	02:45:07.151		0.93004			4
2025.05.06	02:45:20.804		0.93003			4
2025.05.06	02:45:24.424	0.92992				2
2025.05.06	02:45:25.568	0.92993				2
2025.05.06	02:45:31.840	0.92991	0.93002			6
2025.05.06	02:45:32.906	0.92992	0.93001			6
2025.05.06	02:45:33.838		0.93003			4
2025.05.06	02:45:34.974		0.93002			4
2025.05.06	02:45:35.279	0.92993				2
2025.05.06	02:45:37.263	0.92992	0.93001			6
2025.05.06	02:45:37.575	0.92993	0.93002			6
2025.05.06	02:45:41.466	0.92990	0.92999			6
2025.05.06	02:45:42.362	0.92989				2
2025.05.06	02:45:51.220	0.92988	0.92998			6
2025.05.06	02:45:51.855		0.92997			4
2025.05.06	02:45:52.383		0.92998			4
2025.05.06	02:45:54.243	0.92987	0.92997			6
2025.05.06	02:45:57.605	0.92986				2
2025.05.06	02:46:01.913	0.92986				2
2025.05.06	02:46:16.501	0.92987				2
2025.05.06	02:46:17.359		0.92998			4
2025.05.06	02:46:24.771	0.92988	0.93000			6
2025.05.06	02:46:25.072		0.92999			4
2025.05.06	02:46:25.843		0.93000			4
2025.05.06	02:46:27.391	0.92990				2
2025.05.06	02:46:28.021		0.93001			4
2025.05.06	02:46:30.846	0.92988	0.93000			6
2025.05.06	02:46:36.417	0.92992	0.93004			6
2025.05.06	02:46:36.738	0.92993	0.93006			6
2025.05.06	02:46:38.749	0.92992	0.93005			6
2025.05.06	02:46:45.867		0.93004			4
2025.05.06	02:46:48.174	0.92991				2
2025.05.06	02:46:49.341	0.92992				2
2025.05.06	02:46:57.604	0.92991				2
2025.05.06	02:46:58.466	0.92992				2
2025.05.06	02:47:00.477	0.92991				2
2025.05.06	02:47:00.826	0.92992				2
2025.05.06	02:47:01.756	0.92991				2
2025.05.06	02:47:02.077	0.92992				2
2025.05.06	02:47:03.728	0.92991				2
2025.05.06	02:47:06.868	0.92992				2
2025.05.06	02:47:10.834	0.92991				2
2025.05.06	02:47:11.843	0.92989				2
2025.05.06	02:47:15.225	0.92988				2
2025.05.06	02:47:20.566	0.92989				2
2025.05.06	02:47:21.574		0.93001			4
2025.05.06	02:47:24.672	0.92991	0.93004			6
2025.05.06	02:47:31.375	0.92992				2
2025.05.06	02:47:36.422	0.92991				2
2025.05.06	02:47:36.730	0.92992				2
2025.05.06	02:47:37.925	0.92989	0.93002			6
2025.05.06	02:47:41.607	0.92990				2
2025.05.06	02:47:43.007	0.92989				2
2025.05.06	02:47:44.604	0.92991	0.93003			6
2025.05.06	02:47:45.382	0.92990				2
2025.05.06	02:47:45.731	0.92992				2
2025.05.06	02:47:46.435		0.93006			4
2025.05.06	02:47:47.093	0.92996				2
2025.05.06	02:47:47.398	0.92992				2
2025.05.06	02:47:49.862		0.93005			4
2025.05.06	02:47:57.567	0.92991				2
2025.05.06	02:47:57.905	0.92992				2
2025.05.06	02:48:00.668	0.92992				2
2025.05.06	02:48:03.705	0.92991	0.93006			6
2025.05.06	02:48:04.867	0.92992				2
2025.05.06	02:48:05.797	0.92991				2
2025.05.06	02:48:06.152	0.92995	0.93007			6
2025.05.06	02:48:11.329		0.93009			4
2025.05.06	02:48:11.673	0.92998				2
2025.05.06	02:48:12.373	0.92997				2
2025.05.06	02:48:28.870	0.92995				2
2025.05.06	02:48:38.470	0.92994	0.93008			6
2025.05.06	02:48:45.386	0.92995	0.93009			6
2025.05.06	02:48:58.345	0.92992	0.93007			6
2025.05.06	02:49:00.877	0.92992				2
2025.05.06	02:49:02.803	0.92989	0.93006			6
2025.05.06	02:49:03.347	0.92991				2
2025.05.06	02:49:07.977	0.92992				2
2025.05.06	02:49:13.374		0.93005			4
2025.05.06	02:49:24.722	0.92991	0.93002			6
2025.05.06	02:49:28.321	0.92992	0.93003			6
2025.05.06	02:49:28.780	0.92991				2
2025.05.06	02:49:29.883	0.92992				2
2025.05.06	02:49:32.856		0.93005			4
2025.05.06	02:49:33.167	0.92993	0.93004			6
2025.05.06	02:49:33.533	0.92992				2
2025.05.06	02:49:37.169	0.92990				2
2025.05.06	02:49:45.871	0.92991				2
2025.05.06	02:49:50.725		0.93003			4
2025.05.06	02:49:51.046	0.92990				2
2025.05.06	02:50:00.385	0.92990				2
2025.05.06	02:50:32.789	0.92991				2
2025.05.06	02:50:45.748	0.92990				2
2025.05.06	02:50:47.680	0.92989				2
2025.05.06	02:50:48.785	0.92991	0.93001			6
2025.05.06	02:50:50.940	0.92989				2
2025.05.06	02:50:51.348	0.92990				2
2025.05.06	02:50:56.298	0.92989				2
2025.05.06	02:50:59.016	0.92991				2
2025.05.06	02:51:00.290	0.92991				2
2025.05.06	02:51:00.833	0.92990				2
2025.05.06	02:51:02.017	0.92991				2
2025.05.06	02:51:03.052	0.92990				2
2025.05.06	02:51:08.707		0.93000			4
2025.05.06	02:51:22.503	0.92988				2
2025.05.06	02:51:26.340	0.92990				2
2025.05.06	02:51:27.161	0.92991				2
2025.05.06	02:51:27.575	0.92990				2
2025.05.06	02:51:33.006		0.93002			4
2025.05.06	02:51:33.721		0.93000			4
2025.05.06	02:51:34.341	0.92989				2
2025.05.06	02:51:44.817		0.93002			4
2025.05.06	02:51:45.477		0.93000			4
2025.05.06	02:51:47.101		0.92999			4
2025.05.06	02:51:48.808	0.92988	0.92998			6
2025.05.06	02:51:49.704	0.92990	0.93002			6
2025.05.06	02:51:50.604	0.92991				2
2025.05.06	02:51:51.159	0.92990				2
2025.05.06	02:51:51.799	0.92991				2
2025.05.06	02:51:52.259	0.92990				2
2025.05.06	02:51:52.688	0.92991				2
2025.05.06	02:51:53.844	0.92990				2
2025.05.06	02:51:54.184	0.92991				2
2025.05.06	02:51:58.864	0.92990				2
2025.05.06	02:52:00.265	0.92990				2
2025.05.06	02:52:02.789	0.92988	0.93001			6
2025.05.06	02:52:03.416	0.92989				2
2025.05.06	02:52:06.210	0.92990				2
2025.05.06	02:52:06.662	0.92989				2
2025.05.06	02:52:09.860	0.92990				2
2025.05.06	02:52:10.577	0.92991	0.93002			6
2025.05.06	02:52:10.968	0.92990				2
2025.05.06	02:52:11.721	0.92992				2
2025.05.06	02:52:13.332	0.92991				2
2025.05.06	02:52:14.028	0.92990				2
2025.05.06	02:52:18.035		0.93003			4
2025.05.06	02:52:18.563	0.92991				2
2025.05.06	02:52:19.989		0.93002			4
2025.05.06	02:52:21.081		0.93003			4
2025.05.06	02:52:25.084	0.92992				2
2025.05.06	02:52:25.651	0.92991				2
2025.05.06	02:52:27.155	0.92990				2
2025.05.06	02:52:39.337	0.92989	0.93002			6
2025.05.06	02:52:39.969	0.92990				2
2025.05.06	02:52:40.319	0.92989				2
2025.05.06	02:52:40.666	0.92991				2
2025.05.06	02:52:41.194	0.92990				2
2025.05.06	02:52:41.519	0.92991	0.93004			6
2025.05.06	02:52:49.656	0.92992				2
2025.05.06	02:52:51.653	0.92991	0.93003			6
2025.05.06	02:52:53.598	0.92993	0.93006			6
2025.05.06	02:53:00.592	0.92993				2
2025.05.06	02:53:04.073	0.92992	0.93005			6
2025.05.06	02:53:15.780	0.92993	0.93006			6
2025.05.06	02:53:19.157	0.92992	0.93004			6
2025.05.06	02:53:22.747	0.92993	0.93006			6
2025.05.06	02:53:25.097	0.92992	0.93005			6
2025.05.06	02:53:31.597	0.92991	0.93004			6
2025.05.06	02:53:33.723	0.92992				2
2025.05.06	02:53:37.043		0.93003			4
2025.05.06	02:53:37.377	0.92991				2
2025.05.06	02:53:49.328	0.92990				2
2025.05.06	02:53:54.382	0.92991				2
2025.05.06	02:53:54.829	0.92990				2
2025.05.06	02:53:55.436	0.92991	0.93004			6
2025.05.06	02:53:56.158		0.93003			4
2025.05.06	02:53:56.852	0.92990				2
2025.05.06	02:53:57.561	0.92991				2
2025.05.06	02:53:58.576		0.93004			4
2025.05.06	02:54:00.681	0.92991				2
2025.05.06	02:54:03.787	0.92992				2
2025.05.06	02:54:04.350	0.92991				2
2025.05.06	02:54:05.807	0.92992	0.93003			6
2025.05.06	02:54:07.166	0.92991				2
2025.05.06	02:54:07.919	0.92990				2
2025.05.06	02:54:08.583	0.92992				2
2025.05.06	02:54:09.422	0.92991				2
2025.05.06	02:54:11.041	0.92992				2
2025.05.06	02:54:11.554	0.92991				2
2025.05.06	02:54:12.653	0.92990				2
2025.05.06	02:54:13.319	0.92992				2
2025.05.06	02:54:15.387	0.92991				2
2025.05.06	02:54:16.769	0.92990				2
2025.05.06	02:54:20.348		0.93001			4
2025.05.06	02:54:21.104	0.92991	0.93000			6
2025.05.06	02:54:21.446	0.92990				2
2025.05.06	02:54:44.221	0.92991				2
2025.05.06	02:54:59.833	0.92992	0.93005			6
2025.05.06	02:55:00.357	0.92992				2
2025.05.06	02:55:14.927	0.92991	0.93003			6
2025.05.06	02:55:28.580	0.92997	0.93010			6
2025.05.06	02:55:52.774	0.92999	0.93011			6
2025.05.06	02:56:00.121	0.92999				2
2025.05.06	02:56:03.589	0.92998				2
2025.05.06	02:56:06.274	0.92995	0.93008			6
2025.05.06	02:56:13.964	0.92997	0.93009			6
2025.05.06	02:56:18.007	0.92994	0.93006			6
2025.05.06	02:56:24.300	0.92993	0.93005			6
2025.05.06	02:56:34.407	0.92992				2
2025.05.06	02:56:35.328	0.92993				2
2025.05.06	02:56:35.647	0.92992				2
2025.05.06	02:56:37.109	0.92995	0.93008			6
2025.05.06	02:56:37.653	0.92992	0.93006			6
2025.05.06	02:56:44.969	0.92991				2
2025.05.06	02:56:45.282	0.92996	0.93008			6
2025.05.06	02:56:46.339	0.92995				2
2025.05.06	02:56:47.918	0.92994				2
2025.05.06	02:56:51.084	0.92995				2
2025.05.06	02:56:52.858	0.92996				2
2025.05.06	02:56:57.010	0.92998				2
2025.05.06	02:56:57.830	0.92996				2
2025.05.06	02:56:58.581	0.92998				2
2025.05.06	02:57:00.100	0.92998				2
2025.05.06	02:57:00.572	0.93000				2
2025.05.06	02:57:01.433		0.93009			4
2025.05.06	02:57:01.736	0.93001				2
2025.05.06	02:57:02.087	0.92998				2
2025.05.06	02:57:02.389	0.92996	0.93007			6
2025.05.06	02:57:02.721	0.92994				2
2025.05.06	02:57:03.096	0.92997	0.93006			6
2025.05.06	02:57:04.148	0.92995				2
2025.05.06	02:57:05.416	0.92996				2
2025.05.06	02:57:05.813	0.92994				2
2025.05.06	02:57:06.200		0.93007			4
2025.05.06	02:57:13.725		0.93006			4
2025.05.06	02:57:15.091	0.92996	0.93008			6
2025.05.06	02:57:15.420	0.92995				2
2025.05.06	02:57:17.588	0.92996				2
2025.05.06	02:57:23.636	0.92992	0.93006			6
2025.05.06	02:57:23.940	0.92990	0.93005			6
2025.05.06	02:57:25.944	0.92992				2
2025.05.06	02:57:26.379	0.92993				2
2025.05.06	02:57:28.166	0.92992				2
2025.05.06	02:57:31.438	0.92993				2
2025.05.06	02:57:33.357	0.92990	0.93004			6
2025.05.06	02:57:37.761	0.92989	0.93003			6
2025.05.06	02:57:38.187	0.92991				2
2025.05.06	02:57:39.900		0.93002			4
2025.05.06	02:57:47.155	0.92990				2
2025.05.06	02:57:48.481	0.92988				2
2025.05.06	02:57:51.006	0.92990				2
2025.05.06	02:57:51.418	0.92988				2
2025.05.06	02:57:56.382	0.92991	0.93003			6
2025.05.06	02:57:59.439	0.92993	0.93005			6
2025.05.06	02:58:00.334	0.92993				2
2025.05.06	02:58:07.639	0.92996	0.93008			6
2025.05.06	02:58:12.970	0.92997	0.93009			6
2025.05.06	02:58:23.188	0.92998	0.93010			6
2025.05.06	02:58:30.838	0.92996	0.93009			6
2025.05.06	02:58:31.972	0.92998	0.93010			6
2025.05.06	02:58:35.251	0.92996	0.93009			6
2025.05.06	02:58:35.895	0.92999	0.93011			6
2025.05.06	02:58:42.846		0.93010			4
2025.05.06	02:58:44.695	0.92997				2
2025.05.06	02:58:48.086	0.92999	0.93011			6
2025.05.06	02:58:57.347	0.92998				2
2025.05.06	02:59:00.418	0.92998				2
2025.05.06	02:59:04.895		0.93012			4
2025.05.06	02:59:07.127	0.92996	0.93011			6
2025.05.06	02:59:07.870		0.93010			4
2025.05.06	02:59:09.570	0.92997				2
2025.05.06	02:59:10.068	0.92996				2
2025.05.06	02:59:13.226	0.92997				2
2025.05.06	02:59:14.673	0.92996				2
2025.05.06	02:59:17.155		0.93011			4
2025.05.06	02:59:17.519		0.93010			4
2025.05.06	02:59:18.184	0.92997	0.93011			6
2025.05.06	02:59:19.921	0.92999				2
2025.05.06	02:59:23.240		0.93012			4
2025.05.06	02:59:29.074	0.93000	0.93013			6
2025.05.06	02:59:30.012	0.93001				2
2025.05.06	02:59:31.244	0.93000	0.93012			6
2025.05.06	02:59:35.812	0.92999				2
2025.05.06	02:59:40.000	0.93001	0.93013			6
2025.05.06	02:59:42.728		0.93012			4
2025.05.06	02:59:47.623	0.93003				2
2025.05.06	02:59:50.216	0.93001	0.93013			6
2025.05.06	03:00:00.347	0.93003	0.93011			6
2025.05.06	03:00:00.655	0.93002				2
2025.05.06	03:00:01.579	0.93003				2
2025.05.06	03:00:02.912	0.92998				2
2025.05.06	03:00:03.229	0.92999				2
2025.05.06	03:00:03.538	0.92997	0.93010			6
2025.05.06	03:00:03.884	0.92998				2
2025.05.06	03:00:05.585	0.92997	0.93009			6
2025.05.06	03:00:10.289	0.92996	0.93008			6
2025.05.06	03:00:11.440		0.93009			4
2025.05.06	03:00:12.451	0.92997	0.93008			6
2025.05.06	03:00:12.864	0.92996	0.93009			6
2025.05.06	03:00:13.520	0.92997				2
2025.05.06	03:00:14.752	0.92996	0.93008			6
2025.05.06	03:00:15.189		0.93009			4
2025.05.06	03:00:15.527	0.92997				2
2025.05.06	03:00:16.439	0.92996	0.93010			6
2025.05.06	03:00:17.158	0.92997	0.93009			6
2025.05.06	03:00:20.349		0.93010			4
2025.05.06	03:00:20.685		0.93009			4
2025.05.06	03:00:21.621	0.92998	0.93012			6
2025.05.06	03:00:25.091	0.93001	0.93011			6
2025.05.06	03:00:25.844	0.93000				2
2025.05.06	03:00:26.146	0.92998				2
2025.05.06	03:00:28.235	0.92999				2
2025.05.06	03:00:28.567	0.92998	0.93012			6
2025.05.06	03:00:28.919	0.92997				2
2025.05.06	03:00:29.252		0.93011			4
2025.05.06	03:00:29.656	0.92998				2
2025.05.06	03:00:30.037	0.92997				2
2025.05.06	03:00:30.741	0.92998	0.93012			6
2025.05.06	03:00:31.045	0.93001				2
2025.05.06	03:00:32.302	0.93000	0.93011			6
2025.05.06	03:00:33.534	0.92999				2
2025.05.06	03:00:36.697	0.93000				2
2025.05.06	03:00:37.579		0.93012			4
2025.05.06	03:00:38.012		0.93011			4
2025.05.06	03:00:40.167	0.93001				2
2025.05.06	03:00:42.923	0.93000				2
2025.05.06	03:00:43.861		0.93012			4
2025.05.06	03:00:46.377	0.93001				2
2025.05.06	03:00:47.749	0.93000	0.93011			6
2025.05.06	03:00:51.339		0.93012			4
2025.05.06	03:00:51.773	0.92999				2
2025.05.06	03:00:52.760	0.93000				2
2025.05.06	03:00:53.653	0.92997	0.93010			6
2025.05.06	03:00:54.006		0.93008			4
2025.05.06	03:00:54.712		0.93007			4
2025.05.06	03:00:55.859	0.92996	0.93010			6
2025.05.06	03:00:56.192	0.92997				2
2025.05.06	03:01:00.403	0.92997				2
2025.05.06	03:01:10.565		0.93009			4
2025.05.06	03:01:13.860	0.92998				2
2025.05.06	03:01:17.451	0.92997				2
2025.05.06	03:01:20.577		0.93010			4
2025.05.06	03:01:20.898		0.93011			4
2025.05.06	03:01:21.436	0.92998				2
2025.05.06	03:01:22.002	0.92999				2
2025.05.06	03:01:27.155		0.93010			4
2025.05.06	03:01:27.459	0.92998				2
2025.05.06	03:01:29.181	0.92999				2
2025.05.06	03:01:30.355	0.92998				2
2025.05.06	03:01:30.972		0.93011			4
2025.05.06	03:01:32.864	0.92999				2
2025.05.06	03:01:33.173	0.93000				2
2025.05.06	03:01:36.355	0.92998				2
2025.05.06	03:01:36.812	0.92999				2
2025.05.06	03:01:37.559	0.93000	0.93012			6
2025.05.06	03:01:37.865	0.93002				2
2025.05.06	03:01:47.900	0.93004	0.93016			6
2025.05.06	03:01:50.320	0.93002	0.93015			6
2025.05.06	03:01:53.648	0.93007	0.93019			6
2025.05.06	03:01:54.296		0.93018			4
2025.05.06	03:01:54.710		0.93019			4
2025.05.06	03:01:55.319		0.93018			4
2025.05.06	03:01:55.815		0.93019			4
2025.05.06	03:01:56.378	0.93008	0.93020			6
2025.05.06	03:01:57.515	0.93011	0.93022			6
2025.05.06	03:01:58.365	0.93010	0.93021			6
2025.05.06	03:02:00.337	0.93011				2
2025.05.06	03:02:01.637	0.93010	0.93022			6
2025.05.06	03:02:09.454		0.93021			4
2025.05.06	03:02:10.349	0.93009	0.93020			6
2025.05.06	03:02:11.526	0.93008				2
2025.05.06	03:02:12.013	0.93009				2
2025.05.06	03:02:13.056	0.93008				2
2025.05.06	03:02:14.813	0.93009	0.93021			6
2025.05.06	03:02:15.128	0.93010	0.93022			6
2025.05.06	03:02:15.754	0.93009	0.93021			6
2025.05.06	03:02:21.110	0.93010				2
2025.05.06	03:02:22.099	0.93009				2
2025.05.06	03:02:23.007	0.93008				2
2025.05.06	03:02:26.803	0.93007	0.93019			6
2025.05.06	03:02:32.344	0.93006	0.93016			6
2025.05.06	03:02:32.650	0.93004				2
2025.05.06	03:02:33.543	0.93003				2
2025.05.06	03:02:34.566	0.93004				2
2025.05.06	03:02:35.193	0.93002	0.93015			6
2025.05.06	03:02:38.533	0.93001				2
2025.05.06	03:02:39.583	0.93003	0.93016			6
2025.05.06	03:02:40.687	0.93004				2
2025.05.06	03:02:41.743	0.93003				2
2025.05.06	03:02:42.480	0.93004				2
2025.05.06	03:02:42.859	0.93003				2
2025.05.06	03:02:43.319	0.93005				2
2025.05.06	03:02:43.993	0.93003				2
2025.05.06	03:02:45.529	0.93004				2
2025.05.06	03:02:46.613	0.93005	0.93017			6
2025.05.06	03:02:55.063		0.93018			4
2025.05.06	03:02:56.239		0.93017			4
2025.05.06	03:02:58.231		0.93018			4
2025.05.06	03:03:00.348	0.93005	0.93017			6
2025.05.06	03:03:00.655	0.93006				2
2025.05.06	03:03:03.677	0.93005	0.93016			6
2025.05.06	03:03:05.078		0.93017			4
2025.05.06	03:03:08.007	0.93007	0.93019			6
2025.05.06	03:03:08.369	0.93006	0.93018			6
2025.05.06	03:03:09.960	0.93007				2
2025.05.06	03:03:12.597		0.93019			4
2025.05.06	03:03:13.013	0.93009	0.93020			6
2025.05.06	03:03:18.372	0.93008	0.93019			6
2025.05.06	03:03:20.806	0.93010	0.93020			6
2025.05.06	03:03:22.117		0.93022			4
2025.05.06	03:03:22.455		0.93021			4
2025.05.06	03:03:23.621		0.93022			4
2025.05.06	03:03:24.970	0.93009	0.93021			6
2025.05.06	03:03:26.235	0.93008				2
2025.05.06	03:03:26.830	0.93009				2
2025.05.06	03:03:27.705	0.93010				2
2025.05.06	03:03:28.058	0.93011	0.93023			6
2025.05.06	03:03:30.396		0.93022			4
2025.05.06	03:03:31.081	0.93010	0.93021			6
2025.05.06	03:03:31.567		0.93022			4
2025.05.06	03:03:32.565	0.93009	0.93021			6
2025.05.06	03:03:35.379	0.93008	0.93020			6
2025.05.06	03:03:36.719		0.93021			4
2025.05.06	03:03:43.474	0.93007	0.93019			6
2025.05.06	03:03:44.121	0.93009	0.93021			6
2025.05.06	03:03:48.249		0.93022			4
2025.05.06	03:03:49.100		0.93021			4
2025.05.06	03:03:52.364	0.93010	0.93020			6
2025.05.06	03:03:53.166	0.93009				2
2025.05.06	03:03:55.405		0.93021			4
2025.05.06	03:03:58.152		0.93022			4
2025.05.06	03:04:00.011	0.93012				2
2025.05.06	03:04:05.057	0.93010				2
2025.05.06	03:04:05.407		0.93021			4
2025.05.06	03:04:07.805	0.93011	0.93022			6
2025.05.06	03:04:08.273		0.93023			4
2025.05.06	03:04:12.122		0.93022			4
2025.05.06	03:04:20.682	0.93009	0.93021			6
2025.05.06	03:04:21.006		0.93020			4
2025.05.06	03:04:22.656		0.93021			4
2025.05.06	03:04:26.218		0.93020			4
2025.05.06	03:04:28.329	0.93008	0.93019			6
2025.05.06	03:04:28.663	0.93009				2
2025.05.06	03:04:30.392	0.93008				2
2025.05.06	03:04:32.388	0.93009				2
2025.05.06	03:04:33.979	0.93012	0.93018			6
2025.05.06	03:04:36.403	0.93009	0.93021			6
2025.05.06	03:04:36.939		0.93022			4
2025.05.06	03:04:40.021	0.93010				2
2025.05.06	03:04:41.092	0.93008				2
2025.05.06	03:04:41.399	0.93010				2
2025.05.06	03:04:44.007	0.93009				2
2025.05.06	03:04:56.441	0.93010				2
2025.05.06	03:04:58.774	0.93009				2
2025.05.06	03:05:00.388	0.93010				2
2025.05.06	03:05:02.320	0.93011	0.93023			6
2025.05.06	03:05:04.431	0.93012	0.93022			6
2025.05.06	03:05:10.403	0.93013				2
2025.05.06	03:05:12.843	0.93012				2
2025.05.06	03:05:18.418		0.93021			4
2025.05.06	03:05:33.577	0.93013	0.93022			6
2025.05.06	03:05:33.880	0.93011	0.93023			6
2025.05.06	03:05:35.861	0.93012				2
2025.05.06	03:05:37.469		0.93022			4
2025.05.06	03:05:38.115	0.93011				2
2025.05.06	03:05:39.350		0.93023			4
2025.05.06	03:05:39.654	0.93012	0.93024			6
2025.05.06	03:05:40.324		0.93023			4
2025.05.06	03:05:40.810	0.93011	0.93022			6
2025.05.06	03:05:42.396		0.93023			4
2025.05.06	03:05:45.515	0.93012	0.93024			6
2025.05.06	03:05:50.933		0.93023			4
2025.05.06	03:05:52.570	0.93013	0.93024			6
2025.05.06	03:05:52.879	0.93012				2
2025.05.06	03:05:53.219	0.93011	0.93022			6
2025.05.06	03:05:53.538	0.93010				2
2025.05.06	03:05:54.240	0.93011				2
2025.05.06	03:05:55.271		0.93023			4
2025.05.06	03:05:59.390	0.93012				2
2025.05.06	03:06:03.421	0.93011				2
2025.05.06	03:06:05.484		0.93022			4
2025.05.06	03:06:08.455		0.93024			4
2025.05.06	03:06:08.840		0.93022			4
2025.05.06	03:06:09.140		0.93023			4
2025.05.06	03:06:16.813	0.93010				2
2025.05.06	03:06:18.756		0.93022			4
2025.05.06	03:06:24.031	0.93009				2
2025.05.06	03:06:24.333	0.93010				2
2025.05.06	03:06:26.214	0.93011				2
2025.05.06	03:06:29.083		0.93024			4
2025.05.06	03:06:29.865	0.93013				2
2025.05.06	03:06:30.167	0.93012				2
2025.05.06	03:06:30.951	0.93013				2
2025.05.06	03:06:40.361	0.93011				2
2025.05.06	03:06:44.568		0.93022			4
2025.05.06	03:06:45.992	0.93012	0.93024			6
2025.05.06	03:06:47.112		0.93025			4
2025.05.06	03:06:55.320	0.93011	0.93024			6
2025.05.06	03:06:55.967	0.93013				2
2025.05.06	03:06:56.281	0.93012				2
2025.05.06	03:06:56.855	0.93011	0.93023			6
2025.05.06	03:06:59.360	0.93012	0.93024			6
2025.05.06	03:06:59.785		0.93025			4
2025.05.06	03:07:00.352	0.93012				2
2025.05.06	03:07:01.064		0.93024			4
2025.05.06	03:07:01.897		0.93025			4
2025.05.06	03:07:07.795	0.93010	0.93022			6
2025.05.06	03:07:08.988	0.93009	0.93021			6
