<DATE>	<TIME>	<BID>	<ASK>	<LAST>	<VOLUME>	<FLAGS>
2025.05.12	00:03:30.808	0.93401	0.93536			6
2025.05.12	00:03:33.740	0.93404				2
2025.05.12	00:03:41.224	0.93408				2
2025.05.12	00:03:43.440	0.93405				2
2025.05.12	00:03:51.018	0.93408				2
2025.05.12	00:03:52.525	0.93405				2
2025.05.12	00:03:52.895	0.93413				2
2025.05.12	00:04:16.191	0.93413	0.93542			6
2025.05.12	00:04:22.882	0.93411				2
2025.05.12	00:05:00.757	0.93411				2
2025.05.12	00:05:20.774		0.93542			4
2025.05.12	00:05:35.293	0.93386	0.93525			6
2025.05.12	00:05:40.728	0.93392				2
2025.05.12	00:05:42.543	0.93391				2
2025.05.12	00:05:42.850	0.93459	0.93521			6
2025.05.12	00:05:44.662	0.93383				2
2025.05.12	00:05:45.358	0.93377	0.93513			6
2025.05.12	00:05:49.012	0.93384	0.93528			6
2025.05.12	00:05:54.044	0.93368	0.93505			6
2025.05.12	00:05:59.981	0.93379	0.93521			6
2025.05.12	00:06:01.075	0.93379				2
2025.05.12	00:06:01.993	0.93459				2
2025.05.12	00:06:12.428	0.93457				2
2025.05.12	00:06:19.528	0.93414	0.93582			6
2025.05.12	00:06:26.468	0.93425				2
2025.05.12	00:06:38.690	0.93429	0.93596			6
2025.05.12	00:07:01.630	0.93429				2
2025.05.12	00:07:05.125	0.93438				2
2025.05.12	00:07:17.356	0.93459	0.93561			6
2025.05.12	00:08:01.633	0.93459				2
2025.05.12	00:08:18.869		0.93561			4
2025.05.12	00:09:05.302	0.93459				2
2025.05.12	00:09:24.396		0.93561			4
2025.05.12	00:10:00.423	0.93459				2
2025.05.12	00:10:24.989		0.93561			4
2025.05.12	00:11:00.391	0.93459				2
2025.05.12	00:11:03.744		0.93568			4
2025.05.12	00:11:04.319		0.93567			4
2025.05.12	00:11:06.997		0.93575			4
2025.05.12	00:11:07.775	0.93481	0.93587			6
2025.05.12	00:11:10.727		0.93586			4
2025.05.12	00:11:21.527		0.93585			4
2025.05.12	00:11:21.847		0.93589			4
2025.05.12	00:11:28.709		0.93580			4
2025.05.12	00:11:31.426		0.93579			4
2025.05.12	00:11:36.291		0.93583			4
2025.05.12	00:11:43.653	0.93506	0.93600			6
2025.05.12	00:11:44.934		0.93599			4
2025.05.12	00:11:53.929		0.93598			4
2025.05.12	00:11:55.731	0.93514	0.93600			6
2025.05.12	00:11:59.927		0.93599			4
2025.05.12	00:12:00.757	0.93514				2
2025.05.12	00:12:10.425		0.93598			4
2025.05.12	00:12:25.147		0.93597			4
2025.05.12	00:12:39.225		0.93596			4
2025.05.12	00:12:49.127		0.93595			4
2025.05.12	00:13:00.759	0.93514				2
2025.05.12	00:13:01.432		0.93594			4
2025.05.12	00:13:15.535		0.93593			4
2025.05.12	00:13:23.828	0.93533	0.93603			6
2025.05.12	00:13:30.759		0.93602			4
2025.05.12	00:13:32.929		0.93605			4
2025.05.12	00:13:35.643		0.93604			4
2025.05.12	00:13:38.327	0.93542	0.93623			6
2025.05.12	00:13:40.759		0.93612			4
2025.05.12	00:14:00.757	0.93542				2
2025.05.12	00:14:03.677	0.93543	0.93615			6
2025.05.12	00:14:16.007		0.93620			4
2025.05.12	00:14:16.401		0.93618			4
2025.05.12	00:14:20.113		0.93616			4
2025.05.12	00:14:29.999		0.93615			4
2025.05.12	00:14:30.406	0.93491	0.93587			6
2025.05.12	00:14:41.373		0.93580			4
2025.05.12	00:14:49.656		0.93581			4
2025.05.12	00:14:52.727		0.93587			4
2025.05.12	00:14:54.194		0.93581			4
2025.05.12	00:14:54.988	0.93481	0.93576			6
2025.05.12	00:15:00.584	0.93481	0.93575			6
2025.05.12	00:15:05.124		0.93577			4
2025.05.12	00:15:11.033		0.93576			4
2025.05.12	00:15:15.529		0.93577			4
2025.05.12	00:15:17.621	0.93507	0.93586			6
2025.05.12	00:15:54.371	0.93516	0.93595			6
2025.05.12	00:16:00.174	0.93516				2
2025.05.12	00:16:13.638	0.93495	0.93633			6
2025.05.12	00:16:15.819	0.93516	0.93595			6
2025.05.12	00:16:16.267	0.93508				2
2025.05.12	00:16:20.630	0.93480	0.93581			6
2025.05.12	00:16:36.592		0.93583			4
2025.05.12	00:16:54.055	0.93484				2
2025.05.12	00:17:00.825	0.93484				2
2025.05.12	00:17:11.591		0.93602			4
2025.05.12	00:17:18.678		0.93613			4
2025.05.12	00:17:42.230	0.93485				2
2025.05.12	00:17:48.347	0.93489	0.93627			6
2025.05.12	00:17:50.113	0.93485				2
2025.05.12	00:17:56.661	0.93489				2
2025.05.12	00:17:58.503	0.93485				2
2025.05.12	00:18:00.417	0.93485				2
2025.05.12	00:18:34.425	0.93489	0.93620			6
2025.05.12	00:18:34.738	0.93522				2
2025.05.12	00:18:37.107	0.93543	0.93629			6
2025.05.12	00:18:38.653	0.93550	0.93635			6
2025.05.12	00:18:53.037	0.93549				2
2025.05.12	00:19:00.826	0.93549				2
2025.05.12	00:19:41.328		0.93635			4
2025.05.12	00:19:45.229	0.93572	0.93648			6
2025.05.12	00:19:46.428	0.93570				2
2025.05.12	00:19:46.860	0.93578	0.93637			6
2025.05.12	00:19:48.822	0.93585				2
2025.05.12	00:19:54.353	0.93591				2
2025.05.12	00:19:55.988	0.93593	0.93645			6
2025.05.12	00:20:00.409	0.93593				2
2025.05.12	00:20:01.439	0.93595				2
2025.05.12	00:20:07.919	0.93594				2
2025.05.12	00:20:16.726	0.93601				2
2025.05.12	00:20:17.055		0.93691			4
2025.05.12	00:20:39.436	0.93616				2
2025.05.12	00:20:39.736	0.93603				2
2025.05.12	00:20:40.506	0.93601				2
2025.05.12	00:21:00.225	0.93601				2
2025.05.12	00:21:03.131	0.93608				2
2025.05.12	00:21:11.927		0.93696			4
2025.05.12	00:21:23.402	0.93605				2
2025.05.12	00:21:25.258	0.93619				2
2025.05.12	00:21:27.438	0.93623				2
2025.05.12	00:21:31.391	0.93624	0.93708			6
2025.05.12	00:21:32.411	0.93619				2
2025.05.12	00:21:38.576	0.93605	0.93696			6
2025.05.12	00:21:42.184	0.93612				2
2025.05.12	00:21:58.660	0.93605				2
2025.05.12	00:22:00.527	0.93605				2
2025.05.12	00:22:20.750	0.93606				2
2025.05.12	00:22:39.525		0.93696			4
2025.05.12	00:22:47.331	0.93603				2
2025.05.12	00:23:00.227	0.93603				2
2025.05.12	00:23:12.423	0.93579	0.93693			6
2025.05.12	00:23:18.627	0.93603				2
2025.05.12	00:23:30.757	0.93604				2
2025.05.12	00:23:44.048		0.93668			4
2025.05.12	00:23:56.026	0.93606				2
2025.05.12	00:24:00.527	0.93606				2
2025.05.12	00:24:01.046		0.93655			4
2025.05.12	00:24:02.425	0.93604				2
2025.05.12	00:24:08.025	0.93606				2
2025.05.12	00:24:11.326		0.93648			4
2025.05.12	00:24:12.000	0.93612	0.93650			6
2025.05.12	00:24:12.679	0.93605	0.93648			6
2025.05.12	00:24:13.966	0.93606				2
2025.05.12	00:24:21.444	0.93604	0.93652			6
2025.05.12	00:24:59.391	0.93600				2
2025.05.12	00:24:59.866	0.93583	0.93642			6
2025.05.12	00:25:00.231	0.93583				2
2025.05.12	00:25:04.729	0.93557				2
2025.05.12	00:25:06.224	0.93491				2
2025.05.12	00:25:07.826	0.93499				2
2025.05.12	00:25:08.224	0.93512				2
2025.05.12	00:25:09.827	0.93511				2
2025.05.12	00:25:11.926	0.93539				2
2025.05.12	00:25:15.469	0.93544				2
2025.05.12	00:25:32.028		0.93652			4
2025.05.12	00:25:57.513	0.93539	0.93637			6
2025.05.12	00:25:59.061	0.93556	0.93652			6
2025.05.12	00:26:00.524	0.93556				2
2025.05.12	00:26:02.325	0.93557				2
2025.05.12	00:26:03.225	0.93497	0.93645			6
2025.05.12	00:26:04.958	0.93533				2
2025.05.12	00:26:06.271		0.93634			4
2025.05.12	00:26:11.276	0.93534	0.93623			6
2025.05.12	00:26:14.948	0.93545	0.93624			6
2025.05.12	00:26:17.913	0.93551	0.93628			6
2025.05.12	00:26:22.494	0.93499	0.93623			6
2025.05.12	00:26:25.326	0.93504				2
2025.05.12	00:26:28.709	0.93508				2
2025.05.12	00:26:33.129		0.93615			4
2025.05.12	00:26:39.213	0.93525	0.93618			6
2025.05.12	00:26:43.425	0.93524	0.93607			6
2025.05.12	00:27:00.758	0.93524				2
2025.05.12	00:27:35.520	0.93527	0.93627			6
2025.05.12	00:27:39.286	0.93525	0.93606			6
2025.05.12	00:28:00.224	0.93525				2
2025.05.12	00:28:34.126	0.93522	0.93603			6
2025.05.12	00:29:00.352	0.93522				2
2025.05.12	00:29:24.282		0.93604			4
2025.05.12	00:29:52.726	0.93532	0.93608			6
2025.05.12	00:30:00.528	0.93532				2
2025.05.12	00:30:05.310	0.93530				2
2025.05.12	00:30:13.089		0.93599			4
2025.05.12	00:30:21.646		0.93605			4
2025.05.12	00:30:32.695		0.93599			4
2025.05.12	00:30:46.492	0.93541	0.93622			6
2025.05.12	00:30:56.025	0.93542	0.93627			6
2025.05.12	00:31:00.828	0.93542				2
2025.05.12	00:31:05.324	0.93546				2
2025.05.12	00:31:25.231		0.93652			4
2025.05.12	00:31:30.496		0.93627			4
2025.05.12	00:32:00.232	0.93546				2
2025.05.12	00:32:01.301		0.93638			4
2025.05.12	00:32:36.642	0.93556	0.93649			6
2025.05.12	00:32:55.131	0.93546	0.93638			6
2025.05.12	00:33:00.391	0.93546				2
2025.05.12	00:33:30.302		0.93627			4
2025.05.12	00:34:00.389	0.93546				2
2025.05.12	00:34:30.756		0.93627			4
2025.05.12	00:34:47.045		0.93649			4
2025.05.12	00:35:00.395	0.93546				2
2025.05.12	00:35:48.224		0.93649			4
2025.05.12	00:36:00.396	0.93546				2
2025.05.12	00:36:37.048		0.93652			4
2025.05.12	00:37:01.128	0.93546				2
2025.05.12	00:37:39.525		0.93652			4
2025.05.12	00:38:00.226	0.93546				2
2025.05.12	00:38:40.424		0.93652			4
2025.05.12	00:39:01.727	0.93546				2
2025.05.12	00:39:42.811		0.93652			4
2025.05.12	00:40:00.404	0.93546				2
2025.05.12	00:40:30.042		0.93673			4
2025.05.12	00:40:30.390		0.93676			4
2025.05.12	00:41:00.756	0.93546				2
2025.05.12	00:41:09.021	0.93549				2
2025.05.12	00:41:25.048		0.93678			4
2025.05.12	00:42:00.406	0.93546				2
2025.05.12	00:42:20.046		0.93676			4
2025.05.12	00:42:25.091	0.93549				2
2025.05.12	00:43:03.529	0.93549				2
2025.05.12	00:43:15.046		0.93678			4
2025.05.12	00:44:00.725	0.93549				2
2025.05.12	00:44:10.047		0.93676			4
2025.05.12	00:44:42.733	0.93546				2
2025.05.12	00:45:00.758	0.93546				2
2025.05.12	00:45:02.195	0.93511	0.93709			6
2025.05.12	00:45:04.420	0.93546	0.93676			6
2025.05.12	00:45:08.528	0.93564	0.93658			6
2025.05.12	00:45:26.026		0.93657			4
2025.05.12	00:46:00.049	0.93564				2
2025.05.12	00:46:11.753		0.93652			4
2025.05.12	00:46:34.812		0.93658			4
2025.05.12	00:46:57.898		0.93656			4
2025.05.12	00:47:01.125	0.93564				2
2025.05.12	00:47:02.200	0.93530	0.93689			6
2025.05.12	00:47:04.380	0.93564	0.93656			6
2025.05.12	00:47:24.025		0.93651			4
2025.05.12	00:48:02.036	0.93564				2
2025.05.12	00:48:24.526		0.93651			4
2025.05.12	00:48:33.455		0.93658			4
2025.05.12	00:49:04.731	0.93564				2
2025.05.12	00:49:34.162		0.93658			4
2025.05.12	00:50:02.736	0.93564				2
2025.05.12	00:50:17.006		0.93634			4
2025.05.12	00:50:33.157	0.93512	0.93595			6
2025.05.12	00:50:34.042	0.93506	0.93600			6
2025.05.12	00:50:39.699	0.93510	0.93634			6
2025.05.12	00:50:50.144	0.93568				2
2025.05.12	00:50:58.122		0.93643			4
2025.05.12	00:50:59.876	0.93510	0.93634			6
2025.05.12	00:51:00.227	0.93510				2
2025.05.12	00:51:23.125	0.93560	0.93638			6
2025.05.12	00:51:38.325		0.93634			4
2025.05.12	00:51:57.803	0.93512				2
2025.05.12	00:52:00.229	0.93512				2
2025.05.12	00:52:26.758	0.93583	0.93652			6
2025.05.12	00:53:00.399	0.93583				2
2025.05.12	00:53:21.787		0.93649			4
2025.05.12	00:54:00.405	0.93583				2
2025.05.12	00:54:16.786		0.93648			4
2025.05.12	00:54:41.326	0.93607				2
2025.05.12	00:55:00.395	0.93607				2
2025.05.12	00:55:17.037		0.93648			4
2025.05.12	00:55:20.143	0.93583	0.93644			6
2025.05.12	00:56:00.403	0.93583				2
2025.05.12	00:56:22.429		0.93644			4
2025.05.12	00:57:00.758	0.93583				2
2025.05.12	00:57:25.127		0.93644			4
2025.05.12	00:58:00.403	0.93583				2
2025.05.12	00:58:26.327		0.93644			4
2025.05.12	00:59:00.151	0.93583				2
2025.05.12	00:59:08.102	0.93512	0.93610			6
2025.05.12	00:59:20.624		0.93634			4
2025.05.12	00:59:40.116	0.93514				2
2025.05.12	00:59:41.951	0.93512				2
2025.05.12	01:00:00.312	0.93512				2
2025.05.12	01:00:00.619	0.93515				2
2025.05.12	01:00:01.403	0.93512				2
2025.05.12	01:00:01.707	0.93521				2
2025.05.12	01:00:02.639	0.93552	0.93632			6
2025.05.12	01:00:03.008	0.93513	0.93639			6
2025.05.12	01:00:03.334	0.93519	0.93643			6
2025.05.12	01:00:03.636	0.93510				2
2025.05.12	01:00:03.942	0.93528				2
2025.05.12	01:00:04.294	0.93530				2
2025.05.12	01:00:04.603	0.93535	0.93657			6
2025.05.12	01:00:04.906	0.93527	0.93634			6
2025.05.12	01:00:08.824	0.93530				2
2025.05.12	01:00:09.817	0.93527				2
2025.05.12	01:00:11.154		0.93624			4
2025.05.12	01:00:13.739		0.93617			4
2025.05.12	01:00:14.083	0.93514				2
2025.05.12	01:00:14.769	0.93529				2
2025.05.12	01:00:15.183	0.93514	0.93630			6
2025.05.12	01:00:15.739	0.93529	0.93622			6
2025.05.12	01:00:16.652		0.93633			4
2025.05.12	01:00:17.260	0.93519				2
2025.05.12	01:00:17.669	0.93523				2
2025.05.12	01:00:18.010	0.93532				2
2025.05.12	01:00:19.302	0.93519				2
2025.05.12	01:00:19.645	0.93524				2
2025.05.12	01:00:20.113	0.93533				2
2025.05.12	01:00:20.504	0.93521	0.93647			6
2025.05.12	01:00:21.104	0.93553	0.93649			6
2025.05.12	01:00:21.431	0.93552				2
2025.05.12	01:00:22.176	0.93555				2
2025.05.12	01:00:22.649	0.93552				2
2025.05.12	01:00:22.963		0.93641			4
2025.05.12	01:00:23.303	0.93556				2
2025.05.12	01:00:24.827		0.93650			4
2025.05.12	01:00:30.976	0.93552				2
2025.05.12	01:00:31.960	0.93558				2
2025.05.12	01:00:32.896	0.93552				2
2025.05.12	01:00:34.347	0.93559				2
2025.05.12	01:00:35.621		0.93652			4
2025.05.12	01:00:38.628		0.93643			4
2025.05.12	01:00:38.938		0.93637			4
2025.05.12	01:00:39.248		0.93636			4
2025.05.12	01:00:39.551		0.93644			4
2025.05.12	01:00:39.858	0.93556				2
2025.05.12	01:00:40.662	0.93560				2
2025.05.12	01:00:45.820		0.93646			4
2025.05.12	01:00:46.577		0.93638			4
2025.05.12	01:00:46.948		0.93646			4
2025.05.12	01:00:50.461		0.93645			4
2025.05.12	01:00:55.587		0.93642			4
2025.05.12	01:00:57.929		0.93653			4
2025.05.12	01:00:58.266		0.93655			4
2025.05.12	01:01:00.191	0.93560				2
2025.05.12	01:01:05.026	0.93541				2
2025.05.12	01:01:05.773	0.93555				2
2025.05.12	01:01:06.482	0.93591				2
2025.05.12	01:01:07.651	0.93617	0.93659			6
2025.05.12	01:01:10.799	0.93615				2
2025.05.12	01:01:11.724	0.93619				2
2025.05.12	01:01:14.926	0.93618				2
2025.05.12	01:01:16.269	0.93619	0.93666			6
2025.05.12	01:01:17.326		0.93665			4
2025.05.12	01:01:18.797		0.93666			4
2025.05.12	01:01:20.026	0.93611	0.93665			6
2025.05.12	01:01:23.332	0.93618				2
2025.05.12	01:01:23.645		0.93664			4
2025.05.12	01:01:23.970	0.93616				2
2025.05.12	01:01:24.323	0.93620				2
2025.05.12	01:01:24.829	0.93592				2
2025.05.12	01:01:25.140	0.93596				2
2025.05.12	01:01:25.613	0.93617				2
2025.05.12	01:01:28.407	0.93619				2
2025.05.12	01:01:29.220	0.93618				2
2025.05.12	01:01:29.526	0.93620	0.93665			6
2025.05.12	01:01:29.957	0.93617				2
2025.05.12	01:01:30.375	0.93613				2
2025.05.12	01:01:31.081	0.93612				2
2025.05.12	01:01:31.460	0.93615				2
2025.05.12	01:01:36.269	0.93608	0.93658			6
2025.05.12	01:01:36.792	0.93611				2
2025.05.12	01:01:37.479	0.93608				2
2025.05.12	01:01:40.128	0.93609				2
2025.05.12	01:01:40.457	0.93606	0.93663			6
2025.05.12	01:01:40.900	0.93609	0.93657			6
2025.05.12	01:01:41.202	0.93613				2
2025.05.12	01:01:44.476	0.93612				2
2025.05.12	01:01:50.208	0.93610				2
2025.05.12	01:01:52.126	0.93613				2
2025.05.12	01:01:54.865	0.93588				2
2025.05.12	01:01:55.553	0.93613				2
2025.05.12	01:01:57.126	0.93611	0.93652			6
2025.05.12	01:01:57.441	0.93613				2
2025.05.12	01:01:57.742		0.93651			4
2025.05.12	01:01:59.749	0.93612				2
2025.05.12	01:02:00.065	0.93613	0.93652			6
2025.05.12	01:02:01.366	0.93609	0.93647			6
2025.05.12	01:02:01.681	0.93612				2
2025.05.12	01:02:02.037	0.93611				2
2025.05.12	01:02:02.376	0.93612				2
2025.05.12	01:02:02.684	0.93611				2
2025.05.12	01:02:02.998	0.93610	0.93651			6
2025.05.12	01:02:03.498		0.93648			4
2025.05.12	01:02:04.727	0.93616	0.93651			6
2025.05.12	01:02:05.073	0.93614	0.93644			6
2025.05.12	01:02:05.394		0.93643			4
2025.05.12	01:02:05.811	0.93613				2
2025.05.12	01:02:07.108	0.93612	0.93648			6
2025.05.12	01:02:07.433		0.93646			4
2025.05.12	01:02:08.074		0.93645			4
2025.05.12	01:02:08.514	0.93586	0.93644			6
2025.05.12	01:02:09.264	0.93612				2
2025.05.12	01:02:10.088	0.93609				2
2025.05.12	01:02:10.426	0.93612				2
2025.05.12	01:02:12.404		0.93643			4
2025.05.12	01:02:12.856	0.93613				2
2025.05.12	01:02:13.582	0.93612	0.93639			6
2025.05.12	01:02:14.635	0.93611				2
2025.05.12	01:02:15.706	0.93608	0.93651			6
2025.05.12	01:02:16.257	0.93614	0.93656			6
2025.05.12	01:02:16.559	0.93616				2
2025.05.12	01:02:17.427	0.93617				2
2025.05.12	01:02:19.136	0.93610	0.93657			6
2025.05.12	01:02:19.439		0.93653			4
2025.05.12	01:02:19.829	0.93613	0.93648			6
2025.05.12	01:02:22.396	0.93618	0.93650			6
2025.05.12	01:02:23.576	0.93617				2
2025.05.12	01:02:24.377	0.93616				2
2025.05.12	01:02:33.527	0.93613				2
2025.05.12	01:02:37.936		0.93645			4
2025.05.12	01:02:41.141	0.93612				2
2025.05.12	01:02:42.295	0.93613	0.93656			6
2025.05.12	01:02:42.598		0.93654			4
2025.05.12	01:02:47.302		0.93651			4
2025.05.12	01:02:47.640	0.93616	0.93650			6
2025.05.12	01:02:48.002		0.93647			4
2025.05.12	01:02:48.953	0.93615	0.93649			6
2025.05.12	01:02:49.680	0.93617	0.93646			6
2025.05.12	01:02:52.745		0.93652			4
2025.05.12	01:02:53.082	0.93616	0.93654			6
2025.05.12	01:02:54.527	0.93614				2
2025.05.12	01:02:55.696		0.93652			4
2025.05.12	01:02:56.027	0.93613				2
2025.05.12	01:02:57.225	0.93611				2
2025.05.12	01:02:59.040	0.93613	0.93655			6
2025.05.12	01:03:00.228	0.93611				2
2025.05.12	01:03:00.552	0.93620				2
2025.05.12	01:03:01.524		0.93653			4
2025.05.12	01:03:01.863		0.93655			4
2025.05.12	01:03:02.201	0.93621				2
2025.05.12	01:03:03.178		0.93652			4
2025.05.12	01:03:03.698		0.93651			4
2025.05.12	01:03:05.111		0.93652			4
2025.05.12	01:03:09.227	0.93602				2
2025.05.12	01:03:10.156	0.93621				2
2025.05.12	01:03:13.427	0.93619				2
2025.05.12	01:03:13.957		0.93650			4
2025.05.12	01:03:14.668	0.93623				2
2025.05.12	01:03:15.285		0.93647			4
2025.05.12	01:03:16.655	0.93626				2
2025.05.12	01:03:17.253	0.93623				2
2025.05.12	01:03:19.520	0.93616				2
2025.05.12	01:03:25.227	0.93619	0.93651			6
2025.05.12	01:03:26.087		0.93655			4
2025.05.12	01:03:35.535	0.93610				2
2025.05.12	01:03:44.720	0.93609				2
2025.05.12	01:03:45.028		0.93651			4
2025.05.12	01:03:47.457	0.93608				2
2025.05.12	01:03:48.206	0.93609				2
2025.05.12	01:03:48.757	0.93608				2
2025.05.12	01:03:49.506	0.93609				2
2025.05.12	01:03:55.954	0.93613	0.93655			6
2025.05.12	01:03:56.261	0.93612	0.93656			6
2025.05.12	01:03:56.579	0.93613	0.93657			6
2025.05.12	01:03:57.400		0.93656			4
2025.05.12	01:03:57.770		0.93657			4
2025.05.12	01:03:58.126	0.93614				2
2025.05.12	01:03:59.169	0.93612				2
2025.05.12	01:03:59.474	0.93613				2
2025.05.12	01:03:59.783	0.93612	0.93655			6
2025.05.12	01:04:00.102	0.93614				2
2025.05.12	01:04:00.941	0.93613	0.93657			6
2025.05.12	01:04:01.419	0.93615				2
2025.05.12	01:04:02.037	0.93616	0.93656			6
2025.05.12	01:04:02.354	0.93617				2
2025.05.12	01:04:02.742		0.93660			4
2025.05.12	01:04:03.453	0.93620	0.93656			6
2025.05.12	01:04:03.761	0.93621				2
2025.05.12	01:04:04.065		0.93655			4
2025.05.12	01:04:04.371	0.93622				2
2025.05.12	01:04:04.728		0.93659			4
2025.05.12	01:04:05.438	0.93623				2
2025.05.12	01:04:05.846	0.93624				2
2025.05.12	01:04:06.154	0.93622	0.93655			6
2025.05.12	01:04:06.460	0.93619	0.93656			6
2025.05.12	01:04:06.801	0.93620				2
2025.05.12	01:04:07.358	0.93619	0.93655			6
2025.05.12	01:04:07.660	0.93617	0.93656			6
2025.05.12	01:04:08.095	0.93620	0.93659			6
2025.05.12	01:04:08.399		0.93660			4
2025.05.12	01:04:09.400	0.93615	0.93657			6
2025.05.12	01:04:11.433	0.93616				2
2025.05.12	01:04:11.991	0.93629				2
2025.05.12	01:04:13.727	0.93631	0.93658			6
2025.05.12	01:04:14.077		0.93657			4
2025.05.12	01:04:15.543	0.93629				2
2025.05.12	01:04:17.127	0.93628				2
2025.05.12	01:04:19.126	0.93631				2
2025.05.12	01:04:22.355	0.93629				2
2025.05.12	01:04:23.830	0.93618				2
2025.05.12	01:04:25.127		0.93658			4
2025.05.12	01:04:28.197	0.93622	0.93660			6
2025.05.12	01:04:29.326	0.93621	0.93659			6
2025.05.12	01:04:30.168	0.93623				2
2025.05.12	01:04:30.737	0.93622				2
2025.05.12	01:04:31.165	0.93624	0.93660			6
2025.05.12	01:04:34.147	0.93627				2
2025.05.12	01:04:34.481	0.93626				2
2025.05.12	01:04:35.626	0.93627	0.93659			6
2025.05.12	01:04:35.938	0.93626				2
2025.05.12	01:04:36.408	0.93625				2
2025.05.12	01:04:37.081	0.93628				2
2025.05.12	01:04:37.414	0.93630				2
2025.05.12	01:04:38.352	0.93658	0.93676			6
2025.05.12	01:04:39.460	0.93655				2
2025.05.12	01:04:41.631	0.93654	0.93675			6
2025.05.12	01:04:44.564	0.93649	0.93674			6
2025.05.12	01:04:45.474		0.93675			4
2025.05.12	01:04:45.879	0.93651				2
2025.05.12	01:04:46.520	0.93650				2
2025.05.12	01:04:47.296	0.93652				2
2025.05.12	01:04:48.141	0.93651				2
2025.05.12	01:04:49.412		0.93674			4
2025.05.12	01:04:50.683	0.93650	0.93678			6
2025.05.12	01:04:51.000		0.93673			4
2025.05.12	01:04:53.715	0.93647	0.93670			6
2025.05.12	01:04:56.723		0.93671			4
2025.05.12	01:04:57.404	0.93645				2
2025.05.12	01:04:57.745		0.93670			4
2025.05.12	01:04:59.312	0.93648	0.93674			6
2025.05.12	01:05:00.361	0.93638	0.93671			6
2025.05.12	01:05:01.071	0.93637	0.93676			6
2025.05.12	01:05:01.410	0.93638				2
2025.05.12	01:05:01.863	0.93640	0.93677			6
2025.05.12	01:05:02.966	0.93638	0.93675			6
2025.05.12	01:05:03.467		0.93676			4
2025.05.12	01:05:03.973	0.93633	0.93671			6
2025.05.12	01:05:04.878	0.93629	0.93670			6
2025.05.12	01:05:05.203		0.93667			4
2025.05.12	01:05:06.305		0.93669			4
2025.05.12	01:05:09.227	0.93627				2
2025.05.12	01:05:11.123	0.93622	0.93665			6
2025.05.12	01:05:11.503		0.93666			4
2025.05.12	01:05:13.126		0.93661			4
2025.05.12	01:05:16.083		0.93666			4
2025.05.12	01:05:16.601	0.93634	0.93673			6
2025.05.12	01:05:16.927		0.93686			4
2025.05.12	01:05:17.239	0.93637	0.93688			6
2025.05.12	01:05:17.544		0.93680			4
2025.05.12	01:05:18.653		0.93679			4
2025.05.12	01:05:19.033	0.93629				2
2025.05.12	01:05:19.350	0.93633	0.93677			6
2025.05.12	01:05:19.724		0.93673			4
2025.05.12	01:05:20.805		0.93674			4
2025.05.12	01:05:21.463	0.93636	0.93673			6
2025.05.12	01:05:22.951	0.93644				2
2025.05.12	01:05:23.379	0.93646				2
2025.05.12	01:05:24.964	0.93633				2
2025.05.12	01:05:26.108	0.93631	0.93678			6
2025.05.12	01:05:26.414	0.93630				2
2025.05.12	01:05:28.419	0.93639				2
2025.05.12	01:05:32.644	0.93648	0.93688			6
2025.05.12	01:05:32.961	0.93639	0.93683			6
2025.05.12	01:05:33.264	0.93640	0.93677			6
2025.05.12	01:05:42.626	0.93639				2
2025.05.12	01:05:42.947		0.93676			4
2025.05.12	01:05:43.258	0.93633				2
2025.05.12	01:05:43.580		0.93674			4
2025.05.12	01:05:45.380	0.93639	0.93677			6
2025.05.12	01:05:45.730		0.93676			4
2025.05.12	01:05:46.726	0.93633	0.93672			6
2025.05.12	01:05:49.370		0.93680			4
2025.05.12	01:05:50.425		0.93679			4
2025.05.12	01:05:50.738	0.93635				2
2025.05.12	01:05:53.626	0.93636				2
2025.05.12	01:05:54.609		0.93678			4
2025.05.12	01:05:55.787	0.93643				2
2025.05.12	01:06:00.046	0.93643				2
2025.05.12	01:06:01.591		0.93676			4
2025.05.12	01:06:05.498		0.93672			4
2025.05.12	01:06:07.291	0.93657	0.93682			6
2025.05.12	01:06:08.801		0.93692			4
2025.05.12	01:06:10.153	0.93651	0.93680			6
2025.05.12	01:06:13.037		0.93672			4
2025.05.12	01:06:19.201	0.93650				2
2025.05.12	01:06:22.825	0.93647	0.93668			6
2025.05.12	01:06:28.084	0.93599				2
2025.05.12	01:06:28.913	0.93601				2
2025.05.12	01:06:29.219	0.93600	0.93672			6
2025.05.12	01:06:29.539	0.93599	0.93671			6
2025.05.12	01:06:30.313	0.93600				2
2025.05.12	01:06:31.802	0.93599	0.93669			6
2025.05.12	01:06:32.150	0.93605	0.93676			6
2025.05.12	01:06:32.468	0.93609	0.93672			6
2025.05.12	01:06:34.155		0.93679			4
2025.05.12	01:06:34.459		0.93683			4
2025.05.12	01:06:35.097		0.93681			4
2025.05.12	01:06:35.426		0.93683			4
2025.05.12	01:06:36.578		0.93682			4
2025.05.12	01:06:37.198		0.93681			4
2025.05.12	01:06:37.527		0.93683			4
2025.05.12	01:06:38.506		0.93682			4
2025.05.12	01:06:38.832	0.93607				2
2025.05.12	01:06:39.151	0.93608				2
2025.05.12	01:06:39.460	0.93609				2
2025.05.12	01:06:39.778	0.93607				2
2025.05.12	01:06:40.082	0.93606	0.93681			6
2025.05.12	01:06:40.391	0.93608	0.93682			6
2025.05.12	01:06:40.730	0.93609				2
2025.05.12	01:06:41.346	0.93607				2
2025.05.12	01:06:41.804	0.93606				2
2025.05.12	01:06:43.749	0.93601	0.93680			6
2025.05.12	01:06:44.659	0.93600				2
2025.05.12	01:06:45.004	0.93606				2
2025.05.12	01:06:45.951	0.93605				2
2025.05.12	01:06:47.639	0.93607				2
2025.05.12	01:06:48.241	0.93608				2
2025.05.12	01:06:48.805	0.93607				2
2025.05.12	01:06:49.656	0.93602				2
2025.05.12	01:06:50.757	0.93601				2
2025.05.12	01:06:51.922	0.93607	0.93671			6
2025.05.12	01:06:54.353	0.93654	0.93665			6
2025.05.12	01:06:54.659	0.93650	0.93673			6
2025.05.12	01:06:55.287		0.93666			4
2025.05.12	01:06:58.283	0.93644				2
2025.05.12	01:07:00.436	0.93640				2
2025.05.12	01:07:03.502	0.93639				2
2025.05.12	01:07:09.633	0.93641	0.93664			6
2025.05.12	01:07:09.989	0.93640				2
2025.05.12	01:07:12.525		0.93658			4
2025.05.12	01:07:14.189	0.93638				2
2025.05.12	01:07:15.787	0.93626	0.93649			6
2025.05.12	01:07:30.062	0.93606				2
2025.05.12	01:07:31.831	0.93605				2
2025.05.12	01:07:32.188	0.93606				2
2025.05.12	01:07:33.838	0.93608				2
2025.05.12	01:07:34.142	0.93607				2
2025.05.12	01:07:37.617	0.93597	0.93633			6
2025.05.12	01:07:38.616	0.93598				2
2025.05.12	01:07:39.470	0.93601				2
2025.05.12	01:07:42.878	0.93598	0.93622			6
2025.05.12	01:07:43.199	0.93592	0.93621			6
2025.05.12	01:07:46.042	0.93596				2
2025.05.12	01:07:46.354	0.93599	0.93627			6
2025.05.12	01:07:47.267	0.93600				2
2025.05.12	01:07:47.602	0.93604	0.93628			6
2025.05.12	01:07:48.852	0.93602				2
2025.05.12	01:07:52.350	0.93601				2
2025.05.12	01:07:54.099	0.93598				2
2025.05.12	01:07:55.099	0.93600				2
2025.05.12	01:07:55.503	0.93601				2
2025.05.12	01:07:55.901	0.93602				2
2025.05.12	01:07:56.305	0.93604				2
2025.05.12	01:07:56.700	0.93605				2
2025.05.12	01:07:57.100	0.93608				2
2025.05.12	01:07:57.419		0.93641			4
2025.05.12	01:07:58.693	0.93601	0.93628			6
2025.05.12	01:07:59.548	0.93606	0.93632			6
2025.05.12	01:08:00.416	0.93606				2
2025.05.12	01:08:02.182	0.93604				2
2025.05.12	01:08:02.500	0.93602				2
2025.05.12	01:08:07.023	0.93604				2
2025.05.12	01:08:13.209	0.93583	0.93623			6
2025.05.12	01:08:13.546		0.93622			4
2025.05.12	01:08:18.506		0.93611			4
2025.05.12	01:08:23.318	0.93582	0.93610			6
2025.05.12	01:08:25.457	0.93593	0.93618			6
2025.05.12	01:08:26.049		0.93617			4
2025.05.12	01:08:26.360		0.93619			4
2025.05.12	01:08:27.138	0.93594				2
2025.05.12	01:08:27.743	0.93589	0.93612			6
2025.05.12	01:08:28.075	0.93585				2
2025.05.12	01:08:28.801	0.93589	0.93611			6
2025.05.12	01:08:29.728		0.93610			4
2025.05.12	01:08:30.325		0.93608			4
2025.05.12	01:08:31.004		0.93615			4
2025.05.12	01:08:31.812		0.93611			4
2025.05.12	01:08:32.756		0.93615			4
2025.05.12	01:08:34.268		0.93612			4
2025.05.12	01:08:34.655	0.93585	0.93606			6
2025.05.12	01:08:35.374	0.93578				2
2025.05.12	01:08:35.682	0.93579				2
2025.05.12	01:08:37.327		0.93607			4
2025.05.12	01:08:37.813		0.93616			4
2025.05.12	01:08:38.489	0.93581				2
2025.05.12	01:08:39.173	0.93573	0.93607			6
2025.05.12	01:08:39.601	0.93572	0.93608			6
2025.05.12	01:08:40.726	0.93571				2
2025.05.12	01:08:41.854	0.93580				2
2025.05.12	01:08:43.686	0.93576				2
2025.05.12	01:08:45.718	0.93579	0.93613			6
2025.05.12	01:08:46.063	0.93578				2
2025.05.12	01:08:47.628	0.93574				2
2025.05.12	01:08:50.928	0.93582				2
2025.05.12	01:08:51.459	0.93583				2
2025.05.12	01:08:51.935	0.93585				2
2025.05.12	01:08:52.608	0.93581				2
2025.05.12	01:08:58.126	0.93584				2
2025.05.12	01:09:01.100	0.93584				2
2025.05.12	01:09:01.507	0.93589				2
2025.05.12	01:09:01.822	0.93591	0.93621			6
2025.05.12	01:09:02.144	0.93596				2
2025.05.12	01:09:02.458	0.93603	0.93629			6
2025.05.12	01:09:03.577	0.93601				2
2025.05.12	01:09:04.787	0.93605				2
2025.05.12	01:09:05.528	0.93602				2
2025.05.12	01:09:06.225	0.93606				2
2025.05.12	01:09:09.942	0.93605				2
2025.05.12	01:09:11.546	0.93607				2
2025.05.12	01:09:12.353	0.93603				2
2025.05.12	01:09:12.826	0.93605				2
2025.05.12	01:09:17.769	0.93599				2
2025.05.12	01:09:18.517	0.93605				2
2025.05.12	01:09:20.028	0.93603				2
2025.05.12	01:09:21.929	0.93609	0.93643			6
2025.05.12	01:09:22.657	0.93610				2
2025.05.12	01:09:23.327		0.93642			4
2025.05.12	01:09:24.349	0.93611	0.93643			6
2025.05.12	01:09:25.991	0.93608				2
2025.05.12	01:09:30.529	0.93605	0.93642			6
2025.05.12	01:09:30.896	0.93608	0.93643			6
2025.05.12	01:09:31.587	0.93614				2
2025.05.12	01:09:33.992	0.93617	0.93651			6
2025.05.12	01:09:34.900	0.93619				2
2025.05.12	01:09:39.900	0.93620				2
2025.05.12	01:09:45.735	0.93617				2
2025.05.12	01:09:57.098	0.93620				2
2025.05.12	01:09:59.191	0.93611	0.93649			6
2025.05.12	01:09:59.977	0.93612	0.93650			6
2025.05.12	01:10:00.351	0.93616	0.93651			6
2025.05.12	01:10:02.149		0.93650			4
2025.05.12	01:10:03.152	0.93617				2
2025.05.12	01:10:04.224	0.93619	0.93647			6
2025.05.12	01:10:07.803	0.93616				2
2025.05.12	01:10:14.328		0.93645			4
2025.05.12	01:10:15.190		0.93647			4
2025.05.12	01:10:17.327		0.93645			4
2025.05.12	01:10:19.152	0.93615				2
2025.05.12	01:10:19.479		0.93647			4
2025.05.12	01:10:20.392	0.93635	0.93658			6
2025.05.12	01:10:20.699	0.93638				2
2025.05.12	01:10:21.528	0.93636				2
2025.05.12	01:10:23.368	0.93624				2
2025.05.12	01:10:25.337	0.93626				2
2025.05.12	01:10:30.102	0.93632				2
2025.05.12	01:10:42.138	0.93639				2
2025.05.12	01:11:00.225	0.93639				2
2025.05.12	01:11:01.807	0.93636				2
2025.05.12	01:11:02.112	0.93633				2
2025.05.12	01:11:04.701	0.93632				2
2025.05.12	01:11:05.444	0.93635				2
2025.05.12	01:11:06.177	0.93628				2
2025.05.12	01:11:09.081	0.93626				2
2025.05.12	01:11:16.070	0.93629				2
2025.05.12	01:11:17.146		0.93665			4
2025.05.12	01:11:18.457	0.93628				2
2025.05.12	01:11:20.926	0.93626	0.93659			6
2025.05.12	01:11:21.395	0.93628				2
2025.05.12	01:11:22.425	0.93629				2
2025.05.12	01:11:33.588	0.93631				2
2025.05.12	01:11:35.604	0.93635	0.93666			6
2025.05.12	01:11:35.912	0.93636				2
2025.05.12	01:11:36.216	0.93634	0.93660			6
2025.05.12	01:11:37.865	0.93635				2
2025.05.12	01:11:40.213	0.93642				2
2025.05.12	01:11:42.575	0.93643				2
2025.05.12	01:11:44.948	0.93636				2
2025.05.12	01:11:45.361	0.93638				2
2025.05.12	01:11:45.672	0.93651				2
2025.05.12	01:11:47.235	0.93639				2
2025.05.12	01:11:47.985	0.93642				2
2025.05.12	01:11:48.671		0.93677			4
2025.05.12	01:11:49.792		0.93678			4
2025.05.12	01:11:52.847		0.93677			4
2025.05.12	01:11:55.836		0.93678			4
2025.05.12	01:11:59.119		0.93673			4
2025.05.12	01:11:59.487	0.93646				2
2025.05.12	01:11:59.828	0.93645				2
2025.05.12	01:12:01.125	0.93646				2
2025.05.12	01:12:01.452	0.93647				2
2025.05.12	01:12:02.104	0.93646				2
2025.05.12	01:12:03.413	0.93649				2
2025.05.12	01:12:07.644		0.93679			4
2025.05.12	01:12:14.927	0.93650				2
2025.05.12	01:12:16.661	0.93649				2
2025.05.12	01:12:20.767	0.93650				2
2025.05.12	01:12:28.464	0.93644				2
2025.05.12	01:12:29.388	0.93638	0.93666			6
2025.05.12	01:12:29.698	0.93636				2
2025.05.12	01:12:33.459	0.93637				2
2025.05.12	01:12:34.492	0.93632	0.93662			6
2025.05.12	01:12:39.352	0.93634	0.93663			6
2025.05.12	01:12:41.077	0.93632				2
2025.05.12	01:12:41.647	0.93635				2
2025.05.12	01:12:43.433	0.93637				2
2025.05.12	01:12:44.510	0.93630				2
2025.05.12	01:12:44.892	0.93629				2
2025.05.12	01:12:45.538	0.93626	0.93661			6
2025.05.12	01:12:45.853	0.93627	0.93662			6
2025.05.12	01:12:48.996	0.93629	0.93663			6
2025.05.12	01:12:59.519	0.93627				2
2025.05.12	01:13:01.110	0.93626				2
2025.05.12	01:13:02.346	0.93627				2
2025.05.12	01:13:02.658	0.93631				2
2025.05.12	01:13:03.754	0.93632				2
2025.05.12	01:13:04.082		0.93665			4
2025.05.12	01:13:04.396		0.93655			4
2025.05.12	01:13:04.711	0.93633	0.93665			6
2025.05.12	01:13:05.119	0.93631				2
2025.05.12	01:13:08.026	0.93636				2
2025.05.12	01:13:08.354	0.93638				2
2025.05.12	01:13:08.773	0.93637				2
2025.05.12	01:13:09.154	0.93638				2
2025.05.12	01:13:15.375	0.93634				2
2025.05.12	01:13:16.425	0.93638				2
2025.05.12	01:13:17.851	0.93628				2
2025.05.12	01:13:18.347	0.93627				2
2025.05.12	01:13:19.425	0.93628				2
2025.05.12	01:13:22.201	0.93629				2
2025.05.12	01:13:25.287	0.93628				2
2025.05.12	01:13:29.036	0.93632	0.93668			6
2025.05.12	01:13:29.342	0.93633				2
2025.05.12	01:13:30.321	0.93645	0.93671			6
2025.05.12	01:13:30.636	0.93635				2
2025.05.12	01:13:32.733	0.93634				2
2025.05.12	01:13:33.951	0.93635	0.93672			6
2025.05.12	01:13:34.369	0.93634	0.93671			6
2025.05.12	01:13:36.214	0.93645	0.93678			6
2025.05.12	01:13:38.027		0.93679			4
2025.05.12	01:13:39.825		0.93678			4
2025.05.12	01:13:41.282	0.93648	0.93688			6
2025.05.12	01:13:41.942	0.93657	0.93684			6
2025.05.12	01:13:42.264	0.93649	0.93683			6
2025.05.12	01:13:44.009	0.93646	0.93679			6
2025.05.12	01:13:44.830	0.93649	0.93682			6
2025.05.12	01:13:45.163		0.93681			4
2025.05.12	01:13:46.945	0.93646	0.93680			6
2025.05.12	01:13:47.600	0.93644	0.93672			6
2025.05.12	01:13:47.933		0.93679			4
2025.05.12	01:13:55.427		0.93678			4
2025.05.12	01:13:56.929		0.93679			4
2025.05.12	01:14:01.125	0.93643	0.93677			6
2025.05.12	01:14:02.290	0.93644				2
2025.05.12	01:14:02.610	0.93646				2
2025.05.12	01:14:03.123	0.93640	0.93674			6
2025.05.12	01:14:04.424	0.93642	0.93675			6
2025.05.12	01:14:05.177	0.93640	0.93674			6
2025.05.12	01:14:05.482		0.93675			4
2025.05.12	01:14:07.465		0.93676			4
2025.05.12	01:14:08.042		0.93674			4
2025.05.12	01:14:08.546	0.93638				2
2025.05.12	01:14:09.613	0.93640				2
2025.05.12	01:14:10.426	0.93641	0.93673			6
2025.05.12	01:14:10.928	0.93629	0.93659			6
2025.05.12	01:14:11.545		0.93651			4
2025.05.12	01:14:11.848		0.93661			4
2025.05.12	01:14:14.317	0.93632				2
2025.05.12	01:14:29.365	0.93634	0.93664			6
2025.05.12	01:14:31.836	0.93636				2
2025.05.12	01:14:32.139	0.93631	0.93663			6
2025.05.12	01:14:34.361	0.93632	0.93661			6
2025.05.12	01:14:34.687	0.93631				2
2025.05.12	01:14:35.453	0.93633	0.93667			6
2025.05.12	01:14:35.788	0.93631	0.93666			6
2025.05.12	01:14:36.345		0.93665			4
2025.05.12	01:14:36.699	0.93633	0.93664			6
2025.05.12	01:14:37.077	0.93637	0.93665			6
2025.05.12	01:14:37.617	0.93638	0.93668			6
2025.05.12	01:14:38.484	0.93636	0.93667			6
2025.05.12	01:14:41.730	0.93634	0.93663			6
2025.05.12	01:14:42.779		0.93666			4
2025.05.12	01:14:49.745	0.93632	0.93662			6
2025.05.12	01:14:55.639	0.93629				2
2025.05.12	01:14:58.511	0.93632	0.93666			6
2025.05.12	01:14:58.971	0.93633				2
2025.05.12	01:15:00.226	0.93633				2
2025.05.12	01:15:01.725		0.93663			4
2025.05.12	01:15:02.037	0.93632	0.93662			6
2025.05.12	01:15:03.050	0.93631				2
2025.05.12	01:15:07.613		0.93661			4
2025.05.12	01:15:09.698		0.93666			4
2025.05.12	01:15:10.018		0.93663			4
2025.05.12	01:15:11.937	0.93633	0.93668			6
2025.05.12	01:15:15.020	0.93630	0.93665			6
2025.05.12	01:15:15.907	0.93632	0.93666			6
2025.05.12	01:15:16.940		0.93665			4
2025.05.12	01:15:20.498		0.93664			4
2025.05.12	01:15:20.802	0.93631	0.93663			6
2025.05.12	01:15:21.524	0.93630				2
2025.05.12	01:15:22.838	0.93636	0.93671			6
2025.05.12	01:15:23.520		0.93667			4
2025.05.12	01:15:24.312	0.93633				2
2025.05.12	01:15:25.251	0.93635				2
2025.05.12	01:15:25.612	0.93636	0.93670			6
2025.05.12	01:15:26.612	0.93640	0.93672			6
2025.05.12	01:15:26.918	0.93639	0.93673			6
2025.05.12	01:15:27.303	0.93640				2
2025.05.12	01:15:27.631	0.93646				2
2025.05.12	01:15:27.957	0.93640				2
2025.05.12	01:15:33.191		0.93670			4
2025.05.12	01:15:35.044		0.93672			4
2025.05.12	01:15:42.378		0.93670			4
2025.05.12	01:15:43.313	0.93641	0.93674			6
2025.05.12	01:15:44.889	0.93639	0.93673			6
2025.05.12	01:15:45.206	0.93646	0.93667			6
2025.05.12	01:15:45.520	0.93635	0.93668			6
2025.05.12	01:15:48.525		0.93667			4
2025.05.12	01:15:51.183		0.93663			4
2025.05.12	01:15:51.503		0.93666			4
2025.05.12	01:15:53.215		0.93665			4
2025.05.12	01:15:53.548		0.93664			4
2025.05.12	01:15:58.439		0.93666			4
2025.05.12	01:15:58.748		0.93665			4
2025.05.12	01:16:00.358	0.93635				2
2025.05.12	01:16:00.916	0.93631	0.93663			6
2025.05.12	01:16:01.227	0.93628	0.93662			6
2025.05.12	01:16:01.911	0.93631	0.93665			6
2025.05.12	01:16:02.220	0.93630	0.93660			6
2025.05.12	01:16:02.522	0.93631				2
2025.05.12	01:16:05.825	0.93633	0.93669			6
2025.05.12	01:16:06.453	0.93647	0.93672			6
2025.05.12	01:16:06.762	0.93637	0.93670			6
2025.05.12	01:16:07.611	0.93639	0.93673			6
2025.05.12	01:16:09.682	0.93640				2
2025.05.12	01:16:14.345		0.93672			4
2025.05.12	01:16:16.348	0.93639				2
2025.05.12	01:16:19.725		0.93671			4
2025.05.12	01:16:23.802	0.93638				2
2025.05.12	01:16:28.833		0.93670			4
2025.05.12	01:16:29.869	0.93639				2
2025.05.12	01:16:30.897		0.93671			4
2025.05.12	01:16:31.933	0.93638	0.93670			6
2025.05.12	01:16:36.216	0.93640	0.93671			6
2025.05.12	01:16:37.316	0.93638				2
2025.05.12	01:16:38.788		0.93670			4
2025.05.12	01:16:41.470	0.93634	0.93667			6
2025.05.12	01:16:46.836	0.93635				2
2025.05.12	01:16:52.149	0.93634	0.93666			6
2025.05.12	01:16:53.296	0.93635				2
2025.05.12	01:16:53.618		0.93667			4
2025.05.12	01:16:53.920		0.93668			4
2025.05.12	01:16:54.280	0.93634				2
2025.05.12	01:16:54.930		0.93667			4
2025.05.12	01:16:55.512		0.93668			4
2025.05.12	01:16:56.025	0.93635				2
2025.05.12	01:16:56.533		0.93667			4
2025.05.12	01:16:57.811	0.93636	0.93666			6
2025.05.12	01:16:58.113	0.93635				2
2025.05.12	01:17:01.063	0.93636				2
2025.05.12	01:17:02.179	0.93637				2
2025.05.12	01:17:02.530	0.93636				2
2025.05.12	01:17:03.684	0.93635				2
2025.05.12	01:17:06.196		0.93665			4
2025.05.12	01:17:06.522	0.93636				2
2025.05.12	01:17:07.005		0.93667			4
2025.05.12	01:17:07.992	0.93635	0.93665			6
2025.05.12	01:17:08.302	0.93634				2
2025.05.12	01:17:08.878	0.93635				2
2025.05.12	01:17:11.701	0.93636				2
2025.05.12	01:17:12.040		0.93666			4
2025.05.12	01:17:12.707	0.93638	0.93669			6
2025.05.12	01:17:13.124	0.93637	0.93670			6
2025.05.12	01:17:13.540	0.93635				2
2025.05.12	01:17:13.944	0.93634	0.93667			6
2025.05.12	01:17:14.393	0.93633				2
2025.05.12	01:17:18.426	0.93634				2
2025.05.12	01:17:22.736	0.93635	0.93666			6
2025.05.12	01:17:23.061	0.93636	0.93668			6
2025.05.12	01:17:24.736		0.93667			4
2025.05.12	01:17:29.534	0.93638	0.93668			6
2025.05.12	01:17:30.084	0.93637	0.93667			6
2025.05.12	01:17:31.073	0.93638				2
2025.05.12	01:17:35.155		0.93668			4
2025.05.12	01:17:35.814		0.93669			4
2025.05.12	01:17:36.118		0.93667			4
2025.05.12	01:17:36.821	0.93636	0.93664			6
2025.05.12	01:17:37.196	0.93637				2
2025.05.12	01:17:37.698	0.93640	0.93669			6
2025.05.12	01:17:38.224	0.93644	0.93667			6
2025.05.12	01:17:38.857	0.93649	0.93669			6
2025.05.12	01:17:39.157	0.93646	0.93670			6
2025.05.12	01:17:41.068	0.93643	0.93667			6
2025.05.12	01:17:41.377		0.93669			4
2025.05.12	01:17:46.002		0.93668			4
2025.05.12	01:17:47.454		0.93669			4
2025.05.12	01:17:47.766	0.93638	0.93670			6
2025.05.12	01:17:48.083	0.93639	0.93671			6
2025.05.12	01:17:48.403	0.93641				2
2025.05.12	01:17:49.031		0.93662			4
2025.05.12	01:17:49.338		0.93667			4
2025.05.12	01:17:52.934	0.93644	0.93675			6
2025.05.12	01:17:58.514	0.93646				2
2025.05.12	01:18:00.841	0.93646				2
2025.05.12	01:18:02.123	0.93645				2
2025.05.12	01:18:03.646	0.93649				2
2025.05.12	01:18:11.022	0.93646	0.93670			6
2025.05.12	01:18:14.112	0.93643	0.93669			6
2025.05.12	01:18:15.515	0.93639				2
2025.05.12	01:18:18.403		0.93668			4
2025.05.12	01:18:19.498	0.93641				2
2025.05.12	01:18:21.067		0.93667			4
2025.05.12	01:18:21.800		0.93665			4
2025.05.12	01:18:22.509	0.93639	0.93664			6
2025.05.12	01:18:23.860	0.93638	0.93665			6
2025.05.12	01:18:24.392		0.93661			4
2025.05.12	01:18:24.701	0.93640	0.93663			6
2025.05.12	01:18:25.053	0.93641	0.93662			6
2025.05.12	01:18:29.353		0.93663			4
2025.05.12	01:18:30.059	0.93643				2
2025.05.12	01:18:34.636		0.93665			4
2025.05.12	01:18:35.309	0.93642	0.93664			6
2025.05.12	01:18:35.631	0.93643				2
2025.05.12	01:18:39.272		0.93666			4
2025.05.12	01:18:40.241	0.93646				2
2025.05.12	01:18:40.554	0.93649	0.93667			6
2025.05.12	01:18:47.942		0.93668			4
2025.05.12	01:18:48.411		0.93666			4
2025.05.12	01:18:50.305	0.93652	0.93668			6
2025.05.12	01:18:50.620	0.93651				2
2025.05.12	01:18:51.305	0.93654	0.93673			6
2025.05.12	01:18:51.607		0.93670			4
2025.05.12	01:18:51.918	0.93651	0.93671			6
2025.05.12	01:18:53.234	0.93650	0.93672			6
2025.05.12	01:18:54.363	0.93651				2
2025.05.12	01:18:54.692	0.93653				2
2025.05.12	01:18:55.329	0.93652	0.93671			6
2025.05.12	01:18:55.652	0.93651	0.93672			6
2025.05.12	01:18:55.971	0.93650				2
2025.05.12	01:18:56.487	0.93655	0.93673			6
2025.05.12	01:18:56.791	0.93652	0.93671			6
2025.05.12	01:18:57.126	0.93653	0.93672			6
2025.05.12	01:18:57.948	0.93651				2
2025.05.12	01:18:58.259	0.93646	0.93670			6
2025.05.12	01:18:58.603	0.93651	0.93671			6
2025.05.12	01:18:59.661	0.93649				2
2025.05.12	01:18:59.968	0.93651				2
2025.05.12	01:19:00.277	0.93649	0.93670			6
2025.05.12	01:19:00.856	0.93651				2
2025.05.12	01:19:01.470	0.93652				2
2025.05.12	01:19:02.329	0.93649				2
2025.05.12	01:19:02.673	0.93652				2
2025.05.12	01:19:05.636	0.93646				2
2025.05.12	01:19:07.042	0.93654	0.93666			6
2025.05.12	01:19:07.352	0.93649	0.93669			6
2025.05.12	01:19:07.719	0.93647				2
2025.05.12	01:19:13.712		0.93667			4
2025.05.12	01:19:17.853	0.93646				2
2025.05.12	01:19:22.972	0.93647	0.93668			6
2025.05.12	01:19:23.936	0.93653	0.93673			6
2025.05.12	01:19:24.238	0.93647	0.93669			6
2025.05.12	01:19:24.557	0.93649	0.93670			6
2025.05.12	01:19:25.424		0.93674			4
2025.05.12	01:19:26.503		0.93672			4
2025.05.12	01:19:27.930		0.93673			4
2025.05.12	01:19:28.313	0.93652	0.93674			6
2025.05.12	01:19:29.346	0.93651				2
2025.05.12	01:19:30.376		0.93672			4
2025.05.12	01:19:32.365		0.93673			4
2025.05.12	01:19:33.442	0.93652				2
2025.05.12	01:19:45.911	0.93653	0.93672			6
2025.05.12	01:19:52.273	0.93652	0.93674			6
2025.05.12	01:19:54.105		0.93673			4
2025.05.12	01:19:57.354		0.93674			4
2025.05.12	01:19:57.750		0.93675			4
2025.05.12	01:19:59.771	0.93649	0.93672			6
2025.05.12	01:20:00.081	0.93650	0.93673			6
2025.05.12	01:20:00.711	0.93652	0.93672			6
2025.05.12	01:20:01.891	0.93650				2
2025.05.12	01:20:03.802		0.93671			4
2025.05.12	01:20:05.440		0.93669			4
2025.05.12	01:20:06.784	0.93641	0.93663			6
2025.05.12	01:20:07.303		0.93664			4
2025.05.12	01:20:12.037	0.93644				2
2025.05.12	01:20:20.516	0.93643				2
2025.05.12	01:20:23.298	0.93641	0.93667			6
2025.05.12	01:20:24.009	0.93646				2
2025.05.12	01:20:24.450	0.93641				2
2025.05.12	01:20:25.071	0.93645				2
2025.05.12	01:20:25.600	0.93646				2
2025.05.12	01:20:30.123	0.93642	0.93666			6
2025.05.12	01:20:30.440	0.93644				2
2025.05.12	01:20:30.828	0.93647	0.93667			6
2025.05.12	01:20:31.133	0.93645	0.93666			6
2025.05.12	01:20:31.483	0.93647				2
2025.05.12	01:20:31.815	0.93646	0.93667			6
2025.05.12	01:20:41.310	0.93643	0.93664			6
2025.05.12	01:20:41.619	0.93640	0.93663			6
2025.05.12	01:20:42.226		0.93662			4
2025.05.12	01:20:43.818	0.93639	0.93661			6
2025.05.12	01:20:44.797	0.93641	0.93664			6
2025.05.12	01:20:48.350		0.93663			4
2025.05.12	01:20:49.257		0.93665			4
2025.05.12	01:20:50.415		0.93664			4
2025.05.12	01:20:51.174	0.93640				2
2025.05.12	01:20:52.352		0.93663			4
2025.05.12	01:20:53.685	0.93638	0.93661			6
2025.05.12	01:20:55.099	0.93642	0.93663			6
2025.05.12	01:20:55.789		0.93666			4
2025.05.12	01:20:57.101		0.93667			4
2025.05.12	01:20:57.517		0.93666			4
2025.05.12	01:20:58.480	0.93639	0.93662			6
2025.05.12	01:20:58.812	0.93640				2
2025.05.12	01:20:59.310	0.93643				2
2025.05.12	01:20:59.619		0.93665			4
2025.05.12	01:21:00.524	0.93643				2
2025.05.12	01:21:02.206	0.93641	0.93664			6
2025.05.12	01:21:02.568	0.93640				2
2025.05.12	01:21:02.893	0.93642	0.93666			6
2025.05.12	01:21:03.200		0.93665			4
2025.05.12	01:21:04.330	0.93643	0.93666			6
2025.05.12	01:21:04.642	0.93642				2
2025.05.12	01:21:04.959	0.93643				2
2025.05.12	01:21:05.917	0.93646				2
2025.05.12	01:21:06.697		0.93667			4
2025.05.12	01:21:07.338	0.93643	0.93665			6
2025.05.12	01:21:07.759	0.93646	0.93667			6
2025.05.12	01:21:08.077	0.93642	0.93665			6
2025.05.12	01:21:08.379	0.93644	0.93664			6
2025.05.12	01:21:08.683		0.93666			4
2025.05.12	01:21:09.451	0.93645				2
2025.05.12	01:21:09.996	0.93644	0.93665			6
2025.05.12	01:21:11.388	0.93642	0.93663			6
2025.05.12	01:21:11.902		0.93664			4
2025.05.12	01:21:12.621		0.93663			4
2025.05.12	01:21:13.725	0.93646	0.93666			6
2025.05.12	01:21:14.039	0.93644	0.93667			6
2025.05.12	01:21:15.191		0.93666			4
2025.05.12	01:21:19.762	0.93646				2
2025.05.12	01:21:25.639		0.93667			4
2025.05.12	01:21:34.088		0.93666			4
2025.05.12	01:21:37.784	0.93644	0.93664			6
2025.05.12	01:21:38.639	0.93647				2
2025.05.12	01:21:41.327	0.93645	0.93663			6
2025.05.12	01:21:43.272	0.93646	0.93667			6
2025.05.12	01:21:43.644		0.93666			4
2025.05.12	01:21:46.462		0.93667			4
2025.05.12	01:21:48.713		0.93669			4
2025.05.12	01:21:50.636		0.93668			4
2025.05.12	01:21:52.576	0.93641	0.93667			6
2025.05.12	01:21:52.893	0.93644				2
2025.05.12	01:21:58.914	0.93646				2
2025.05.12	01:21:59.295	0.93638	0.93666			6
2025.05.12	01:22:00.225	0.93638				2
2025.05.12	01:22:01.329	0.93642	0.93665			6
2025.05.12	01:22:04.525	0.93639	0.93664			6
2025.05.12	01:22:05.391		0.93665			4
2025.05.12	01:22:06.406	0.93642				2
2025.05.12	01:22:09.554	0.93638	0.93662			6
2025.05.12	01:22:10.100	0.93639	0.93663			6
2025.05.12	01:22:11.618	0.93640				2
2025.05.12	01:22:12.094	0.93642				2
2025.05.12	01:22:14.760	0.93639	0.93662			6
2025.05.12	01:22:15.118		0.93664			4
2025.05.12	01:22:15.432		0.93662			4
2025.05.12	01:22:15.747	0.93637	0.93660			6
2025.05.12	01:22:16.381	0.93633	0.93656			6
2025.05.12	01:22:17.426	0.93632				2
2025.05.12	01:22:17.785	0.93631				2
2025.05.12	01:22:18.428	0.93632				2
2025.05.12	01:22:22.669		0.93655			4
2025.05.12	01:22:23.636		0.93654			4
2025.05.12	01:22:38.952	0.93633				2
2025.05.12	01:22:39.671		0.93655			4
2025.05.12	01:22:42.877		0.93654			4
2025.05.12	01:22:43.890		0.93655			4
2025.05.12	01:22:46.426		0.93654			4
2025.05.12	01:22:46.800	0.93634				2
2025.05.12	01:22:49.962	0.93633	0.93652			6
2025.05.12	01:22:51.871	0.93632	0.93653			6
2025.05.12	01:22:52.505	0.93630	0.93645			6
2025.05.12	01:22:52.819	0.93632	0.93651			6
2025.05.12	01:22:53.154		0.93655			4
2025.05.12	01:22:53.475		0.93654			4
2025.05.12	01:22:54.179		0.93648			4
2025.05.12	01:22:54.530	0.93633	0.93651			6
2025.05.12	01:22:55.875	0.93634	0.93656			6
2025.05.12	01:22:56.179	0.93639	0.93661			6
2025.05.12	01:22:56.549	0.93636	0.93659			6
2025.05.12	01:22:57.630	0.93634				2
2025.05.12	01:22:59.345	0.93636				2
2025.05.12	01:23:00.258	0.93638	0.93660			6
2025.05.12	01:23:00.571		0.93659			4
2025.05.12	01:23:01.638		0.93660			4
2025.05.12	01:23:02.124		0.93659			4
2025.05.12	01:23:02.428	0.93636	0.93658			6
2025.05.12	01:23:03.589		0.93659			4
2025.05.12	01:23:04.041	0.93637	0.93660			6
2025.05.12	01:23:04.838	0.93640	0.93662			6
2025.05.12	01:23:05.170	0.93636	0.93658			6
2025.05.12	01:23:06.191	0.93637				2
2025.05.12	01:23:09.209	0.93634	0.93657			6
2025.05.12	01:23:09.582		0.93656			4
2025.05.12	01:23:09.956	0.93629	0.93657			6
2025.05.12	01:23:10.310	0.93630				2
2025.05.12	01:23:10.913	0.93634	0.93658			6
2025.05.12	01:23:12.382		0.93657			4
2025.05.12	01:23:13.016	0.93632	0.93655			6
2025.05.12	01:23:14.091	0.93633				2
2025.05.12	01:23:14.444	0.93631				2
2025.05.12	01:23:14.762	0.93632				2
2025.05.12	01:23:15.616	0.93631				2
2025.05.12	01:23:16.345	0.93634				2
2025.05.12	01:23:18.344	0.93633	0.93657			6
2025.05.12	01:23:19.399		0.93656			4
2025.05.12	01:23:19.731		0.93657			4
2025.05.12	01:23:20.352		0.93656			4
2025.05.12	01:23:20.737	0.93635				2
2025.05.12	01:23:21.472	0.93633				2
2025.05.12	01:23:21.901	0.93634	0.93657			6
2025.05.12	01:23:23.028	0.93636	0.93658			6
2025.05.12	01:23:23.413	0.93634				2
2025.05.12	01:23:27.479	0.93632	0.93656			6
2025.05.12	01:23:27.835		0.93657			4
2025.05.12	01:23:28.141	0.93631	0.93656			6
2025.05.12	01:23:28.492	0.93628	0.93655			6
2025.05.12	01:23:31.352	0.93632	0.93656			6
2025.05.12	01:23:32.610	0.93633				2
2025.05.12	01:23:37.974	0.93628				2
2025.05.12	01:23:38.999	0.93633				2
2025.05.12	01:23:41.045	0.93634	0.93657			6
2025.05.12	01:23:44.025	0.93629	0.93654			6
2025.05.12	01:23:45.203	0.93631				2
2025.05.12	01:23:45.637	0.93629				2
2025.05.12	01:23:46.210	0.93628				2
2025.05.12	01:23:48.250	0.93629				2
2025.05.12	01:23:48.559	0.93631	0.93656			6
2025.05.12	01:23:48.885	0.93632	0.93657			6
2025.05.12	01:23:49.191	0.93631				2
2025.05.12	01:23:53.643	0.93629	0.93656			6
2025.05.12	01:23:54.154		0.93654			4
2025.05.12	01:23:54.524	0.93631				2
2025.05.12	01:23:56.225	0.93629				2
2025.05.12	01:24:00.352	0.93631				2
2025.05.12	01:24:01.468	0.93629				2
2025.05.12	01:24:03.318	0.93630				2
2025.05.12	01:24:04.461	0.93628				2
2025.05.12	01:24:05.360	0.93629	0.93652			6
2025.05.12	01:24:05.662	0.93628				2
2025.05.12	01:24:06.346	0.93629				2
2025.05.12	01:24:08.145	0.93627				2
2025.05.12	01:24:08.889	0.93626	0.93651			6
2025.05.12	01:24:11.317	0.93628	0.93653			6
2025.05.12	01:24:11.638	0.93627	0.93652			6
2025.05.12	01:24:15.900	0.93630				2
2025.05.12	01:24:17.155	0.93628				2
2025.05.12	01:24:17.582	0.93630				2
2025.05.12	01:24:17.900	0.93634	0.93655			6
2025.05.12	01:24:18.202	0.93635	0.93654			6
2025.05.12	01:24:22.629	0.93634				2
2025.05.12	01:24:23.137	0.93629	0.93653			6
2025.05.12	01:24:23.540	0.93630	0.93652			6
2025.05.12	01:24:25.366	0.93631				2
2025.05.12	01:24:27.982	0.93635	0.93653			6
2025.05.12	01:24:28.851	0.93634	0.93654			6
2025.05.12	01:24:29.164	0.93637				2
2025.05.12	01:24:29.518		0.93655			4
2025.05.12	01:24:30.091		0.93654			4
2025.05.12	01:24:31.177	0.93636	0.93653			6
2025.05.12	01:24:32.270	0.93635	0.93654			6
2025.05.12	01:24:33.499		0.93653			4
2025.05.12	01:24:33.835		0.93654			4
2025.05.12	01:24:34.535	0.93637	0.93655			6
2025.05.12	01:24:35.664	0.93635	0.93653			6
2025.05.12	01:24:37.019	0.93633	0.93652			6
2025.05.12	01:24:38.221		0.93653			4
2025.05.12	01:24:39.218		0.93651			4
2025.05.12	01:24:40.049	0.93629				2
2025.05.12	01:24:40.377		0.93652			4
2025.05.12	01:24:40.725	0.93635				2
2025.05.12	01:24:41.823	0.93634				2
2025.05.12	01:24:42.570	0.93635	0.93655			6
2025.05.12	01:24:44.375	0.93637	0.93656			6
2025.05.12	01:24:46.236	0.93630	0.93655			6
2025.05.12	01:24:47.082	0.93636				2
2025.05.12	01:24:48.576	0.93637				2
2025.05.12	01:24:52.679	0.93636				2
2025.05.12	01:24:57.560	0.93635	0.93654			6
2025.05.12	01:24:58.424		0.93653			4
2025.05.12	01:25:00.371	0.93635				2
2025.05.12	01:25:01.140	0.93634	0.93650			6
2025.05.12	01:25:01.484	0.93632	0.93653			6
2025.05.12	01:25:01.825	0.93636				2
2025.05.12	01:25:02.198		0.93654			4
2025.05.12	01:25:02.500	0.93635				2
2025.05.12	01:25:03.354	0.93642	0.93660			6
2025.05.12	01:25:04.126		0.93659			4
2025.05.12	01:25:04.446	0.93640				2
2025.05.12	01:25:06.086	0.93641				2
2025.05.12	01:25:06.391	0.93640	0.93660			6
2025.05.12	01:25:06.770		0.93659			4
2025.05.12	01:25:07.447	0.93639	0.93658			6
2025.05.12	01:25:08.493	0.93640	0.93660			6
2025.05.12	01:25:08.802	0.93641	0.93659			6
2025.05.12	01:25:09.134	0.93638	0.93658			6
2025.05.12	01:25:09.848	0.93641	0.93659			6
2025.05.12	01:25:10.206	0.93638	0.93658			6
2025.05.12	01:25:11.272	0.93642	0.93660			6
2025.05.12	01:25:11.592	0.93637	0.93658			6
2025.05.12	01:25:12.343	0.93640	0.93659			6
2025.05.12	01:25:12.659		0.93660			4
2025.05.12	01:25:13.682	0.93633	0.93659			6
2025.05.12	01:25:14.430	0.93640				2
2025.05.12	01:25:15.525	0.93641	0.93660			6
2025.05.12	01:25:15.923	0.93642				2
2025.05.12	01:25:16.226	0.93635	0.93657			6
2025.05.12	01:25:16.581	0.93639	0.93658			6
2025.05.12	01:25:16.906	0.93640				2
2025.05.12	01:25:20.130	0.93635	0.93657			6
2025.05.12	01:25:21.331	0.93632	0.93651			6
2025.05.12	01:25:22.653	0.93638	0.93659			6
2025.05.12	01:25:24.825		0.93658			4
2025.05.12	01:25:30.743		0.93657			4
2025.05.12	01:25:31.125		0.93658			4
2025.05.12	01:25:32.022	0.93639				2
2025.05.12	01:25:35.505	0.93638				2
2025.05.12	01:25:38.286		0.93657			4
2025.05.12	01:25:38.596		0.93658			4
2025.05.12	01:25:44.182		0.93657			4
2025.05.12	01:25:46.346	0.93640	0.93658			6
2025.05.12	01:25:47.656	0.93638	0.93656			6
2025.05.12	01:25:47.963		0.93657			4
2025.05.12	01:25:48.282		0.93658			4
2025.05.12	01:25:48.616	0.93640				2
2025.05.12	01:25:49.566	0.93637				2
2025.05.12	01:25:49.946	0.93639				2
2025.05.12	01:25:50.396	0.93640				2
2025.05.12	01:25:51.519	0.93638				2
2025.05.12	01:25:52.391	0.93639				2
2025.05.12	01:25:53.362	0.93640	0.93657			6
2025.05.12	01:25:53.672	0.93639	0.93658			6
2025.05.12	01:25:55.037	0.93638	0.93656			6
2025.05.12	01:25:55.964		0.93657			4
2025.05.12	01:25:59.170		0.93656			4
2025.05.12	01:26:00.211	0.93638				2
2025.05.12	01:26:00.745		0.93657			4
2025.05.12	01:26:02.016	0.93636	0.93654			6
2025.05.12	01:26:02.912		0.93655			4
2025.05.12	01:26:03.699	0.93635				2
2025.05.12	01:26:04.346		0.93654			4
2025.05.12	01:26:04.656		0.93653			4
2025.05.12	01:26:05.011	0.93636	0.93654			6
2025.05.12	01:26:05.378		0.93655			4
2025.05.12	01:26:07.201		0.93654			4
2025.05.12	01:26:07.663		0.93655			4
2025.05.12	01:26:09.379		0.93654			4
2025.05.12	01:26:11.856	0.93635				2
2025.05.12	01:26:16.988		0.93655			4
2025.05.12	01:26:17.832	0.93639	0.93657			6
2025.05.12	01:26:28.834	0.93638	0.93656			6
2025.05.12	01:26:29.262	0.93642				2
2025.05.12	01:26:29.702	0.93643				2
2025.05.12	01:26:30.104	0.93641	0.93659			6
2025.05.12	01:26:32.792	0.93642				2
2025.05.12	01:26:33.873		0.93658			4
2025.05.12	01:26:39.901	0.93643	0.93659			6
2025.05.12	01:26:40.223		0.93661			4
2025.05.12	01:26:41.736	0.93642				2
2025.05.12	01:26:43.798	0.93643				2
2025.05.12	01:26:44.803	0.93644	0.93662			6
2025.05.12	01:26:46.079	0.93643				2
2025.05.12	01:26:48.344	0.93644				2
2025.05.12	01:26:49.087		0.93661			4
2025.05.12	01:26:49.425	0.93643				2
2025.05.12	01:26:51.916		0.93659			4
2025.05.12	01:26:52.255	0.93644	0.93660			6
2025.05.12	01:26:52.795	0.93640	0.93658			6
2025.05.12	01:26:53.349	0.93642	0.93657			6
2025.05.12	01:26:55.553	0.93640				2
2025.05.12	01:26:56.326	0.93641	0.93658			6
2025.05.12	01:27:00.125	0.93639				2
2025.05.12	01:27:01.882	0.93640	0.93655			6
2025.05.12	01:27:02.195	0.93641	0.93657			6
2025.05.12	01:27:02.708	0.93639	0.93658			6
2025.05.12	01:27:03.141	0.93640				2
2025.05.12	01:27:04.122	0.93641				2
2025.05.12	01:27:04.602	0.93642	0.93659			6
2025.05.12	01:27:05.512	0.93641	0.93658			6
2025.05.12	01:27:06.664	0.93640				2
2025.05.12	01:27:07.376	0.93641	0.93657			6
2025.05.12	01:27:08.154	0.93640				2
2025.05.12	01:27:09.289		0.93656			4
2025.05.12	01:27:09.977	0.93638				2
2025.05.12	01:27:10.759	0.93634	0.93653			6
2025.05.12	01:27:11.060	0.93636				2
2025.05.12	01:27:12.200		0.93656			4
2025.05.12	01:27:12.834		0.93652			4
2025.05.12	01:27:13.169		0.93648			4
2025.05.12	01:27:13.478	0.93633	0.93650			6
2025.05.12	01:27:15.828		0.93651			4
2025.05.12	01:27:17.924		0.93650			4
2025.05.12	01:27:19.119	0.93632	0.93651			6
2025.05.12	01:27:20.163		0.93650			4
2025.05.12	01:27:22.198		0.93651			4
2025.05.12	01:27:23.619	0.93633				2
2025.05.12	01:27:27.550	0.93635				2
2025.05.12	01:27:29.624	0.93637	0.93652			6
2025.05.12	01:27:33.041	0.93635	0.93653			6
2025.05.12	01:27:34.210	0.93637				2
2025.05.12	01:27:35.651	0.93636				2
2025.05.12	01:27:38.982		0.93654			4
2025.05.12	01:27:40.193	0.93637	0.93653			6
2025.05.12	01:27:41.244	0.93636				2
2025.05.12	01:27:41.556		0.93654			4
2025.05.12	01:27:41.917	0.93637				2
2025.05.12	01:27:42.375	0.93636				2
2025.05.12	01:27:43.257	0.93637	0.93653			6
2025.05.12	01:27:49.070	0.93635	0.93651			6
2025.05.12	01:27:49.632	0.93634				2
2025.05.12	01:28:00.664	0.93635				2
2025.05.12	01:28:10.777		0.93653			4
2025.05.12	01:28:17.613	0.93637	0.93657			6
2025.05.12	01:28:18.941	0.93640	0.93658			6
2025.05.12	01:28:19.406	0.93639	0.93657			6
2025.05.12	01:28:20.098	0.93641	0.93660			6
2025.05.12	01:28:21.312	0.93643	0.93659			6
2025.05.12	01:28:22.205		0.93660			4
2025.05.12	01:28:23.670	0.93644				2
2025.05.12	01:28:24.724		0.93661			4
2025.05.12	01:28:25.108	0.93639	0.93657			6
2025.05.12	01:28:25.430	0.93641	0.93659			6
2025.05.12	01:28:26.225	0.93640	0.93657			6
2025.05.12	01:28:27.212	0.93634				2
2025.05.12	01:28:27.961	0.93638				2
2025.05.12	01:28:30.226	0.93635	0.93656			6
2025.05.12	01:28:31.196	0.93636				2
2025.05.12	01:28:31.583	0.93638	0.93658			6
2025.05.12	01:28:31.932	0.93639				2
2025.05.12	01:28:32.596	0.93638				2
2025.05.12	01:28:34.247	0.93636	0.93656			6
2025.05.12	01:28:34.573		0.93657			4
2025.05.12	01:28:35.008	0.93638				2
2025.05.12	01:28:35.962	0.93634	0.93651			6
2025.05.12	01:28:36.288	0.93636	0.93656			6
2025.05.12	01:28:36.960	0.93635	0.93657			6
2025.05.12	01:28:37.286	0.93636				2
2025.05.12	01:28:37.601		0.93658			4
2025.05.12	01:28:37.929		0.93657			4
2025.05.12	01:28:44.325	0.93630	0.93651			6
2025.05.12	01:28:46.125	0.93638	0.93654			6
2025.05.12	01:28:46.439	0.93651	0.93665			6
2025.05.12	01:28:46.759	0.93654	0.93671			6
2025.05.12	01:28:47.372		0.93667			4
2025.05.12	01:28:47.694		0.93673			4
2025.05.12	01:28:48.861	0.93644	0.93666			6
2025.05.12	01:28:51.459	0.93647				2
2025.05.12	01:28:51.847	0.93649	0.93672			6
2025.05.12	01:28:53.137	0.93648	0.93668			6
2025.05.12	01:28:53.446	0.93650	0.93672			6
2025.05.12	01:28:53.769	0.93652	0.93673			6
2025.05.12	01:28:54.347	0.93653				2
2025.05.12	01:28:55.794	0.93652				2
2025.05.12	01:28:56.119	0.93653				2
2025.05.12	01:28:56.499		0.93674			4
2025.05.12	01:29:00.553	0.93653				2
2025.05.12	01:29:02.277		0.93676			4
2025.05.12	01:29:02.638		0.93674			4
2025.05.12	01:29:03.383	0.93649				2
2025.05.12	01:29:05.219		0.93673			4
2025.05.12	01:29:06.247	0.93648				2
2025.05.12	01:29:06.562		0.93671			4
2025.05.12	01:29:07.817	0.93651	0.93672			6
2025.05.12	01:29:08.134	0.93649	0.93674			6
2025.05.12	01:29:08.445	0.93652	0.93675			6
2025.05.12	01:29:08.764	0.93651	0.93674			6
2025.05.12	01:29:09.249	0.93656	0.93675			6
2025.05.12	01:29:09.559	0.93654	0.93676			6
2025.05.12	01:29:11.440	0.93650	0.93675			6
2025.05.12	01:29:11.755		0.93674			4
2025.05.12	01:29:13.784	0.93654	0.93676			6
2025.05.12	01:29:14.503	0.93653				2
2025.05.12	01:29:15.121	0.93652				2
2025.05.12	01:29:20.669	0.93653	0.93674			6
2025.05.12	01:29:20.996	0.93652	0.93675			6
2025.05.12	01:29:21.374	0.93653	0.93676			6
2025.05.12	01:29:21.679	0.93660	0.93677			6
2025.05.12	01:29:21.992	0.93659				2
2025.05.12	01:29:22.298	0.93657	0.93678			6
2025.05.12	01:29:24.889		0.93676			4
2025.05.12	01:29:30.352	0.93653	0.93671			6
2025.05.12	01:29:30.663	0.93652				2
2025.05.12	01:29:31.749	0.93651	0.93670			6
2025.05.12	01:29:38.663	0.93652				2
2025.05.12	01:29:39.742	0.93654				2
2025.05.12	01:29:40.658	0.93652				2
2025.05.12	01:29:42.679	0.93655				2
2025.05.12	01:29:43.052	0.93654	0.93672			6
2025.05.12	01:29:44.255	0.93653				2
2025.05.12	01:29:44.852		0.93670			4
2025.05.12	01:29:45.560		0.93672			4
2025.05.12	01:29:46.372	0.93656	0.93673			6
2025.05.12	01:29:49.757	0.93654	0.93672			6
2025.05.12	01:29:50.717	0.93651	0.93671			6
2025.05.12	01:29:53.233		0.93670			4
2025.05.12	01:29:53.577		0.93668			4
2025.05.12	01:29:55.318	0.93652	0.93671			6
2025.05.12	01:29:55.987	0.93651				2
2025.05.12	01:29:56.299	0.93652	0.93672			6
2025.05.12	01:29:56.629	0.93657	0.93681			6
2025.05.12	01:29:57.054	0.93660				2
2025.05.12	01:29:57.399	0.93658				2
2025.05.12	01:29:58.675	0.93655				2
2025.05.12	01:29:59.328	0.93654				2
2025.05.12	01:30:00.006	0.93654				2
2025.05.12	01:30:01.384	0.93653	0.93678			6
2025.05.12	01:30:02.094	0.93654	0.93664			6
2025.05.12	01:30:03.026	0.93653	0.93663			6
2025.05.12	01:30:03.379	0.93654				2
2025.05.12	01:30:03.731	0.93658	0.93667			6
2025.05.12	01:30:04.037	0.93655	0.93664			6
2025.05.12	01:30:04.342	0.93654	0.93663			6
2025.05.12	01:30:04.643	0.93644	0.93662			6
2025.05.12	01:30:05.282	0.93645	0.93664			6
2025.05.12	01:30:05.586	0.93639	0.93656			6
2025.05.12	01:30:05.920		0.93657			4
2025.05.12	01:30:08.159	0.93641				2
2025.05.12	01:30:08.694	0.93639				2
2025.05.12	01:30:09.627	0.93641				2
2025.05.12	01:30:09.946	0.93639				2
2025.05.12	01:30:10.596	0.93640				2
2025.05.12	01:30:11.927	0.93636	0.93653			6
2025.05.12	01:30:12.239	0.93632	0.93657			6
2025.05.12	01:30:12.569	0.93633				2
2025.05.12	01:30:13.111	0.93636	0.93653			6
2025.05.12	01:30:14.225		0.93652			4
2025.05.12	01:30:21.311	0.93637	0.93654			6
2025.05.12	01:30:22.223	0.93641	0.93657			6
2025.05.12	01:30:25.930	0.93638	0.93654			6
2025.05.12	01:30:30.481	0.93640	0.93656			6
2025.05.12	01:30:32.026	0.93634	0.93657			6
2025.05.12	01:30:32.886		0.93656			4
2025.05.12	01:30:33.968	0.93636	0.93652			6
2025.05.12	01:30:34.867	0.93637	0.93654			6
2025.05.12	01:30:35.257	0.93635	0.93659			6
2025.05.12	01:30:36.103	0.93637	0.93654			6
2025.05.12	01:30:36.428	0.93639	0.93661			6
2025.05.12	01:30:40.913	0.93641	0.93658			6
2025.05.12	01:30:42.918	0.93643	0.93665			6
2025.05.12	01:30:43.244	0.93642	0.93658			6
2025.05.12	01:30:51.350	0.93646	0.93662			6
2025.05.12	01:30:52.019	0.93647	0.93663			6
2025.05.12	01:30:52.324	0.93648	0.93664			6
2025.05.12	01:30:53.346	0.93646	0.93663			6
2025.05.12	01:30:53.871	0.93647				2
2025.05.12	01:30:54.365	0.93645	0.93665			6
2025.05.12	01:30:56.289	0.93641				2
2025.05.12	01:30:57.039	0.93644				2
2025.05.12	01:30:58.725	0.93641				2
2025.05.12	01:30:59.040	0.93643	0.93659			6
2025.05.12	01:31:00.022	0.93643				2
2025.05.12	01:31:01.690	0.93649	0.93665			6
2025.05.12	01:31:02.677	0.93642	0.93658			6
2025.05.12	01:31:04.890	0.93643	0.93660			6
2025.05.12	01:31:07.989	0.93642				2
2025.05.12	01:31:08.353		0.93659			4
2025.05.12	01:31:10.548	0.93636	0.93653			6
2025.05.12	01:31:14.255	0.93635	0.93652			6
2025.05.12	01:31:14.579	0.93637	0.93657			6
2025.05.12	01:31:14.897		0.93659			4
2025.05.12	01:31:15.834		0.93654			4
2025.05.12	01:31:16.467	0.93638	0.93658			6
2025.05.12	01:31:18.746		0.93656			4
2025.05.12	01:31:19.131		0.93657			4
2025.05.12	01:31:19.841		0.93658			4
2025.05.12	01:31:20.808	0.93642	0.93660			6
2025.05.12	01:31:22.117	0.93639	0.93661			6
2025.05.12	01:31:23.210	0.93638	0.93660			6
2025.05.12	01:31:23.577	0.93639	0.93657			6
2025.05.12	01:31:23.978	0.93638	0.93658			6
2025.05.12	01:31:25.710	0.93639	0.93657			6
2025.05.12	01:31:26.057		0.93659			4
2025.05.12	01:31:27.039	0.93643	0.93661			6
2025.05.12	01:31:27.370	0.93639				2
2025.05.12	01:31:28.497		0.93662			4
2025.05.12	01:31:30.046		0.93660			4
2025.05.12	01:31:30.721	0.93636	0.93658			6
2025.05.12	01:31:32.348	0.93637	0.93654			6
2025.05.12	01:31:36.123	0.93640	0.93659			6
2025.05.12	01:31:36.460	0.93641	0.93660			6
2025.05.12	01:31:36.840	0.93642	0.93656			6
2025.05.12	01:31:39.333	0.93643				2
2025.05.12	01:31:40.051	0.93642	0.93657			6
2025.05.12	01:31:40.699	0.93641				2
2025.05.12	01:31:41.471		0.93658			4
2025.05.12	01:31:45.167	0.93640				2
2025.05.12	01:31:46.346		0.93657			4
2025.05.12	01:31:49.521	0.93642	0.93659			6
2025.05.12	01:31:52.036	0.93643				2
2025.05.12	01:31:52.341	0.93645	0.93662			6
2025.05.12	01:31:52.653	0.93643	0.93661			6
2025.05.12	01:31:54.799	0.93646				2
2025.05.12	01:31:56.675	0.93643	0.93660			6
2025.05.12	01:32:00.815	0.93643				2
2025.05.12	01:32:01.212	0.93640				2
2025.05.12	01:32:01.764	0.93641	0.93661			6
2025.05.12	01:32:02.337	0.93643	0.93660			6
2025.05.12	01:32:02.751	0.93641				2
2025.05.12	01:32:03.249	0.93643				2
2025.05.12	01:32:03.559	0.93640				2
2025.05.12	01:32:03.894	0.93644	0.93664			6
2025.05.12	01:32:04.202	0.93646				2
2025.05.12	01:32:04.499		0.93665			4
2025.05.12	01:32:06.442	0.93645	0.93661			6
2025.05.12	01:32:11.845	0.93643	0.93660			6
2025.05.12	01:32:12.251	0.93642	0.93656			6
2025.05.12	01:32:12.558	0.93640	0.93663			6
2025.05.12	01:32:12.899	0.93645				2
2025.05.12	01:32:13.213	0.93640				2
2025.05.12	01:32:13.540	0.93643	0.93660			6
2025.05.12	01:32:13.841	0.93641	0.93663			6
2025.05.12	01:32:15.125	0.93640	0.93662			6
2025.05.12	01:32:16.031	0.93643	0.93664			6
2025.05.12	01:32:16.337		0.93662			4
2025.05.12	01:32:16.747		0.93664			4
2025.05.12	01:32:18.563	0.93641	0.93663			6
2025.05.12	01:32:19.275		0.93664			4
2025.05.12	01:32:20.557		0.93663			4
2025.05.12	01:32:21.360		0.93661			4
2025.05.12	01:32:23.106	0.93638	0.93660			6
2025.05.12	01:32:23.433	0.93649	0.93669			6
2025.05.12	01:32:23.744	0.93647	0.93667			6
2025.05.12	01:32:24.347	0.93650	0.93668			6
2025.05.12	01:32:24.650		0.93669			4
2025.05.12	01:32:29.325	0.93654	0.93672			6
2025.05.12	01:32:29.639		0.93681			4
2025.05.12	01:32:29.978		0.93680			4
2025.05.12	01:32:31.796		0.93679			4
2025.05.12	01:32:32.952	0.93656				2
2025.05.12	01:32:33.302	0.93657	0.93681			6
2025.05.12	01:32:33.627	0.93656	0.93679			6
2025.05.12	01:32:35.544		0.93678			4
2025.05.12	01:32:37.020	0.93655	0.93679			6
2025.05.12	01:32:39.172		0.93678			4
2025.05.12	01:32:42.099	0.93654				2
2025.05.12	01:32:43.192	0.93655				2
2025.05.12	01:32:43.531	0.93658				2
2025.05.12	01:32:43.837	0.93656	0.93676			6
2025.05.12	01:32:45.526		0.93675			4
2025.05.12	01:32:46.378	0.93653	0.93674			6
2025.05.12	01:32:46.682		0.93671			4
2025.05.12	01:32:48.550		0.93670			4
2025.05.12	01:32:49.430	0.93654	0.93671			6
2025.05.12	01:32:49.757		0.93672			4
2025.05.12	01:32:50.362	0.93657	0.93678			6
2025.05.12	01:32:50.690	0.93656	0.93676			6
2025.05.12	01:32:51.042	0.93659	0.93678			6
2025.05.12	01:32:51.344	0.93661	0.93677			6
2025.05.12	01:32:51.678	0.93664				2
2025.05.12	01:32:51.983		0.93678			4
2025.05.12	01:32:54.175	0.93660	0.93679			6
2025.05.12	01:32:54.480	0.93666	0.93684			6
2025.05.12	01:32:55.203		0.93683			4
2025.05.12	01:32:55.521	0.93670	0.93687			6
2025.05.12	01:32:56.166	0.93669				2
2025.05.12	01:32:56.488	0.93666	0.93685			6
2025.05.12	01:32:56.791	0.93665				2
2025.05.12	01:32:57.624	0.93666				2
2025.05.12	01:33:00.482	0.93667				2
2025.05.12	01:33:02.601		0.93681			4
2025.05.12	01:33:02.912	0.93670	0.93682			6
2025.05.12	01:33:03.339	0.93663				2
2025.05.12	01:33:03.658	0.93656	0.93677			6
2025.05.12	01:33:04.022	0.93655				2
2025.05.12	01:33:04.339	0.93656	0.93675			6
2025.05.12	01:33:04.659		0.93677			4
2025.05.12	01:33:04.976	0.93655	0.93674			6
2025.05.12	01:33:05.614	0.93658	0.93675			6
2025.05.12	01:33:06.658	0.93656	0.93677			6
2025.05.12	01:33:06.980	0.93659				2
2025.05.12	01:33:07.695	0.93658	0.93675			6
2025.05.12	01:33:10.152	0.93659	0.93676			6
2025.05.12	01:33:12.119	0.93653	0.93670			6
2025.05.12	01:33:12.428	0.93650	0.93667			6
2025.05.12	01:33:12.742		0.93668			4
2025.05.12	01:33:14.054	0.93652	0.93671			6
2025.05.12	01:33:14.418	0.93651				2
2025.05.12	01:33:15.065		0.93670			4
2025.05.12	01:33:16.341	0.93653	0.93671			6
2025.05.12	01:33:18.837	0.93651	0.93668			6
2025.05.12	01:33:19.478	0.93652				2
2025.05.12	01:33:20.802	0.93653	0.93669			6
2025.05.12	01:33:21.266	0.93650	0.93670			6
2025.05.12	01:33:22.885		0.93671			4
2025.05.12	01:33:23.292	0.93652	0.93669			6
2025.05.12	01:33:24.570	0.93656	0.93671			6
2025.05.12	01:33:31.628	0.93657	0.93672			6
2025.05.12	01:33:32.320	0.93656	0.93671			6
2025.05.12	01:33:32.621	0.93657	0.93673			6
2025.05.12	01:33:32.953	0.93653	0.93670			6
2025.05.12	01:33:33.286		0.93669			4
2025.05.12	01:33:35.466	0.93657				2
2025.05.12	01:33:36.811		0.93671			4
2025.05.12	01:33:37.410		0.93672			4
2025.05.12	01:33:37.740		0.93671			4
2025.05.12	01:33:38.147		0.93672			4
2025.05.12	01:33:38.629	0.93659				2
2025.05.12	01:33:38.940	0.93653	0.93667			6
2025.05.12	01:33:39.239		0.93668			4
2025.05.12	01:33:42.115		0.93667			4
2025.05.12	01:33:43.071		0.93668			4
2025.05.12	01:33:43.395		0.93669			4
2025.05.12	01:33:45.075	0.93656	0.93671			6
2025.05.12	01:33:45.651	0.93660	0.93675			6
2025.05.12	01:33:45.962	0.93661	0.93677			6
2025.05.12	01:33:46.298		0.93679			4
2025.05.12	01:33:46.620		0.93677			4
2025.05.12	01:33:48.458	0.93656				2
2025.05.12	01:33:48.806		0.93676			4
2025.05.12	01:33:50.360	0.93658	0.93678			6
2025.05.12	01:33:51.548	0.93660				2
2025.05.12	01:33:51.864	0.93658				2
2025.05.12	01:33:55.505	0.93659				2
2025.05.12	01:33:58.069	0.93656	0.93677			6
2025.05.12	01:33:59.910	0.93658	0.93676			6
2025.05.12	01:34:00.217	0.93658				2
2025.05.12	01:34:00.946	0.93656	0.93677			6
2025.05.12	01:34:01.535	0.93657				2
2025.05.12	01:34:01.845	0.93659	0.93676			6
2025.05.12	01:34:02.159		0.93675			4
2025.05.12	01:34:03.010	0.93658	0.93674			6
2025.05.12	01:34:03.984	0.93660	0.93676			6
2025.05.12	01:34:05.592	0.93655	0.93670			6
2025.05.12	01:34:08.911		0.93671			4
2025.05.12	01:34:09.218	0.93652	0.93668			6
2025.05.12	01:34:10.213	0.93651	0.93669			6
2025.05.12	01:34:10.519	0.93652	0.93667			6
2025.05.12	01:34:10.825		0.93668			4
2025.05.12	01:34:12.677	0.93653				2
2025.05.12	01:34:16.109	0.93651	0.93670			6
2025.05.12	01:34:17.067	0.93654	0.93669			6
2025.05.12	01:34:17.379		0.93668			4
2025.05.12	01:34:20.025		0.93667			4
2025.05.12	01:34:21.391	0.93652	0.93669			6
2025.05.12	01:34:22.133		0.93670			4
2025.05.12	01:34:25.125		0.93669			4
2025.05.12	01:34:31.217		0.93670			4
2025.05.12	01:34:32.168	0.93651	0.93671			6
2025.05.12	01:34:33.224	0.93652	0.93670			6
2025.05.12	01:34:40.767	0.93653	0.93671			6
2025.05.12	01:34:41.405	0.93658	0.93683			6
2025.05.12	01:34:41.718		0.93681			4
2025.05.12	01:34:42.040	0.93657				2
2025.05.12	01:34:44.227	0.93653	0.93674			6
2025.05.12	01:34:44.531		0.93672			4
2025.05.12	01:34:44.833		0.93667			4
2025.05.12	01:34:45.228		0.93671			4
2025.05.12	01:34:46.359	0.93654				2
2025.05.12	01:34:46.664		0.93672			4
2025.05.12	01:34:52.115	0.93662	0.93679			6
2025.05.12	01:34:52.451	0.93659	0.93677			6
2025.05.12	01:34:53.108		0.93676			4
2025.05.12	01:34:55.726		0.93677			4
2025.05.12	01:34:58.627		0.93676			4
2025.05.12	01:34:59.648	0.93664	0.93680			6
2025.05.12	01:34:59.979		0.93681			4
2025.05.12	01:35:00.281	0.93664				2
2025.05.12	01:35:02.610	0.93663				2
2025.05.12	01:35:05.326	0.93661	0.93680			6
2025.05.12	01:35:07.324		0.93679			4
2025.05.12	01:35:13.883		0.93678			4
2025.05.12	01:35:17.077	0.93671	0.93689			6
2025.05.12	01:35:17.383	0.93663	0.93687			6
2025.05.12	01:35:17.697		0.93688			4
2025.05.12	01:35:18.012	0.93664	0.93687			6
2025.05.12	01:35:18.814	0.93665				2
2025.05.12	01:35:22.218	0.93669	0.93689			6
2025.05.12	01:35:23.410		0.93688			4
2025.05.12	01:35:24.200		0.93689			4
2025.05.12	01:35:24.823	0.93670				2
2025.05.12	01:35:25.899	0.93667	0.93687			6
2025.05.12	01:35:26.424		0.93688			4
2025.05.12	01:35:27.377	0.93668	0.93687			6
2025.05.12	01:35:28.673	0.93667	0.93688			6
2025.05.12	01:35:29.004		0.93687			4
2025.05.12	01:35:30.568	0.93668	0.93688			6
2025.05.12	01:35:31.581	0.93667				2
2025.05.12	01:35:33.563		0.93687			4
2025.05.12	01:35:36.940	0.93669				2
2025.05.12	01:35:40.688	0.93668				2
2025.05.12	01:35:43.137		0.93686			4
2025.05.12	01:35:45.868	0.93672	0.93690			6
2025.05.12	01:35:46.180	0.93668	0.93686			6
2025.05.12	01:35:46.546	0.93669	0.93687			6
2025.05.12	01:35:46.872	0.93666	0.93686			6
2025.05.12	01:35:48.020	0.93665				2
2025.05.12	01:35:48.658	0.93667				2
2025.05.12	01:35:48.989	0.93674	0.93687			6
2025.05.12	01:35:49.299	0.93668				2
2025.05.12	01:35:49.607	0.93669				2
2025.05.12	01:35:49.941	0.93671	0.93688			6
2025.05.12	01:35:50.263	0.93670	0.93690			6
2025.05.12	01:35:51.264	0.93671				2
2025.05.12	01:35:51.577	0.93672	0.93691			6
2025.05.12	01:35:55.000	0.93673				2
2025.05.12	01:35:56.563	0.93672				2
2025.05.12	01:35:58.505	0.93674	0.93693			6
2025.05.12	01:35:58.811	0.93673	0.93692			6
2025.05.12	01:35:59.464		0.93689			4
2025.05.12	01:35:59.778	0.93670	0.93687			6
2025.05.12	01:36:00.352	0.93670				2
2025.05.12	01:36:02.351	0.93669	0.93685			6
2025.05.12	01:36:02.661	0.93667				2
2025.05.12	01:36:03.185	0.93668	0.93686			6
2025.05.12	01:36:03.486	0.93672	0.93689			6
2025.05.12	01:36:03.801	0.93671	0.93688			6
2025.05.12	01:36:04.120	0.93673				2
2025.05.12	01:36:04.428	0.93670	0.93686			6
2025.05.12	01:36:05.051	0.93673	0.93689			6
2025.05.12	01:36:06.944		0.93688			4
2025.05.12	01:36:07.258	0.93672				2
2025.05.12	01:36:07.573	0.93673	0.93687			6
2025.05.12	01:36:07.879	0.93674	0.93686			6
2025.05.12	01:36:08.183	0.93670	0.93684			6
2025.05.12	01:36:08.500	0.93671	0.93685			6
2025.05.12	01:36:08.964	0.93668	0.93684			6
2025.05.12	01:36:10.581		0.93683			4
2025.05.12	01:36:10.883	0.93667	0.93685			6
2025.05.12	01:36:12.154	0.93668				2
2025.05.12	01:36:15.038	0.93666	0.93683			6
2025.05.12	01:36:15.354		0.93682			4
2025.05.12	01:36:16.153	0.93665	0.93683			6
2025.05.12	01:36:18.203	0.93666	0.93681			6
2025.05.12	01:36:20.381	0.93664	0.93683			6
2025.05.12	01:36:20.784		0.93682			4
2025.05.12	01:36:21.096	0.93665	0.93683			6
2025.05.12	01:36:21.406	0.93666	0.93682			6
2025.05.12	01:36:23.033		0.93684			4
2025.05.12	01:36:23.356	0.93664	0.93683			6
2025.05.12	01:36:26.807		0.93682			4
2025.05.12	01:36:27.199		0.93681			4
2025.05.12	01:36:31.652	0.93663	0.93680			6
2025.05.12	01:36:33.622	0.93664				2
2025.05.12	01:36:35.929	0.93660	0.93679			6
2025.05.12	01:36:37.578	0.93657				2
2025.05.12	01:36:41.963		0.93678			4
2025.05.12	01:36:42.969		0.93677			4
2025.05.12	01:36:43.617		0.93679			4
2025.05.12	01:36:43.931	0.93659	0.93677			6
2025.05.12	01:36:44.236		0.93676			4
2025.05.12	01:36:44.550	0.93658				2
2025.05.12	01:36:44.865	0.93657				2
2025.05.12	01:36:45.193		0.93677			4
2025.05.12	01:36:46.445		0.93676			4
2025.05.12	01:36:47.067	0.93660	0.93678			6
2025.05.12	01:36:48.051		0.93679			4
2025.05.12	01:36:48.366	0.93661				2
2025.05.12	01:36:52.689		0.93678			4
2025.05.12	01:36:53.047		0.93677			4
2025.05.12	01:36:53.682	0.93662				2
2025.05.12	01:36:54.319	0.93661	0.93676			6
2025.05.12	01:36:54.675		0.93677			4
2025.05.12	01:36:55.503	0.93666	0.93682			6
2025.05.12	01:36:55.820	0.93664	0.93681			6
2025.05.12	01:36:56.173		0.93679			4
2025.05.12	01:36:59.344		0.93685			4
2025.05.12	01:36:59.649	0.93662	0.93678			6
2025.05.12	01:37:00.005	0.93659	0.93679			6
2025.05.12	01:37:00.328	0.93662				2
2025.05.12	01:37:00.640	0.93660				2
2025.05.12	01:37:01.354		0.93680			4
2025.05.12	01:37:01.675	0.93663	0.93679			6
2025.05.12	01:37:01.992	0.93665	0.93684			6
2025.05.12	01:37:03.001	0.93667	0.93682			6
2025.05.12	01:37:03.313	0.93664				2
2025.05.12	01:37:04.408	0.93663				2
2025.05.12	01:37:04.861	0.93661	0.93679			6
2025.05.12	01:37:05.707	0.93660				2
2025.05.12	01:37:07.672		0.93680			4
2025.05.12	01:37:08.866		0.93679			4
2025.05.12	01:37:09.489	0.93669	0.93690			6
2025.05.12	01:37:10.175		0.93689			4
2025.05.12	01:37:13.635	0.93672	0.93688			6
2025.05.12	01:37:13.948	0.93673	0.93689			6
2025.05.12	01:37:14.334	0.93670				2
2025.05.12	01:37:14.769	0.93669				2
2025.05.12	01:37:15.296	0.93671	0.93687			6
2025.05.12	01:37:15.979	0.93670				2
2025.05.12	01:37:17.687		0.93688			4
2025.05.12	01:37:17.964		0.93689			4
2025.05.12	01:37:18.317	0.93671				2
2025.05.12	01:37:19.159	0.93672				2
2025.05.12	01:37:19.646	0.93670	0.93690			6
2025.05.12	01:37:21.025		0.93689			4
2025.05.12	01:37:21.383	0.93674	0.93691			6
2025.05.12	01:37:21.658	0.93670	0.93689			6
2025.05.12	01:37:24.156		0.93688			4
2025.05.12	01:37:26.802	0.93671	0.93686			6
2025.05.12	01:37:28.773	0.93670				2
2025.05.12	01:37:29.078		0.93687			4
2025.05.12	01:37:32.018	0.93672	0.93686			6
2025.05.12	01:37:33.032	0.93678	0.93696			6
2025.05.12	01:37:34.284	0.93669	0.93691			6
2025.05.12	01:37:34.605	0.93670	0.93692			6
2025.05.12	01:37:36.344	0.93672				2
2025.05.12	01:37:37.230	0.93676	0.93694			6
2025.05.12	01:37:37.547		0.93695			4
2025.05.12	01:37:39.540	0.93677				2
2025.05.12	01:37:41.353	0.93676				2
2025.05.12	01:37:45.663		0.93694			4
2025.05.12	01:37:46.841	0.93677				2
2025.05.12	01:37:50.325		0.93693			4
2025.05.12	01:37:52.206	0.93675	0.93694			6
2025.05.12	01:37:52.518	0.93674				2
2025.05.12	01:37:55.154	0.93675				2
2025.05.12	01:37:57.959	0.93676	0.93693			6
2025.05.12	01:38:00.123	0.93676				2
2025.05.12	01:38:00.845		0.93697			4
2025.05.12	01:38:01.168	0.93675	0.93694			6
2025.05.12	01:38:01.491	0.93671	0.93693			6
2025.05.12	01:38:01.861		0.93692			4
2025.05.12	01:38:03.196	0.93676				2
2025.05.12	01:38:03.531	0.93675	0.93695			6
2025.05.12	01:38:04.175	0.93674	0.93694			6
2025.05.12	01:38:04.702	0.93676	0.93693			6
2025.05.12	01:38:06.709	0.93675	0.93692			6
2025.05.12	01:38:09.226		0.93691			4
2025.05.12	01:38:09.885	0.93673	0.93689			6
2025.05.12	01:38:10.205	0.93672	0.93688			6
2025.05.12	01:38:12.031	0.93670	0.93686			6
2025.05.12	01:38:14.185	0.93669	0.93687			6
2025.05.12	01:38:15.452	0.93668				2
2025.05.12	01:38:15.771	0.93670				2
2025.05.12	01:38:17.655	0.93669				2
2025.05.12	01:38:18.943	0.93670				2
2025.05.12	01:38:19.259	0.93674	0.93691			6
2025.05.12	01:38:19.600	0.93672				2
2025.05.12	01:38:21.100		0.93690			4
2025.05.12	01:38:24.530		0.93689			4
2025.05.12	01:38:27.328	0.93674				2
2025.05.12	01:38:27.698	0.93672	0.93690			6
2025.05.12	01:38:29.730		0.93689			4
2025.05.12	01:38:32.640	0.93671				2
2025.05.12	01:38:32.963		0.93688			4
2025.05.12	01:38:33.400	0.93675	0.93690			6
2025.05.12	01:38:34.025		0.93689			4
2025.05.12	01:38:35.603		0.93690			4
2025.05.12	01:38:35.970	0.93676				2
2025.05.12	01:38:36.333	0.93675				2
2025.05.12	01:38:38.920	0.93676				2
2025.05.12	01:38:41.021	0.93675				2
2025.05.12	01:38:41.628	0.93676				2
2025.05.12	01:38:45.701	0.93675				2
2025.05.12	01:38:48.524	0.93676				2
2025.05.12	01:38:50.875	0.93674	0.93689			6
2025.05.12	01:38:51.528	0.93673				2
2025.05.12	01:38:52.138	0.93664	0.93683			6
2025.05.12	01:38:52.445	0.93665	0.93684			6
2025.05.12	01:38:53.401	0.93667	0.93685			6
2025.05.12	01:38:53.855	0.93666	0.93684			6
2025.05.12	01:38:54.158	0.93667	0.93683			6
2025.05.12	01:38:54.924	0.93670	0.93685			6
2025.05.12	01:38:55.453		0.93686			4
2025.05.12	01:38:55.833	0.93668				2
2025.05.12	01:38:56.832		0.93685			4
2025.05.12	01:38:57.477	0.93670	0.93687			6
2025.05.12	01:38:58.445	0.93672	0.93689			6
2025.05.12	01:38:58.749		0.93690			4
2025.05.12	01:38:59.059	0.93675				2
2025.05.12	01:38:59.378		0.93689			4
2025.05.12	01:39:00.133	0.93675				2
2025.05.12	01:39:01.578	0.93671				2
2025.05.12	01:39:02.188		0.93690			4
2025.05.12	01:39:02.505	0.93674	0.93689			6
2025.05.12	01:39:03.438		0.93688			4
2025.05.12	01:39:05.315		0.93691			4
2025.05.12	01:39:08.202		0.93690			4
2025.05.12	01:39:08.526	0.93672	0.93688			6
2025.05.12	01:39:10.190		0.93689			4
2025.05.12	01:39:11.471	0.93670	0.93687			6
2025.05.12	01:39:11.775	0.93671	0.93691			6
2025.05.12	01:39:12.780	0.93672				2
2025.05.12	01:39:13.101		0.93690			4
2025.05.12	01:39:13.475		0.93692			4
2025.05.12	01:39:15.214	0.93673				2
2025.05.12	01:39:15.754	0.93677				2
2025.05.12	01:39:16.288	0.93676	0.93691			6
2025.05.12	01:39:16.597		0.93692			4
2025.05.12	01:39:18.889		0.93693			4
2025.05.12	01:39:19.725		0.93694			4
2025.05.12	01:39:21.076	0.93678				2
2025.05.12	01:39:21.396		0.93693			4
2025.05.12	01:39:22.230	0.93671	0.93688			6
2025.05.12	01:39:30.871		0.93686			4
2025.05.12	01:39:32.838		0.93684			4
2025.05.12	01:39:33.796	0.93669	0.93683			6
2025.05.12	01:39:34.119	0.93666				2
2025.05.12	01:39:34.753	0.93667				2
2025.05.12	01:39:39.700	0.93669	0.93682			6
2025.05.12	01:39:40.185	0.93670				2
2025.05.12	01:39:42.743	0.93668				2
2025.05.12	01:39:43.070	0.93669				2
2025.05.12	01:39:45.578	0.93670				2
2025.05.12	01:39:47.122	0.93668	0.93681			6
2025.05.12	01:39:48.505	0.93665	0.93677			6
2025.05.12	01:39:48.925	0.93668	0.93681			6
2025.05.12	01:39:49.566	0.93669	0.93689			6
2025.05.12	01:39:49.887	0.93667	0.93687			6
2025.05.12	01:39:52.549		0.93686			4
2025.05.12	01:39:54.004		0.93685			4
2025.05.12	01:39:56.131		0.93686			4
2025.05.12	01:39:56.441	0.93672	0.93688			6
2025.05.12	01:39:56.846	0.93667	0.93686			6
2025.05.12	01:39:57.502	0.93672	0.93689			6
2025.05.12	01:39:58.608		0.93688			4
2025.05.12	01:40:00.721	0.93672				2
2025.05.12	01:40:07.280		0.93687			4
2025.05.12	01:40:09.979	0.93669	0.93685			6
2025.05.12	01:40:10.323		0.93684			4
2025.05.12	01:40:10.640	0.93672	0.93685			6
2025.05.12	01:40:14.421	0.93671	0.93686			6
2025.05.12	01:40:16.315	0.93672				2
2025.05.12	01:40:17.313	0.93671	0.93685			6
2025.05.12	01:40:23.024	0.93672	0.93690			6
2025.05.12	01:40:26.233	0.93675	0.93691			6
2025.05.12	01:40:27.004		0.93690			4
2025.05.12	01:40:28.287	0.93676				2
2025.05.12	01:40:28.653		0.93691			4
2025.05.12	01:40:29.070	0.93677	0.93692			6
2025.05.12	01:40:29.380		0.93693			4
2025.05.12	01:40:30.410		0.93692			4
2025.05.12	01:40:30.724	0.93676	0.93691			6
2025.05.12	01:40:31.050		0.93693			4
2025.05.12	01:40:31.699		0.93692			4
2025.05.12	01:40:32.706	0.93677				2
2025.05.12	01:40:37.458		0.93691			4
2025.05.12	01:40:37.761		0.93692			4
2025.05.12	01:40:38.400		0.93691			4
2025.05.12	01:40:44.346	0.93678	0.93690			6
2025.05.12	01:40:46.272	0.93672	0.93687			6
2025.05.12	01:40:46.572		0.93688			4
2025.05.12	01:40:47.596		0.93686			4
2025.05.12	01:40:48.011	0.93675	0.93689			6
2025.05.12	01:40:50.249		0.93695			4
2025.05.12	01:40:53.952		0.93696			4
2025.05.12	01:40:55.899		0.93697			4
2025.05.12	01:40:57.350	0.93678	0.93699			6
2025.05.12	01:41:00.932	0.93678				2
2025.05.12	01:41:04.464	0.93677	0.93696			6
2025.05.12	01:41:08.909	0.93674	0.93693			6
2025.05.12	01:41:09.257		0.93694			4
2025.05.12	01:41:10.091	0.93675				2
2025.05.12	01:41:12.973	0.93678	0.93700			6
2025.05.12	01:41:13.293	0.93679				2
2025.05.12	01:41:13.660	0.93676	0.93696			6
2025.05.12	01:41:14.379	0.93675	0.93697			6
2025.05.12	01:41:14.911	0.93678				2
2025.05.12	01:41:15.508	0.93675				2
2025.05.12	01:41:17.812	0.93676				2
2025.05.12	01:41:23.144	0.93675				2
2025.05.12	01:41:24.068		0.93696			4
2025.05.12	01:41:26.972		0.93697			4
2025.05.12	01:41:27.724	0.93676				2
2025.05.12	01:41:28.284	0.93674				2
2025.05.12	01:41:28.600	0.93676				2
2025.05.12	01:41:30.233		0.93693			4
2025.05.12	01:41:34.281	0.93677				2
2025.05.12	01:41:38.811	0.93676				2
2025.05.12	01:41:39.651	0.93675	0.93692			6
2025.05.12	01:41:40.083		0.93693			4
2025.05.12	01:41:41.905	0.93677	0.93695			6
2025.05.12	01:41:43.245	0.93672	0.93692			6
2025.05.12	01:41:43.573		0.93691			4
2025.05.12	01:41:44.635	0.93671				2
2025.05.12	01:41:45.291	0.93672				2
2025.05.12	01:41:48.281	0.93670				2
2025.05.12	01:41:51.930	0.93667	0.93689			6
2025.05.12	01:41:52.235	0.93664	0.93688			6
2025.05.12	01:41:52.556	0.93665				2
2025.05.12	01:41:57.940		0.93687			4
2025.05.12	01:41:58.310	0.93666	0.93688			6
2025.05.12	01:42:00.199	0.93666				2
2025.05.12	01:42:01.243	0.93667				2
2025.05.12	01:42:01.565		0.93687			4
2025.05.12	01:42:02.556	0.93669				2
2025.05.12	01:42:02.861	0.93668	0.93686			6
2025.05.12	01:42:03.207	0.93667	0.93684			6
2025.05.12	01:42:06.579		0.93683			4
2025.05.12	01:42:08.629	0.93668				2
2025.05.12	01:42:09.124		0.93684			4
2025.05.12	01:42:10.060	0.93663				2
2025.05.12	01:42:10.387	0.93664				2
2025.05.12	01:42:10.914	0.93667	0.93683			6
2025.05.12	01:42:11.436	0.93664				2
2025.05.12	01:42:11.774	0.93667				2
2025.05.12	01:42:12.080		0.93682			4
2025.05.12	01:42:12.756	0.93664	0.93684			6
2025.05.12	01:42:13.058		0.93683			4
2025.05.12	01:42:13.454	0.93669	0.93686			6
2025.05.12	01:42:13.767	0.93664	0.93685			6
2025.05.12	01:42:14.822	0.93666	0.93687			6
2025.05.12	01:42:15.141	0.93667	0.93688			6
2025.05.12	01:42:15.450	0.93672	0.93683			6
2025.05.12	01:42:15.758		0.93690			4
2025.05.12	01:42:16.062	0.93671	0.93694			6
2025.05.12	01:42:16.685	0.93669	0.93692			6
2025.05.12	01:42:17.017		0.93693			4
2025.05.12	01:42:17.586	0.93668				2
2025.05.12	01:42:18.345	0.93667				2
2025.05.12	01:42:20.078		0.93692			4
2025.05.12	01:42:20.703		0.93691			4
2025.05.12	01:42:22.162	0.93659	0.93679			6
2025.05.12	01:42:22.542		0.93678			4
2025.05.12	01:42:22.854		0.93680			4
2025.05.12	01:42:23.169		0.93679			4
2025.05.12	01:42:23.845	0.93660				2
2025.05.12	01:42:29.741	0.93658	0.93675			6
2025.05.12	01:42:33.206	0.93659	0.93678			6
2025.05.12	01:42:33.528	0.93660				2
2025.05.12	01:42:33.838	0.93663	0.93684			6
2025.05.12	01:42:34.163	0.93657	0.93674			6
2025.05.12	01:42:40.716	0.93656	0.93677			6
2025.05.12	01:42:41.056		0.93674			4
2025.05.12	01:42:41.385		0.93677			4
2025.05.12	01:42:43.653	0.93655	0.93671			6
2025.05.12	01:42:43.958	0.93657	0.93676			6
2025.05.12	01:42:44.264		0.93675			4
2025.05.12	01:42:44.926		0.93676			4
2025.05.12	01:42:47.505		0.93675			4
2025.05.12	01:42:52.186	0.93656				2
2025.05.12	01:42:53.615		0.93674			4
2025.05.12	01:42:55.701		0.93672			4
2025.05.12	01:42:56.012		0.93673			4
2025.05.12	01:42:57.171	0.93657				2
2025.05.12	01:42:59.993	0.93658	0.93672			6
2025.05.12	01:43:00.313	0.93658	0.93673			6
2025.05.12	01:43:02.118		0.93676			4
2025.05.12	01:43:04.160	0.93659				2
2025.05.12	01:43:06.354	0.93658	0.93675			6
2025.05.12	01:43:10.653	0.93659				2
2025.05.12	01:43:16.484	0.93655	0.93673			6
2025.05.12	01:43:16.829	0.93654	0.93671			6
2025.05.12	01:43:17.547		0.93676			4
2025.05.12	01:43:18.049		0.93675			4
2025.05.12	01:43:18.360		0.93672			4
2025.05.12	01:43:19.856		0.93675			4
2025.05.12	01:43:20.455		0.93671			4
2025.05.12	01:43:21.283	0.93657	0.93674			6
2025.05.12	01:43:21.628	0.93654				2
2025.05.12	01:43:24.155	0.93652	0.93672			6
2025.05.12	01:43:24.466	0.93651	0.93671			6
2025.05.12	01:43:24.777	0.93652	0.93669			6
2025.05.12	01:43:25.089		0.93670			4
2025.05.12	01:43:25.458	0.93651	0.93671			6
2025.05.12	01:43:27.060	0.93649	0.93667			6
2025.05.12	01:43:27.395	0.93650	0.93668			6
2025.05.12	01:43:29.202	0.93649	0.93667			6
2025.05.12	01:43:29.586	0.93650	0.93670			6
2025.05.12	01:43:29.898	0.93651				2
2025.05.12	01:43:30.544		0.93669			4
2025.05.12	01:43:30.858		0.93670			4
2025.05.12	01:43:31.505	0.93650	0.93669			6
2025.05.12	01:43:32.694	0.93649	0.93668			6
2025.05.12	01:43:35.751		0.93667			4
2025.05.12	01:43:37.035		0.93668			4
2025.05.12	01:43:39.705	0.93660	0.93673			6
2025.05.12	01:43:40.691	0.93654	0.93671			6
2025.05.12	01:43:40.999		0.93672			4
2025.05.12	01:43:44.389		0.93671			4
2025.05.12	01:43:44.775	0.93651	0.93669			6
2025.05.12	01:43:45.080	0.93652	0.93666			6
2025.05.12	01:43:45.398	0.93654	0.93671			6
2025.05.12	01:43:45.720		0.93669			4
2025.05.12	01:43:46.336	0.93656				2
2025.05.12	01:43:55.233		0.93670			4
2025.05.12	01:43:55.551	0.93657				2
2025.05.12	01:43:56.517	0.93656				2
2025.05.12	01:43:58.910	0.93660	0.93672			6
2025.05.12	01:43:59.850	0.93658	0.93670			6
2025.05.12	01:44:00.855	0.93658				2
2025.05.12	01:44:09.183		0.93671			4
2025.05.12	01:44:09.551	0.93659	0.93673			6
2025.05.12	01:44:10.240	0.93658	0.93671			6
2025.05.12	01:44:10.926	0.93656				2
2025.05.12	01:44:13.384	0.93659	0.93670			6
2025.05.12	01:44:13.698	0.93657	0.93671			6
2025.05.12	01:44:18.343	0.93656				2
2025.05.12	01:44:18.659	0.93659				2
2025.05.12	01:44:20.154	0.93660				2
2025.05.12	01:44:21.871	0.93658	0.93672			6
2025.05.12	01:44:23.828		0.93671			4
2025.05.12	01:44:24.300	0.93661				2
2025.05.12	01:44:25.174		0.93672			4
2025.05.12	01:44:27.884	0.93660				2
2025.05.12	01:44:28.205		0.93673			4
2025.05.12	01:44:29.153		0.93672			4
2025.05.12	01:44:31.162	0.93661	0.93671			6
2025.05.12	01:44:31.479	0.93659				2
2025.05.12	01:44:33.957	0.93658				2
2025.05.12	01:44:35.677	0.93638	0.93658			6
2025.05.12	01:44:37.247	0.93648	0.93655			6
2025.05.12	01:44:38.057		0.93654			4
2025.05.12	01:44:38.492		0.93659			4
2025.05.12	01:44:39.035		0.93655			4
2025.05.12	01:44:39.558	0.93647				2
2025.05.12	01:44:39.860		0.93657			4
2025.05.12	01:44:40.758		0.93656			4
2025.05.12	01:44:43.321	0.93649	0.93665			6
2025.05.12	01:44:49.615	0.93650				2
2025.05.12	01:44:50.180	0.93647	0.93659			6
2025.05.12	01:44:50.562		0.93658			4
2025.05.12	01:44:51.363	0.93646	0.93656			6
2025.05.12	01:44:58.441		0.93657			4
2025.05.12	01:44:59.810		0.93660			4
2025.05.12	01:45:00.169	0.93645	0.93663			6
2025.05.12	01:45:02.374	0.93644	0.93659			6
2025.05.12	01:45:03.440		0.93663			4
2025.05.12	01:45:03.799	0.93646	0.93659			6
2025.05.12	01:45:04.113		0.93660			4
2025.05.12	01:45:05.409		0.93659			4
2025.05.12	01:45:08.411	0.93643	0.93658			6
2025.05.12	01:45:10.411		0.93659			4
2025.05.12	01:45:11.047	0.93646				2
2025.05.12	01:45:11.361	0.93642	0.93658			6
2025.05.12	01:45:12.181	0.93644				2
2025.05.12	01:45:13.163	0.93642				2
2025.05.12	01:45:14.391	0.93644				2
2025.05.12	01:45:15.456	0.93641				2
2025.05.12	01:45:18.650	0.93642				2
2025.05.12	01:45:20.996	0.93641				2
2025.05.12	01:45:21.633	0.93644	0.93656			6
2025.05.12	01:45:21.938	0.93638	0.93653			6
2025.05.12	01:45:23.428	0.93636				2
2025.05.12	01:45:24.150	0.93637				2
2025.05.12	01:45:25.090		0.93652			4
2025.05.12	01:45:26.419		0.93653			4
2025.05.12	01:45:29.908	0.93638				2
2025.05.12	01:45:30.540		0.93654			4
2025.05.12	01:45:32.005	0.93639	0.93655			6
2025.05.12	01:45:32.701	0.93640				2
2025.05.12	01:45:33.659	0.93639				2
2025.05.12	01:45:34.096	0.93637	0.93654			6
2025.05.12	01:45:34.408		0.93653			4
2025.05.12	01:45:34.852	0.93635	0.93652			6
2025.05.12	01:45:37.395	0.93637				2
2025.05.12	01:45:37.883	0.93635				2
2025.05.12	01:45:38.207	0.93636				2
2025.05.12	01:45:38.557		0.93654			4
2025.05.12	01:45:42.824	0.93637	0.93652			6
2025.05.12	01:45:43.258	0.93638				2
2025.05.12	01:45:46.899	0.93633	0.93648			6
2025.05.12	01:45:47.202	0.93637	0.93658			6
2025.05.12	01:45:47.523	0.93639	0.93657			6
2025.05.12	01:45:49.151	0.93637	0.93658			6
2025.05.12	01:45:50.510	0.93639	0.93655			6
2025.05.12	01:45:50.827	0.93640	0.93660			6
2025.05.12	01:45:52.093	0.93641	0.93656			6
2025.05.12	01:45:52.557		0.93657			4
2025.05.12	01:45:55.146	0.93638	0.93661			6
2025.05.12	01:45:55.557		0.93659			4
2025.05.12	01:45:56.821	0.93641				2
2025.05.12	01:45:57.291	0.93640				2
2025.05.12	01:46:00.129	0.93638				2
2025.05.12	01:46:00.461		0.93661			4
2025.05.12	01:46:00.782		0.93659			4
2025.05.12	01:46:07.809	0.93636	0.93653			6
2025.05.12	01:46:08.145	0.93638	0.93657			6
2025.05.12	01:46:08.556		0.93656			4
2025.05.12	01:46:08.893	0.93640	0.93657			6
2025.05.12	01:46:10.527	0.93638				2
2025.05.12	01:46:14.114	0.93642	0.93656			6
2025.05.12	01:46:14.417		0.93657			4
2025.05.12	01:46:15.927	0.93640	0.93658			6
2025.05.12	01:46:17.443	0.93642				2
2025.05.12	01:46:18.254	0.93645	0.93661			6
2025.05.12	01:46:19.941	0.93647				2
2025.05.12	01:46:20.259	0.93645	0.93664			6
2025.05.12	01:46:21.635	0.93644				2
2025.05.12	01:46:22.826		0.93663			4
2025.05.12	01:46:23.270	0.93640	0.93662			6
2025.05.12	01:46:24.594	0.93644	0.93660			6
2025.05.12	01:46:24.898	0.93643	0.93663			6
2025.05.12	01:46:25.542	0.93642	0.93662			6
2025.05.12	01:46:27.134	0.93640	0.93657			6
2025.05.12	01:46:28.758	0.93642	0.93658			6
2025.05.12	01:46:30.637	0.93643				2
2025.05.12	01:46:31.791	0.93644				2
2025.05.12	01:46:32.099	0.93642	0.93657			6
2025.05.12	01:46:32.420	0.93643	0.93659			6
2025.05.12	01:46:38.358		0.93658			4
2025.05.12	01:46:43.728		0.93659			4
2025.05.12	01:46:44.274		0.93658			4
2025.05.12	01:46:45.530		0.93657			4
2025.05.12	01:46:48.252		0.93658			4
2025.05.12	01:46:57.034	0.93644	0.93659			6
2025.05.12	01:46:57.949	0.93645	0.93661			6
2025.05.12	01:46:59.160	0.93646	0.93662			6
2025.05.12	01:46:59.609	0.93643	0.93660			6
2025.05.12	01:47:01.192	0.93644	0.93661			6
2025.05.12	01:47:01.572	0.93645	0.93662			6
2025.05.12	01:47:01.885	0.93649	0.93660			6
2025.05.12	01:47:02.204	0.93647				2
2025.05.12	01:47:02.530	0.93646	0.93662			6
2025.05.12	01:47:02.889	0.93644				2
2025.05.12	01:47:03.429	0.93645				2
2025.05.12	01:47:04.344	0.93643				2
2025.05.12	01:47:05.265	0.93646				2
2025.05.12	01:47:06.277	0.93647	0.93661			6
2025.05.12	01:47:10.160	0.93646	0.93662			6
2025.05.12	01:47:11.763	0.93645	0.93664			6
2025.05.12	01:47:12.150	0.93646	0.93663			6
2025.05.12	01:47:14.328	0.93644				2
2025.05.12	01:47:15.220	0.93647	0.93664			6
2025.05.12	01:47:16.705		0.93665			4
2025.05.12	01:47:17.815	0.93644	0.93662			6
2025.05.12	01:47:18.848	0.93642	0.93653			6
2025.05.12	01:47:19.467	0.93641	0.93656			6
2025.05.12	01:47:19.788	0.93640	0.93652			6
2025.05.12	01:47:20.380		0.93653			4
2025.05.12	01:47:20.687		0.93654			4
2025.05.12	01:47:21.000	0.93639	0.93657			6
2025.05.12	01:47:21.319	0.93649	0.93658			6
2025.05.12	01:47:21.638	0.93645	0.93662			6
2025.05.12	01:47:22.826	0.93644	0.93661			6
2025.05.12	01:47:23.498	0.93640	0.93660			6
2025.05.12	01:47:24.786	0.93642				2
2025.05.12	01:47:25.127	0.93640	0.93661			6
2025.05.12	01:47:25.833	0.93644				2
2025.05.12	01:47:32.113	0.93643	0.93665			6
2025.05.12	01:47:32.424	0.93646	0.93662			6
2025.05.12	01:47:32.871	0.93645				2
2025.05.12	01:47:33.186	0.93643	0.93660			6
2025.05.12	01:47:33.504	0.93644				2
2025.05.12	01:47:35.289	0.93645	0.93662			6
2025.05.12	01:47:35.601	0.93649	0.93668			6
2025.05.12	01:47:35.907	0.93647	0.93665			6
2025.05.12	01:47:36.222	0.93645	0.93664			6
2025.05.12	01:47:37.948	0.93642	0.93655			6
2025.05.12	01:47:38.259	0.93640	0.93659			6
2025.05.12	01:47:38.579		0.93656			4
2025.05.12	01:47:38.889		0.93658			4
2025.05.12	01:47:39.191	0.93634	0.93649			6
2025.05.12	01:47:39.511	0.93635	0.93640			6
2025.05.12	01:47:39.818		0.93644			4
2025.05.12	01:47:40.140	0.93638	0.93645			6
2025.05.12	01:47:40.443		0.93650			4
2025.05.12	01:47:40.765		0.93649			4
2025.05.12	01:47:41.395		0.93650			4
2025.05.12	01:47:42.066	0.93633	0.93645			6
2025.05.12	01:47:47.683	0.93636	0.93646			6
2025.05.12	01:47:48.382	0.93638	0.93650			6
2025.05.12	01:47:49.463		0.93652			4
2025.05.12	01:47:49.802		0.93651			4
2025.05.12	01:47:50.109	0.93637				2
2025.05.12	01:47:50.803		0.93650			4
2025.05.12	01:47:52.415	0.93636	0.93649			6
2025.05.12	01:47:55.340	0.93634	0.93646			6
2025.05.12	01:47:55.833		0.93647			4
2025.05.12	01:47:56.857	0.93635	0.93646			6
2025.05.12	01:47:57.197	0.93634				2
2025.05.12	01:47:57.522	0.93633				2
2025.05.12	01:48:00.405	0.93632				2
2025.05.12	01:48:00.818		0.93648			4
2025.05.12	01:48:01.731		0.93645			4
2025.05.12	01:48:02.055	0.93628	0.93642			6
2025.05.12	01:48:03.151	0.93629	0.93644			6
2025.05.12	01:48:04.644	0.93630	0.93643			6
2025.05.12	01:48:07.466		0.93644			4
2025.05.12	01:48:09.338		0.93642			4
2025.05.12	01:48:10.035	0.93629				2
2025.05.12	01:48:10.464		0.93644			4
2025.05.12	01:48:11.284		0.93643			4
2025.05.12	01:48:12.529	0.93630	0.93644			6
2025.05.12	01:48:15.040	0.93629				2
2025.05.12	01:48:18.917	0.93632	0.93647			6
2025.05.12	01:48:19.464		0.93651			4
2025.05.12	01:48:20.003		0.93647			4
2025.05.12	01:48:20.535	0.93630	0.93646			6
2025.05.12	01:48:21.140	0.93632				2
2025.05.12	01:48:21.453	0.93631				2
2025.05.12	01:48:22.585	0.93630				2
2025.05.12	01:48:23.670	0.93631				2
2025.05.12	01:48:30.948		0.93645			4
2025.05.12	01:48:32.838	0.93630				2
2025.05.12	01:48:33.831		0.93643			4
2025.05.12	01:48:34.364	0.93634	0.93648			6
2025.05.12	01:48:35.696	0.93638	0.93643			6
2025.05.12	01:48:36.022	0.93630	0.93642			6
2025.05.12	01:48:36.335	0.93629				2
2025.05.12	01:48:37.442		0.93643			4
2025.05.12	01:48:38.821	0.93628	0.93645			6
2025.05.12	01:48:39.146	0.93629				2
2025.05.12	01:48:41.117		0.93646			4
2025.05.12	01:48:43.113	0.93628	0.93642			6
2025.05.12	01:48:43.555		0.93643			4
2025.05.12	01:48:46.173	0.93627	0.93641			6
2025.05.12	01:48:47.440		0.93643			4
2025.05.12	01:48:47.839		0.93641			4
2025.05.12	01:48:48.974	0.93628	0.93642			6
2025.05.12	01:48:55.864	0.93625	0.93640			6
2025.05.12	01:48:56.167	0.93624	0.93642			6
2025.05.12	01:48:59.079		0.93641			4
2025.05.12	01:49:00.031	0.93624				2
2025.05.12	01:49:00.675	0.93622	0.93636			6
2025.05.12	01:49:02.777	0.93623	0.93640			6
2025.05.12	01:49:03.103	0.93625	0.93638			6
2025.05.12	01:49:03.435	0.93631	0.93645			6
2025.05.12	01:49:03.747	0.93632	0.93649			6
2025.05.12	01:49:04.115		0.93645			4
2025.05.12	01:49:04.457		0.93646			4
2025.05.12	01:49:05.144		0.93647			4
2025.05.12	01:49:05.997		0.93649			4
2025.05.12	01:49:06.692	0.93631	0.93647			6
2025.05.12	01:49:07.219	0.93633	0.93650			6
2025.05.12	01:49:07.539		0.93649			4
2025.05.12	01:49:07.871	0.93631	0.93647			6
2025.05.12	01:49:08.179		0.93646			4
2025.05.12	01:49:08.537	0.93632	0.93649			6
2025.05.12	01:49:09.162		0.93648			4
2025.05.12	01:49:10.116	0.93631				2
2025.05.12	01:49:12.937	0.93638	0.93653			6
2025.05.12	01:49:14.253	0.93640				2
2025.05.12	01:49:16.696	0.93639				2
2025.05.12	01:49:17.303	0.93640				2
2025.05.12	01:49:17.727		0.93652			4
2025.05.12	01:49:18.561	0.93641				2
2025.05.12	01:49:22.241		0.93654			4
2025.05.12	01:49:24.994	0.93640	0.93653			6
2025.05.12	01:49:25.313	0.93639				2
2025.05.12	01:49:26.140	0.93641				2
2025.05.12	01:49:26.529	0.93643	0.93652			6
2025.05.12	01:49:27.315	0.93644	0.93655			6
2025.05.12	01:49:27.622	0.93647	0.93662			6
2025.05.12	01:49:27.968		0.93661			4
2025.05.12	01:49:30.160	0.93645	0.93656			6
2025.05.12	01:49:31.038	0.93642				2
2025.05.12	01:49:31.340	0.93643	0.93654			6
2025.05.12	01:49:31.723	0.93644				2
2025.05.12	01:49:32.275	0.93645	0.93656			6
2025.05.12	01:49:32.931	0.93643				2
2025.05.12	01:49:33.253	0.93644				2
2025.05.12	01:49:34.703	0.93642				2
2025.05.12	01:49:35.406	0.93643				2
2025.05.12	01:49:35.899		0.93657			4
2025.05.12	01:49:38.092		0.93658			4
2025.05.12	01:49:38.804	0.93641	0.93656			6
2025.05.12	01:49:41.121	0.93638	0.93652			6
2025.05.12	01:49:42.177		0.93653			4
2025.05.12	01:49:44.025	0.93633	0.93646			6
2025.05.12	01:49:44.345		0.93639			4
2025.05.12	01:49:45.829	0.93631	0.93638			6
2025.05.12	01:49:46.392	0.93635	0.93642			6
2025.05.12	01:49:46.733		0.93643			4
2025.05.12	01:49:47.041		0.93645			4
2025.05.12	01:49:48.735	0.93636	0.93649			6
2025.05.12	01:49:49.047		0.93648			4
2025.05.12	01:49:49.408	0.93637	0.93649			6
2025.05.12	01:49:49.723	0.93636	0.93648			6
2025.05.12	01:49:50.134	0.93637	0.93649			6
2025.05.12	01:49:52.125	0.93636				2
2025.05.12	01:49:52.432	0.93637				2
2025.05.12	01:49:54.764	0.93636				2
2025.05.12	01:49:58.565	0.93643	0.93656			6
2025.05.12	01:50:00.193	0.93643				2
2025.05.12	01:50:00.565	0.93642	0.93657			6
2025.05.12	01:50:01.802	0.93643				2
2025.05.12	01:50:02.208		0.93655			4
2025.05.12	01:50:02.559	0.93642	0.93654			6
2025.05.12	01:50:03.070	0.93637	0.93650			6
2025.05.12	01:50:03.407	0.93640	0.93653			6
2025.05.12	01:50:04.475	0.93635	0.93647			6
2025.05.12	01:50:06.359	0.93634				2
2025.05.12	01:50:07.447		0.93646			4
2025.05.12	01:50:07.798	0.93633				2
2025.05.12	01:50:13.756	0.93635	0.93648			6
2025.05.12	01:50:14.083	0.93634				2
2025.05.12	01:50:17.519	0.93636	0.93649			6
2025.05.12	01:50:18.276	0.93635				2
2025.05.12	01:50:19.573		0.93648			4
2025.05.12	01:50:25.148	0.93633	0.93647			6
2025.05.12	01:50:25.475	0.93634				2
2025.05.12	01:50:26.111		0.93648			4
