<DATE>	<TIME>	<BID>	<ASK>	<LAST>	<VOLUME>	<FLAGS>
2025.03.14	00:00:00.282	0.95682	0.95871			6
2025.03.14	00:00:02.359	0.95677	0.95896			6
2025.03.14	00:00:05.739		0.95909			4
2025.03.14	00:00:13.737		0.95899			4
2025.03.14	00:00:23.661		0.95909			4
2025.03.14	00:00:31.504	0.95679	0.95901			6
2025.03.14	00:00:41.332		0.95878			4
2025.03.14	00:00:42.592		0.95915			4
2025.03.14	00:03:58.804	0.95677	0.95907			6
2025.03.14	00:03:59.107		0.95886			4
2025.03.14	00:04:00.266	0.95677	0.95907			6
2025.03.14	00:04:20.621	0.95643	0.95873			6
2025.03.14	00:04:41.323	0.95632	0.95857			6
2025.03.14	00:04:55.359	0.95673	0.95846			6
2025.03.14	00:05:00.524	0.95673				2
2025.03.14	00:05:20.603	0.95648	0.95826			6
2025.03.14	00:05:22.203	0.95642	0.95827			6
2025.03.14	00:05:23.377		0.95830			4
2025.03.14	00:05:24.366		0.95834			4
2025.03.14	00:05:25.654		0.95833			4
2025.03.14	00:05:26.356		0.95828			4
2025.03.14	00:05:28.082	0.95652	0.95811			6
2025.03.14	00:05:31.484		0.95813			4
2025.03.14	00:05:38.351		0.95811			4
2025.03.14	00:05:42.298	0.95671	0.95798			6
2025.03.14	00:06:00.064	0.95671				2
2025.03.14	00:06:15.119	0.95678	0.95801			6
2025.03.14	00:07:00.556	0.95678				2
2025.03.14	00:07:10.119	0.95680				2
2025.03.14	00:07:20.406		0.95801			4
2025.03.14	00:08:01.218	0.95680				2
2025.03.14	00:08:05.117		0.95802			4
2025.03.14	00:09:00.117	0.95680	0.95808			6
2025.03.14	00:09:10.733	0.95675	0.95797			6
2025.03.14	00:10:00.316	0.95675				2
2025.03.14	00:10:05.837	0.95679	0.95792			6
2025.03.14	00:10:13.404	0.95675	0.95796			6
2025.03.14	00:10:24.651	0.95676	0.95797			6
2025.03.14	00:11:00.115	0.95676				2
2025.03.14	00:11:19.509	0.95674	0.95795			6
2025.03.14	00:11:19.814	0.95646	0.95845			6
2025.03.14	00:11:20.858	0.95674	0.95795			6
2025.03.14	00:11:21.480	0.95646	0.95845			6
2025.03.14	00:11:27.331	0.95674	0.95795			6
2025.03.14	00:11:27.942	0.95679	0.95792			6
2025.03.14	00:11:33.541	0.95674	0.95795			6
2025.03.14	00:11:34.460	0.95679	0.95792			6
2025.03.14	00:11:40.174	0.95674	0.95795			6
2025.03.14	00:11:40.777	0.95679	0.95792			6
2025.03.14	00:11:46.738	0.95673	0.95794			6
2025.03.14	00:11:47.349	0.95679	0.95792			6
2025.03.14	00:11:55.838	0.95674	0.95786			6
2025.03.14	00:12:03.164	0.95674				2
2025.03.14	00:12:28.869	0.95663	0.95776			6
2025.03.14	00:13:00.966	0.95663				2
2025.03.14	00:13:24.901		0.95769			4
2025.03.14	00:13:28.502		0.95776			4
2025.03.14	00:13:38.685	0.95680	0.95824			6
2025.03.14	00:13:39.105		0.95897			4
2025.03.14	00:13:39.405		0.95892			4
2025.03.14	00:13:39.725		0.95896			4
2025.03.14	00:13:40.026		0.95897			4
2025.03.14	00:13:40.344		0.95888			4
2025.03.14	00:13:40.646		0.95887			4
2025.03.14	00:13:41.265		0.95870			4
2025.03.14	00:13:41.566		0.95881			4
2025.03.14	00:13:41.886		0.95891			4
2025.03.14	00:13:42.187		0.95889			4
2025.03.14	00:13:42.489		0.95878			4
2025.03.14	00:13:42.807		0.95886			4
2025.03.14	00:13:43.125		0.95870			4
2025.03.14	00:13:43.445		0.95886			4
2025.03.14	00:13:43.766		0.95889			4
2025.03.14	00:13:44.384		0.95885			4
2025.03.14	00:13:44.686		0.95890			4
2025.03.14	00:13:45.005		0.95878			4
2025.03.14	00:13:45.306		0.95870			4
2025.03.14	00:13:45.926		0.95889			4
2025.03.14	00:13:46.244		0.95883			4
2025.03.14	00:13:46.545		0.95887			4
2025.03.14	00:13:46.848		0.95881			4
2025.03.14	00:13:47.466		0.95887			4
2025.03.14	00:13:48.085		0.95891			4
2025.03.14	00:13:48.387		0.95870			4
2025.03.14	00:13:48.704		0.95892			4
2025.03.14	00:13:49.006		0.95873			4
2025.03.14	00:13:49.325		0.95890			4
2025.03.14	00:13:49.626		0.95889			4
2025.03.14	00:13:49.927	0.95681	0.95891			6
2025.03.14	00:13:50.246	0.95680	0.95875			6
2025.03.14	00:13:50.547		0.95888			4
2025.03.14	00:13:50.864		0.95875			4
2025.03.14	00:13:51.168		0.95888			4
2025.03.14	00:13:51.485		0.95889			4
2025.03.14	00:13:51.788		0.95879			4
2025.03.14	00:13:52.104		0.95890			4
2025.03.14	00:13:52.408		0.95879			4
2025.03.14	00:13:52.725		0.95875			4
2025.03.14	00:13:53.028		0.95890			4
2025.03.14	00:13:53.345		0.95891			4
2025.03.14	00:13:53.646		0.95890			4
2025.03.14	00:13:53.982		0.95888			4
2025.03.14	00:13:54.286		0.95884			4
2025.03.14	00:13:54.587		0.95883			4
2025.03.14	00:13:54.904		0.95886			4
2025.03.14	00:13:55.826		0.95888			4
2025.03.14	00:13:56.444		0.95892			4
2025.03.14	00:13:56.747		0.95875			4
2025.03.14	00:13:57.367		0.95892			4
2025.03.14	00:13:57.684		0.95891			4
2025.03.14	00:13:58.305		0.95889			4
2025.03.14	00:13:58.624	0.95676	0.95872			6
2025.03.14	00:13:58.927	0.95680	0.95891			6
2025.03.14	00:13:59.227	0.95665	0.95871			6
2025.03.14	00:13:59.545	0.95680	0.95875			6
2025.03.14	00:13:59.846		0.95872			4
2025.03.14	00:14:00.166	0.95680	0.95890			6
2025.03.14	00:14:00.468	0.95681	0.95889			6
2025.03.14	00:14:00.786	0.95680	0.95885			6
2025.03.14	00:14:01.405		0.95889			4
2025.03.14	00:14:01.706		0.95887			4
2025.03.14	00:14:02.008		0.95888			4
2025.03.14	00:14:02.325		0.95887			4
2025.03.14	00:14:02.936		0.95891			4
2025.03.14	00:14:03.244		0.95890			4
2025.03.14	00:14:03.548		0.95886			4
2025.03.14	00:14:03.864		0.95885			4
2025.03.14	00:14:04.166		0.95890			4
2025.03.14	00:14:04.486		0.95875			4
2025.03.14	00:14:04.786		0.95884			4
2025.03.14	00:14:05.106		0.95889			4
2025.03.14	00:14:05.725		0.95892			4
2025.03.14	00:14:06.027		0.95886			4
2025.03.14	00:14:06.345		0.95888			4
2025.03.14	00:14:06.648		0.95885			4
2025.03.14	00:14:07.266		0.95888			4
2025.03.14	00:14:07.585		0.95889			4
2025.03.14	00:14:07.886		0.95870			4
2025.03.14	00:14:08.205		0.95889			4
2025.03.14	00:14:08.506		0.95887			4
2025.03.14	00:14:08.824		0.95884			4
2025.03.14	00:14:09.129		0.95887			4
2025.03.14	00:14:09.747	0.95682	0.95888			6
2025.03.14	00:14:10.066	0.95680	0.95882			6
2025.03.14	00:14:10.368		0.95888			4
2025.03.14	00:14:10.669		0.95887			4
2025.03.14	00:14:10.984		0.95886			4
2025.03.14	00:14:11.304		0.95891			4
2025.03.14	00:14:11.607		0.95886			4
2025.03.14	00:14:11.925		0.95870			4
2025.03.14	00:14:12.245		0.95892			4
2025.03.14	00:14:12.546	0.95681	0.95886			6
2025.03.14	00:14:12.865	0.95680	0.95870			6
2025.03.14	00:14:13.166		0.95886			4
2025.03.14	00:14:13.484		0.95870			4
2025.03.14	00:14:13.785		0.95892			4
2025.03.14	00:14:14.087		0.95878			4
2025.03.14	00:14:14.405		0.95886			4
2025.03.14	00:14:14.706		0.95890			4
2025.03.14	00:14:15.026		0.95881			4
2025.03.14	00:14:15.326		0.95887			4
2025.03.14	00:14:15.646		0.95886			4
2025.03.14	00:14:15.947		0.95882			4
2025.03.14	00:14:16.264		0.95885			4
2025.03.14	00:14:16.568		0.95878			4
2025.03.14	00:14:16.884		0.95885			4
2025.03.14	00:14:17.486		0.95878			4
2025.03.14	00:14:17.805		0.95885			4
2025.03.14	00:14:18.125		0.95888			4
2025.03.14	00:14:18.426		0.95877			4
2025.03.14	00:14:18.726		0.95883			4
2025.03.14	00:14:19.044		0.95889			4
2025.03.14	00:14:19.348		0.95890			4
2025.03.14	00:14:19.665		0.95888			4
2025.03.14	00:14:19.967		0.95885			4
2025.03.14	00:14:20.585		0.95877			4
2025.03.14	00:14:20.905		0.95892			4
2025.03.14	00:14:21.206		0.95888			4
2025.03.14	00:14:21.508		0.95890			4
2025.03.14	00:14:22.127		0.95878			4
2025.03.14	00:14:22.444		0.95886			4
2025.03.14	00:14:22.748		0.95890			4
2025.03.14	00:14:23.064		0.95888			4
2025.03.14	00:14:23.366		0.95878			4
2025.03.14	00:14:23.685		0.95890			4
2025.03.14	00:14:24.305		0.95871			4
2025.03.14	00:14:24.608		0.95891			4
2025.03.14	00:14:24.926		0.95889			4
2025.03.14	00:14:25.227	0.95681				2
2025.03.14	00:14:25.545	0.95680	0.95886			6
2025.03.14	00:14:25.846		0.95885			4
2025.03.14	00:14:26.166		0.95877			4
2025.03.14	00:14:26.468		0.95885			4
2025.03.14	00:14:26.786		0.95869			4
2025.03.14	00:14:27.106		0.95877			4
2025.03.14	00:14:27.408		0.95885			4
2025.03.14	00:14:27.725		0.95869			4
2025.03.14	00:14:28.029		0.95889			4
2025.03.14	00:14:28.345		0.95886			4
2025.03.14	00:14:28.648		0.95875			4
2025.03.14	00:14:28.965		0.95878			4
2025.03.14	00:14:29.269		0.95873			4
2025.03.14	00:14:29.585		0.95886			4
2025.03.14	00:14:29.904		0.95891			4
2025.03.14	00:14:30.224		0.95875			4
2025.03.14	00:14:30.545		0.95891			4
2025.03.14	00:14:30.866		0.95886			4
2025.03.14	00:14:31.184		0.95891			4
2025.03.14	00:14:31.487		0.95869			4
2025.03.14	00:14:31.806		0.95886			4
2025.03.14	00:14:32.106		0.95891			4
2025.03.14	00:14:32.425	0.95678	0.95872			6
2025.03.14	00:14:32.727	0.95682	0.95892			6
2025.03.14	00:14:33.045	0.95680	0.95872			6
2025.03.14	00:14:33.348		0.95894			4
2025.03.14	00:14:33.665		0.95872			4
2025.03.14	00:14:33.967		0.95877			4
2025.03.14	00:14:34.286		0.95869			4
2025.03.14	00:14:34.586		0.95891			4
2025.03.14	00:14:34.905		0.95887			4
2025.03.14	00:14:35.205	0.95682	0.95891			6
2025.03.14	00:14:35.525	0.95680	0.95885			6
2025.03.14	00:14:35.846	0.95682	0.95891			6
2025.03.14	00:14:36.147	0.95680				2
2025.03.14	00:14:36.465	0.95681	0.95872			6
2025.03.14	00:14:36.766	0.95680	0.95889			6
2025.03.14	00:14:37.085		0.95885			4
2025.03.14	00:14:37.388		0.95886			4
2025.03.14	00:14:37.705		0.95889			4
2025.03.14	00:14:38.009		0.95877			4
2025.03.14	00:14:38.326		0.95891			4
2025.03.14	00:14:38.945		0.95877			4
2025.03.14	00:14:39.265	0.95670	0.95871			6
2025.03.14	00:14:39.566	0.95680	0.95880			6
2025.03.14	00:14:39.886		0.95886			4
2025.03.14	00:14:40.188	0.95681	0.95891			6
2025.03.14	00:14:40.505	0.95680	0.95884			6
2025.03.14	00:14:40.806	0.95682	0.95891			6
2025.03.14	00:14:41.125	0.95680	0.95877			6
2025.03.14	00:14:41.425		0.95881			4
2025.03.14	00:14:41.746		0.95873			4
2025.03.14	00:14:42.046	0.95681	0.95894			6
2025.03.14	00:14:42.365	0.95680	0.95871			6
2025.03.14	00:14:42.685		0.95892			4
2025.03.14	00:14:42.986	0.95681	0.95871			6
2025.03.14	00:14:43.305	0.95680	0.95874			6
2025.03.14	00:14:43.608		0.95883			4
2025.03.14	00:14:43.925		0.95873			4
2025.03.14	00:14:44.246		0.95888			4
2025.03.14	00:14:44.864	0.95681	0.95883			6
2025.03.14	00:14:45.165	0.95683	0.95872			6
2025.03.14	00:14:45.485	0.95680	0.95878			6
2025.03.14	00:14:45.785		0.95874			4
2025.03.14	00:14:46.104		0.95877			4
2025.03.14	00:14:46.409		0.95874			4
2025.03.14	00:14:46.725	0.95683	0.95891			6
2025.03.14	00:14:47.045	0.95680				2
2025.03.14	00:14:47.365		0.95877			4
2025.03.14	00:14:47.666		0.95889			4
2025.03.14	00:14:47.984		0.95888			4
2025.03.14	00:14:48.286		0.95877			4
2025.03.14	00:14:48.593		0.95890			4
2025.03.14	00:14:48.905	0.95666	0.95872			6
2025.03.14	00:14:49.207	0.95681	0.95890			6
2025.03.14	00:14:49.525	0.95668	0.95872			6
2025.03.14	00:14:49.826	0.95682	0.95892			6
2025.03.14	00:14:50.129	0.95680	0.95877			6
2025.03.14	00:14:50.445		0.95891			4
2025.03.14	00:14:50.746		0.95886			4
2025.03.14	00:14:51.066		0.95885			4
2025.03.14	00:14:51.367		0.95891			4
2025.03.14	00:14:52.324		0.95878			4
2025.03.14	00:14:52.626		0.95891			4
2025.03.14	00:14:52.944		0.95886			4
2025.03.14	00:14:53.266	0.95682	0.95890			6
2025.03.14	00:14:53.567	0.95680	0.95869			6
2025.03.14	00:14:53.885	0.95681	0.95885			6
2025.03.14	00:14:54.524	0.95680	0.95890			6
2025.03.14	00:14:55.144		0.95886			4
2025.03.14	00:14:55.785		0.95888			4
2025.03.14	00:14:56.088		0.95869			4
2025.03.14	00:14:56.405		0.95890			4
2025.03.14	00:14:56.724	0.95681	0.95885			6
2025.03.14	00:14:57.024	0.95680	0.95875			6
2025.03.14	00:14:57.327	0.95681	0.95890			6
2025.03.14	00:14:57.644	0.95680	0.95889			6
2025.03.14	00:14:58.266		0.95894			4
2025.03.14	00:14:58.584		0.95884			4
2025.03.14	00:14:58.886		0.95889			4
2025.03.14	00:14:59.208		0.95885			4
2025.03.14	00:14:59.524		0.95891			4
2025.03.14	00:15:00.164	0.95680	0.95890			6
2025.03.14	00:15:00.465		0.95889			4
2025.03.14	00:15:00.767		0.95878			4
2025.03.14	00:15:01.087		0.95890			4
2025.03.14	00:15:01.706		0.95885			4
2025.03.14	00:15:02.024	0.95682				2
2025.03.14	00:15:02.326	0.95680	0.95890			6
2025.03.14	00:15:02.645		0.95885			4
2025.03.14	00:15:02.946		0.95890			4
2025.03.14	00:15:03.265		0.95891			4
2025.03.14	00:15:03.568		0.95883			4
2025.03.14	00:15:03.884		0.95891			4
2025.03.14	00:15:04.187	0.95683	0.95872			6
2025.03.14	00:15:04.504	0.95665	0.95871			6
2025.03.14	00:15:04.806	0.95680	0.95877			6
2025.03.14	00:15:05.126		0.95885			4
2025.03.14	00:15:05.744		0.95889			4
2025.03.14	00:15:06.364	0.95682	0.95885			6
2025.03.14	00:15:06.684	0.95680				2
2025.03.14	00:15:06.986		0.95880			4
2025.03.14	00:15:07.306	0.95679	0.95876			6
2025.03.14	00:15:07.612	0.95680	0.95897			6
2025.03.14	00:15:07.924		0.95880			4
2025.03.14	00:15:08.545		0.95891			4
2025.03.14	00:15:09.184	0.95681	0.95892			6
2025.03.14	00:15:09.486	0.95680				2
2025.03.14	00:15:10.106		0.95880			4
2025.03.14	00:15:10.424	0.95682	0.95891			6
2025.03.14	00:15:10.745	0.95680	0.95880			6
2025.03.14	00:15:11.049	0.95682	0.95891			6
2025.03.14	00:15:11.366	0.95680	0.95880			6
2025.03.14	00:15:11.685		0.95892			4
2025.03.14	00:15:12.307		0.95880			4
2025.03.14	00:15:12.927		0.95892			4
2025.03.14	00:15:13.244		0.95880			4
2025.03.14	00:15:13.866		0.95891			4
2025.03.14	00:15:14.185		0.95892			4
2025.03.14	00:15:14.506		0.95895			4
2025.03.14	00:15:14.825		0.95892			4
2025.03.14	00:15:15.126		0.95891			4
2025.03.14	00:15:15.436		0.95892			4
2025.03.14	00:16:40.386	0.95664	0.95818			6
2025.03.14	00:17:00.004	0.95664				2
2025.03.14	00:17:00.783	0.95680				2
2025.03.14	00:17:07.625	0.95694				2
2025.03.14	00:17:16.837	0.95708				2
2025.03.14	00:17:17.211	0.95709				2
2025.03.14	00:17:30.081	0.95694				2
2025.03.14	00:17:33.001		0.95817			4
2025.03.14	00:17:38.629	0.95680				2
2025.03.14	00:17:42.747	0.95675	0.95797			6
2025.03.14	00:18:02.403	0.95675				2
2025.03.14	00:18:37.854	0.95679	0.95792			6
2025.03.14	00:19:00.979	0.95679				2
2025.03.14	00:19:32.856	0.95674	0.95786			6
2025.03.14	00:20:00.760	0.95674				2
2025.03.14	00:20:18.660	0.95675				2
2025.03.14	00:20:19.909	0.95674				2
2025.03.14	00:20:40.680		0.95786			4
2025.03.14	00:21:03.446	0.95674				2
2025.03.14	00:21:42.621		0.95786			4
2025.03.14	00:22:00.450	0.95674				2
2025.03.14	00:22:46.352		0.95786			4
2025.03.14	00:23:01.191	0.95674				2
2025.03.14	00:23:50.524		0.95786			4
2025.03.14	00:24:02.198	0.95674				2
2025.03.14	00:24:51.032		0.95786			4
2025.03.14	00:25:00.312	0.95674				2
2025.03.14	00:25:02.863	0.95671	0.95784			6
2025.03.14	00:26:00.524	0.95671				2
2025.03.14	00:26:10.523		0.95784			4
2025.03.14	00:26:35.850	0.95680				2
2025.03.14	00:27:01.507	0.95680				2
2025.03.14	00:27:10.961		0.95784			4
2025.03.14	00:27:35.846	0.95679				2
2025.03.14	00:28:02.741	0.95679				2
2025.03.14	00:28:11.101		0.95784			4
2025.03.14	00:29:00.522	0.95679				2
2025.03.14	00:29:12.122		0.95784			4
2025.03.14	00:29:39.805		0.95776			4
2025.03.14	00:29:40.198	0.95673				2
2025.03.14	00:30:00.378	0.95673				2
2025.03.14	00:30:40.202	0.95675	0.95776			6
2025.03.14	00:30:51.901	0.95674				2
2025.03.14	00:31:00.004	0.95674				2
2025.03.14	00:31:40.450		0.95776			4
2025.03.14	00:32:00.304	0.95674				2
2025.03.14	00:32:40.521		0.95776			4
2025.03.14	00:32:51.975	0.95671				2
2025.03.14	00:33:00.003	0.95671				2
2025.03.14	00:33:35.084	0.95670	0.95782			6
2025.03.14	00:34:00.302	0.95670				2
2025.03.14	00:34:30.085	0.95669	0.95781			6
2025.03.14	00:35:01.620	0.95669				2
2025.03.14	00:35:30.846		0.95781			4
2025.03.14	00:35:41.703	0.95670				2
2025.03.14	00:36:00.918	0.95670				2
2025.03.14	00:36:08.704	0.95671				2
2025.03.14	00:36:30.904		0.95781			4
2025.03.14	00:36:32.026	0.95670				2
2025.03.14	00:36:35.403	0.95671				2
2025.03.14	00:36:54.899	0.95681				2
2025.03.14	00:36:59.903	0.95671				2
2025.03.14	00:37:00.966	0.95671				2
2025.03.14	00:37:10.500	0.95672				2
2025.03.14	00:37:33.845		0.95781			4
2025.03.14	00:38:00.901	0.95672				2
2025.03.14	00:38:29.101	0.95673				2
2025.03.14	00:38:30.011	0.95672				2
2025.03.14	00:38:34.495	0.95671	0.95781			6
2025.03.14	00:38:36.531	0.95672				2
2025.03.14	00:38:41.698	0.95671				2
2025.03.14	00:38:44.399	0.95672				2
2025.03.14	00:38:47.695	0.95671				2
2025.03.14	00:38:48.980	0.95672				2
2025.03.14	00:38:55.520	0.95671				2
2025.03.14	00:38:57.598	0.95672				2
2025.03.14	00:39:00.588	0.95672				2
2025.03.14	00:39:01.478	0.95671				2
2025.03.14	00:39:03.870	0.95672				2
2025.03.14	00:39:05.090	0.95671				2
2025.03.14	00:39:07.453	0.95672				2
2025.03.14	00:39:30.233	0.95670				2
2025.03.14	00:39:33.808	0.95672				2
2025.03.14	00:39:35.084		0.95781			4
2025.03.14	00:39:45.601	0.95671				2
2025.03.14	00:39:54.981	0.95672				2
2025.03.14	00:39:55.484	0.95671				2
2025.03.14	00:39:56.959	0.95672				2
2025.03.14	00:40:00.093	0.95672				2
2025.03.14	00:40:05.330	0.95682	0.95777			6
2025.03.14	00:40:17.431		0.95778			4
2025.03.14	00:41:00.006	0.95682				2
2025.03.14	00:41:12.430		0.95776			4
2025.03.14	00:42:00.107	0.95682				2
2025.03.14	00:42:07.432		0.95775			4
2025.03.14	00:43:00.523	0.95682				2
2025.03.14	00:43:08.378		0.95775			4
2025.03.14	00:44:00.588	0.95682				2
2025.03.14	00:44:11.424		0.95775			4
2025.03.14	00:45:00.313	0.95682				2
2025.03.14	00:45:02.046	0.95663	0.95784			6
2025.03.14	00:45:04.213	0.95682	0.95775			6
2025.03.14	00:45:09.303	0.95700	0.95757			6
2025.03.14	00:45:47.392		0.95760			4
2025.03.14	00:46:00.395	0.95700				2
2025.03.14	00:46:42.435		0.95756			4
2025.03.14	00:46:59.036	0.95698	0.95762			6
2025.03.14	00:47:00.303	0.95698				2
2025.03.14	00:47:01.802	0.95681	0.95766			6
2025.03.14	00:47:04.233	0.95698	0.95762			6
2025.03.14	00:47:07.832	0.95700	0.95766			6
2025.03.14	00:48:00.042	0.95700				2
2025.03.14	00:48:02.833		0.95763			4
2025.03.14	00:48:57.835	0.95699	0.95762			6
2025.03.14	00:49:00.104	0.95699				2
2025.03.14	00:50:00.601	0.95699	0.95762			6
2025.03.14	00:50:47.835	0.95701	0.95759			6
2025.03.14	00:51:07.149	0.95701				2
2025.03.14	00:51:49.448		0.95759			4
2025.03.14	00:52:00.396	0.95701				2
2025.03.14	00:52:49.451		0.95759			4
2025.03.14	00:53:00.396	0.95701				2
2025.03.14	00:53:50.521		0.95759			4
2025.03.14	00:54:05.701	0.95701				2
2025.03.14	00:54:53.100		0.95759			4
2025.03.14	00:55:00.406	0.95701				2
2025.03.14	00:55:54.672		0.95759			4
2025.03.14	00:56:00.398	0.95701				2
2025.03.14	00:56:57.446		0.95759			4
2025.03.14	00:57:10.504	0.95701				2
2025.03.14	00:57:57.901		0.95759			4
2025.03.14	00:58:00.301	0.95701				2
2025.03.14	00:58:07.846		0.95758			4
2025.03.14	00:58:50.147		0.95763			4
2025.03.14	00:59:00.511	0.95701				2
2025.03.14	00:59:45.147	0.95703	0.95765			6
2025.03.14	01:00:00.314	0.95703				2
2025.03.14	01:00:00.669	0.95698	0.95772			6
2025.03.14	01:00:01.773		0.95792			4
2025.03.14	01:00:02.164	0.95675	0.95751			6
2025.03.14	01:00:03.402	0.95687				2
2025.03.14	01:00:04.612	0.95698	0.95757			6
2025.03.14	01:00:09.155	0.95692				2
2025.03.14	01:00:12.872		0.95755			4
2025.03.14	01:00:17.997	0.95696	0.95750			6
2025.03.14	01:00:18.457		0.95748			4
2025.03.14	01:00:26.793		0.95754			4
2025.03.14	01:00:29.403		0.95753			4
2025.03.14	01:00:29.860		0.95751			4
2025.03.14	01:00:30.338		0.95753			4
2025.03.14	01:00:33.003		0.95749			4
2025.03.14	01:00:36.002		0.95752			4
2025.03.14	01:00:41.701	0.95697				2
2025.03.14	01:00:42.902		0.95751			4
2025.03.14	01:00:46.973	0.95701				2
2025.03.14	01:00:47.701		0.95753			4
2025.03.14	01:00:52.915	0.95707				2
2025.03.14	01:00:55.203		0.95752			4
2025.03.14	01:00:58.501		0.95748			4
2025.03.14	01:01:00.316	0.95707				2
2025.03.14	01:01:02.101		0.95747			4
2025.03.14	01:01:09.823		0.95750			4
2025.03.14	01:01:18.003		0.95749			4
2025.03.14	01:01:32.244	0.95709				2
2025.03.14	01:01:32.601		0.95748			4
2025.03.14	01:01:34.842	0.95707				2
2025.03.14	01:01:50.401		0.95747			4
2025.03.14	01:02:00.303	0.95707				2
2025.03.14	01:02:05.853		0.95746			4
2025.03.14	01:02:24.902		0.95745			4
2025.03.14	01:02:31.271		0.95747			4
2025.03.14	01:02:33.165		0.95745			4
2025.03.14	01:02:39.107		0.95747			4
2025.03.14	01:02:41.796		0.95749			4
2025.03.14	01:02:48.603		0.95748			4
2025.03.14	01:02:49.142		0.95750			4
2025.03.14	01:02:49.500		0.95745			4
2025.03.14	01:02:51.003	0.95723	0.95758			6
2025.03.14	01:02:51.383		0.95760			4
2025.03.14	01:02:51.790	0.95716	0.95757			6
2025.03.14	01:02:52.172	0.95721	0.95760			6
2025.03.14	01:02:52.501		0.95762			4
2025.03.14	01:02:53.361	0.95722				2
2025.03.14	01:03:00.303	0.95723	0.95763			6
2025.03.14	01:03:00.635	0.95735	0.95765			6
2025.03.14	01:03:00.944		0.95766			4
2025.03.14	01:03:01.277	0.95744	0.95776			6
2025.03.14	01:03:01.609	0.95740	0.95777			6
2025.03.14	01:03:01.953		0.95773			4
2025.03.14	01:03:02.267		0.95770			4
2025.03.14	01:03:03.471		0.95769			4
2025.03.14	01:03:12.834		0.95770			4
2025.03.14	01:03:13.850		0.95769			4
2025.03.14	01:03:19.107		0.95768			4
2025.03.14	01:03:19.512		0.95783			4
2025.03.14	01:03:19.912		0.95772			4
2025.03.14	01:03:21.127	0.95750	0.95781			6
2025.03.14	01:03:21.841	0.95751	0.95777			6
2025.03.14	01:03:23.101		0.95776			4
2025.03.14	01:03:28.474		0.95783			4
2025.03.14	01:03:29.410		0.95776			4
2025.03.14	01:03:37.203	0.95761	0.95791			6
2025.03.14	01:03:37.508	0.95766				2
2025.03.14	01:03:38.078		0.95792			4
2025.03.14	01:03:38.401		0.95791			4
2025.03.14	01:03:39.341		0.95790			4
2025.03.14	01:03:42.936	0.95762				2
2025.03.14	01:03:43.802		0.95789			4
2025.03.14	01:03:44.978		0.95800			4
2025.03.14	01:03:45.604	0.95759	0.95787			6
2025.03.14	01:03:47.660	0.95757	0.95781			6
2025.03.14	01:03:48.610		0.95780			4
2025.03.14	01:03:50.818	0.95751	0.95779			6
2025.03.14	01:04:00.542	0.95751				2
2025.03.14	01:04:02.376	0.95750	0.95775			6
2025.03.14	01:04:02.701		0.95776			4
2025.03.14	01:04:03.836		0.95777			4
2025.03.14	01:04:20.401	0.95749	0.95774			6
2025.03.14	01:04:21.679	0.95748				2
2025.03.14	01:04:22.997	0.95750	0.95776			6
2025.03.14	01:04:41.247		0.95777			4
2025.03.14	01:04:47.458	0.95751				2
2025.03.14	01:04:49.200	0.95750				2
2025.03.14	01:04:50.104		0.95776			4
2025.03.14	01:04:56.003	0.95751	0.95777			6
2025.03.14	01:04:56.401	0.95752				2
2025.03.14	01:04:56.742	0.95750	0.95776			6
2025.03.14	01:04:57.752	0.95751	0.95777			6
2025.03.14	01:04:58.199	0.95750	0.95776			6
2025.03.14	01:05:00.002	0.95750				2
2025.03.14	01:05:00.379	0.95751	0.95777			6
2025.03.14	01:05:09.596		0.95779			4
2025.03.14	01:05:13.205	0.95754	0.95780			6
2025.03.14	01:05:15.003	0.95752	0.95779			6
2025.03.14	01:05:16.804	0.95751				2
2025.03.14	01:05:21.128		0.95778			4
2025.03.14	01:05:23.636	0.95750	0.95775			6
2025.03.14	01:05:47.050	0.95749	0.95774			6
2025.03.14	01:05:47.401	0.95747	0.95772			6
2025.03.14	01:05:48.185	0.95749	0.95774			6
2025.03.14	01:05:51.303	0.95747	0.95772			6
2025.03.14	01:05:54.601		0.95771			4
2025.03.14	01:06:00.038	0.95747				2
2025.03.14	01:06:06.499	0.95755				2
2025.03.14	01:06:08.102		0.95772			4
2025.03.14	01:06:11.689	0.95753	0.95771			6
2025.03.14	01:06:12.300		0.95770			4
2025.03.14	01:06:14.400		0.95769			4
2025.03.14	01:06:18.447	0.95760	0.95777			6
2025.03.14	01:06:23.659		0.95776			4
2025.03.14	01:06:25.410		0.95777			4
2025.03.14	01:06:26.472		0.95776			4
2025.03.14	01:06:27.900		0.95777			4
2025.03.14	01:06:28.424		0.95776			4
2025.03.14	01:06:29.674		0.95777			4
2025.03.14	01:06:33.301		0.95776			4
2025.03.14	01:06:37.154	0.95761				2
2025.03.14	01:06:41.545	0.95752				2
2025.03.14	01:06:42.317	0.95753	0.95778			6
2025.03.14	01:06:45.923	0.95755	0.95781			6
2025.03.14	01:06:46.282	0.95757	0.95782			6
2025.03.14	01:06:54.601	0.95759	0.95783			6
2025.03.14	01:06:56.201	0.95757	0.95781			6
2025.03.14	01:07:02.103	0.95757				2
2025.03.14	01:07:39.253	0.95759	0.95783			6
2025.03.14	01:08:00.156	0.95759				2
2025.03.14	01:08:14.101	0.95757	0.95781			6
2025.03.14	01:08:21.837	0.95761	0.95785			6
2025.03.14	01:08:28.141	0.95760	0.95784			6
2025.03.14	01:08:30.000	0.95757	0.95781			6
2025.03.14	01:08:30.414	0.95759	0.95783			6
2025.03.14	01:08:31.735	0.95760				2
2025.03.14	01:08:32.398	0.95761	0.95784			6
2025.03.14	01:08:33.000		0.95785			4
2025.03.14	01:08:39.090	0.95760	0.95784			6
2025.03.14	01:08:39.603		0.95783			4
2025.03.14	01:09:00.301	0.95760				2
2025.03.14	01:09:16.002	0.95758	0.95782			6
2025.03.14	01:09:19.185		0.95781			4
2025.03.14	01:09:20.179	0.95759	0.95782			6
2025.03.14	01:09:21.304		0.95780			4
2025.03.14	01:09:22.682		0.95782			4
2025.03.14	01:09:28.501		0.95781			4
2025.03.14	01:09:29.103		0.95782			4
2025.03.14	01:10:00.157	0.95759				2
2025.03.14	01:10:00.480	0.95761				2
2025.03.14	01:10:19.506	0.95760				2
2025.03.14	01:10:24.074	0.95759				2
2025.03.14	01:10:24.824	0.95761				2
2025.03.14	01:10:25.502		0.95784			4
2025.03.14	01:10:26.400		0.95782			4
2025.03.14	01:10:28.081	0.95762				2
2025.03.14	01:10:30.001		0.95781			4
2025.03.14	01:10:31.122	0.95765	0.95782			6
2025.03.14	01:10:31.440	0.95763	0.95783			6
2025.03.14	01:10:31.802		0.95784			4
2025.03.14	01:10:36.906		0.95783			4
2025.03.14	01:10:40.412	0.95760				2
2025.03.14	01:10:52.663	0.95762	0.95784			6
2025.03.14	01:10:53.100		0.95783			4
2025.03.14	01:11:00.521	0.95762				2
2025.03.14	01:11:12.301	0.95760				2
2025.03.14	01:11:19.751	0.95761				2
2025.03.14	01:11:30.523		0.95782			4
2025.03.14	01:11:32.881	0.95758	0.95780			6
2025.03.14	01:11:40.874	0.95759				2
2025.03.14	01:11:55.774	0.95761				2
2025.03.14	01:11:56.102		0.95783			4
2025.03.14	01:11:57.217		0.95781			4
2025.03.14	01:11:57.637	0.95759				2
2025.03.14	01:11:58.201	0.95761	0.95783			6
2025.03.14	01:12:00.002	0.95759	0.95781			6
2025.03.14	01:12:00.399	0.95761				2
2025.03.14	01:12:03.903		0.95783			4
2025.03.14	01:12:08.047		0.95784			4
2025.03.14	01:12:09.301		0.95783			4
2025.03.14	01:12:10.561	0.95762	0.95784			6
2025.03.14	01:12:25.130	0.95761	0.95783			6
2025.03.14	01:12:27.026		0.95784			4
2025.03.14	01:12:30.901	0.95762				2
2025.03.14	01:12:32.971	0.95761				2
2025.03.14	01:12:34.775		0.95785			4
2025.03.14	01:12:35.101		0.95783			4
2025.03.14	01:12:35.978	0.95762	0.95784			6
2025.03.14	01:12:52.566	0.95764				2
2025.03.14	01:12:53.102		0.95785			4
2025.03.14	01:13:00.543	0.95764				2
2025.03.14	01:13:03.926	0.95769	0.95788			6
2025.03.14	01:13:04.246	0.95768	0.95789			6
2025.03.14	01:13:04.788	0.95769	0.95791			6
2025.03.14	01:13:09.301	0.95767	0.95789			6
2025.03.14	01:13:13.801	0.95768				2
2025.03.14	01:13:14.179	0.95769	0.95791			6
2025.03.14	01:13:15.229	0.95775	0.95797			6
2025.03.14	01:13:18.638		0.95796			4
2025.03.14	01:13:20.703		0.95797			4
2025.03.14	01:13:31.853	0.95774	0.95796			6
2025.03.14	01:13:32.636		0.95795			4
2025.03.14	01:13:34.202		0.95796			4
2025.03.14	01:13:58.943		0.95797			4
2025.03.14	01:14:00.311	0.95774				2
2025.03.14	01:14:03.007		0.95796			4
2025.03.14	01:14:06.930	0.95773				2
2025.03.14	01:14:10.647	0.95774				2
2025.03.14	01:14:15.031	0.95780	0.95802			6
2025.03.14	01:14:16.607	0.95781	0.95803			6
2025.03.14	01:14:23.380		0.95802			4
2025.03.14	01:14:25.803		0.95803			4
2025.03.14	01:14:27.330	0.95780				2
2025.03.14	01:14:28.388	0.95781				2
2025.03.14	01:14:29.401	0.95780				2
2025.03.14	01:14:31.203	0.95781				2
2025.03.14	01:14:34.799	0.95780	0.95801			6
2025.03.14	01:14:35.704	0.95779				2
2025.03.14	01:15:00.980	0.95779				2
2025.03.14	01:15:12.914		0.95803			4
2025.03.14	01:15:14.716	0.95780	0.95804			6
2025.03.14	01:15:18.554	0.95781	0.95803			6
2025.03.14	01:15:18.862	0.95780	0.95804			6
2025.03.14	01:15:20.280		0.95802			4
2025.03.14	01:15:24.000	0.95781				2
2025.03.14	01:15:41.186	0.95785	0.95809			6
2025.03.14	01:15:41.513	0.95787				2
2025.03.14	01:15:48.001	0.95786				2
2025.03.14	01:15:50.427	0.95789	0.95811			6
2025.03.14	01:15:56.628	0.95790				2
2025.03.14	01:15:57.001	0.95787	0.95810			6
2025.03.14	01:15:58.593		0.95809			4
2025.03.14	01:16:00.419	0.95785	0.95806			6
2025.03.14	01:16:02.291	0.95781	0.95803			6
2025.03.14	01:16:07.233	0.95777	0.95798			6
2025.03.14	01:16:13.499	0.95776	0.95797			6
2025.03.14	01:16:15.004		0.95798			4
2025.03.14	01:16:29.486	0.95773	0.95795			6
2025.03.14	01:16:32.623	0.95772	0.95793			6
2025.03.14	01:16:33.600	0.95770	0.95792			6
2025.03.14	01:16:33.905	0.95768	0.95789			6
2025.03.14	01:16:38.101	0.95767	0.95788			6
2025.03.14	01:16:49.150	0.95768				2
2025.03.14	01:16:57.777		0.95787			4
2025.03.14	01:16:58.194	0.95766				2
2025.03.14	01:16:58.968	0.95764	0.95783			6
2025.03.14	01:17:00.715	0.95764				2
2025.03.14	01:17:01.573	0.95762				2
2025.03.14	01:17:20.341	0.95763	0.95784			6
2025.03.14	01:17:25.314		0.95786			4
2025.03.14	01:17:25.625	0.95764				2
2025.03.14	01:17:28.103	0.95765	0.95789			6
2025.03.14	01:17:28.450	0.95770	0.95791			6
2025.03.14	01:17:32.424	0.95771	0.95792			6
2025.03.14	01:17:35.471	0.95764	0.95785			6
2025.03.14	01:17:38.721	0.95762	0.95783			6
2025.03.14	01:17:48.765	0.95766				2
2025.03.14	01:17:49.074	0.95762	0.95777			6
2025.03.14	01:17:49.564	0.95766	0.95783			6
2025.03.14	01:17:50.414	0.95762	0.95777			6
2025.03.14	01:17:51.319	0.95766	0.95783			6
2025.03.14	01:17:52.372	0.95762	0.95779			6
2025.03.14	01:17:58.867		0.95783			4
2025.03.14	01:18:02.854	0.95762				2
2025.03.14	01:18:05.416	0.95761	0.95782			6
2025.03.14	01:18:08.178	0.95762	0.95783			6
2025.03.14	01:18:10.645	0.95764	0.95785			6
2025.03.14	01:18:11.673		0.95786			4
2025.03.14	01:18:11.999	0.95766	0.95787			6
2025.03.14	01:18:16.120	0.95765	0.95788			6
2025.03.14	01:18:16.425	0.95762	0.95783			6
2025.03.14	01:18:18.385	0.95761	0.95782			6
2025.03.14	01:18:21.600		0.95783			4
2025.03.14	01:18:23.324	0.95763	0.95784			6
2025.03.14	01:18:24.000	0.95764	0.95785			6
2025.03.14	01:18:35.303	0.95763				2
2025.03.14	01:18:36.598	0.95764				2
2025.03.14	01:18:40.202	0.95765	0.95786			6
2025.03.14	01:18:41.703	0.95764	0.95785			6
2025.03.14	01:18:47.108	0.95765	0.95786			6
2025.03.14	01:19:00.216	0.95765				2
2025.03.14	01:19:01.484	0.95764				2
2025.03.14	01:19:02.701	0.95765				2
2025.03.14	01:19:12.243	0.95764	0.95785			6
2025.03.14	01:19:13.409	0.95765	0.95786			6
2025.03.14	01:19:13.724	0.95767	0.95788			6
2025.03.14	01:19:14.703	0.95766	0.95787			6
2025.03.14	01:19:17.002	0.95764				2
2025.03.14	01:19:17.401	0.95763	0.95784			6
2025.03.14	01:19:21.901	0.95767	0.95787			6
2025.03.14	01:19:22.329	0.95766	0.95788			6
2025.03.14	01:19:23.150	0.95763	0.95784			6
2025.03.14	01:19:25.137	0.95761	0.95782			6
2025.03.14	01:19:28.621	0.95760				2
2025.03.14	01:19:29.100		0.95783			4
2025.03.14	01:19:32.100	0.95761				2
2025.03.14	01:19:32.847		0.95784			4
2025.03.14	01:19:33.902	0.95760				2
2025.03.14	01:19:36.709	0.95765	0.95786			6
2025.03.14	01:19:39.722		0.95785			4
2025.03.14	01:19:41.102	0.95764				2
2025.03.14	01:19:50.731	0.95763	0.95786			6
2025.03.14	01:19:53.160	0.95764	0.95785			6
2025.03.14	01:20:04.464	0.95764				2
2025.03.14	01:20:06.500	0.95773				2
2025.03.14	01:20:08.205	0.95772				2
2025.03.14	01:20:16.591		0.95786			4
2025.03.14	01:20:17.702	0.95774	0.95785			6
2025.03.14	01:20:22.018		0.95786			4
2025.03.14	01:20:24.302		0.95785			4
2025.03.14	01:20:26.402		0.95786			4
2025.03.14	01:20:30.783	0.95766				2
2025.03.14	01:20:41.973		0.95785			4
2025.03.14	01:20:45.130		0.95786			4
2025.03.14	01:21:00.520	0.95766				2
2025.03.14	01:21:01.137	0.95763	0.95783			6
2025.03.14	01:21:01.800	0.95762				2
2025.03.14	01:21:05.261	0.95761				2
2025.03.14	01:21:06.379	0.95762				2
2025.03.14	01:21:06.760	0.95764				2
2025.03.14	01:21:07.870	0.95763				2
2025.03.14	01:21:15.699	0.95762				2
2025.03.14	01:21:17.044		0.95785			4
2025.03.14	01:21:21.678	0.95763				2
2025.03.14	01:21:38.900	0.95765				2
2025.03.14	01:21:50.053	0.95763				2
2025.03.14	01:21:52.202		0.95784			4
2025.03.14	01:21:53.703		0.95785			4
2025.03.14	01:22:00.475	0.95763				2
2025.03.14	01:22:12.901		0.95784			4
2025.03.14	01:22:22.364		0.95785			4
2025.03.14	01:22:24.600		0.95784			4
2025.03.14	01:22:28.617		0.95785			4
2025.03.14	01:22:29.403		0.95784			4
2025.03.14	01:22:50.024	0.95762				2
2025.03.14	01:22:56.035	0.95763				2
2025.03.14	01:23:00.411	0.95763				2
2025.03.14	01:23:05.075	0.95762	0.95783			6
2025.03.14	01:23:12.005	0.95763	0.95784			6
2025.03.14	01:23:13.444	0.95762				2
2025.03.14	01:23:15.177	0.95763				2
2025.03.14	01:23:17.292	0.95762	0.95783			6
2025.03.14	01:23:24.602	0.95764	0.95784			6
2025.03.14	01:23:28.866		0.95783			4
2025.03.14	01:23:29.252	0.95762				2
2025.03.14	01:23:30.602	0.95763	0.95784			6
2025.03.14	01:23:44.624	0.95762				2
2025.03.14	01:23:48.606		0.95783			4
2025.03.14	01:23:57.300		0.95784			4
2025.03.14	01:24:01.201	0.95762				2
2025.03.14	01:24:02.103	0.95764				2
2025.03.14	01:24:20.074	0.95766				2
2025.03.14	01:24:20.701		0.95785			4
2025.03.14	01:24:32.246		0.95784			4
2025.03.14	01:24:35.638	0.95764				2
2025.03.14	01:24:44.515		0.95785			4
2025.03.14	01:24:45.206	0.95766				2
2025.03.14	01:25:00.305	0.95766				2
2025.03.14	01:25:01.149	0.95765				2
2025.03.14	01:25:04.501	0.95764				2
2025.03.14	01:25:07.201		0.95784			4
2025.03.14	01:25:07.801		0.95785			4
2025.03.14	01:25:08.539		0.95784			4
2025.03.14	01:25:09.301		0.95785			4
2025.03.14	01:25:29.401		0.95784			4
2025.03.14	01:25:50.402		0.95785			4
2025.03.14	01:25:50.740	0.95763				2
2025.03.14	01:25:51.304	0.95762				2
2025.03.14	01:25:55.801		0.95783			4
2025.03.14	01:25:56.766		0.95785			4
2025.03.14	01:25:57.903	0.95763				2
2025.03.14	01:25:58.598	0.95762	0.95784			6
2025.03.14	01:26:00.001	0.95762				2
2025.03.14	01:26:00.543		0.95783			4
2025.03.14	01:26:01.202		0.95784			4
2025.03.14	01:26:13.534	0.95761	0.95785			6
2025.03.14	01:26:19.200		0.95784			4
2025.03.14	01:26:26.402	0.95762				2
2025.03.14	01:26:28.236		0.95783			4
2025.03.14	01:26:30.027	0.95757	0.95778			6
2025.03.14	01:26:34.535	0.95759	0.95779			6
2025.03.14	01:26:47.186	0.95758	0.95778			6
2025.03.14	01:26:53.742		0.95777			4
2025.03.14	01:26:54.879		0.95776			4
2025.03.14	01:26:55.468		0.95778			4
2025.03.14	01:27:00.002	0.95758				2
2025.03.14	01:27:09.485		0.95777			4
2025.03.14	01:27:20.707		0.95776			4
2025.03.14	01:27:21.383	0.95756				2
2025.03.14	01:27:23.990	0.95757	0.95777			6
2025.03.14	01:27:24.300	0.95756	0.95776			6
2025.03.14	01:27:29.113	0.95757	0.95777			6
2025.03.14	01:27:30.300	0.95756	0.95776			6
2025.03.14	01:27:37.337	0.95757	0.95777			6
2025.03.14	01:27:40.877	0.95756	0.95776			6
2025.03.14	01:27:48.603	0.95755	0.95775			6
2025.03.14	01:27:49.268		0.95776			4
2025.03.14	01:27:58.295	0.95756				2
2025.03.14	01:27:59.831	0.95755				2
2025.03.14	01:28:01.501	0.95756				2
2025.03.14	01:28:07.543		0.95775			4
2025.03.14	01:28:08.442		0.95776			4
2025.03.14	01:28:10.800		0.95775			4
2025.03.14	01:28:22.452	0.95754				2
2025.03.14	01:28:28.749	0.95755				2
2025.03.14	01:28:29.056	0.95756	0.95776			6
2025.03.14	01:28:34.524	0.95754	0.95778			6
2025.03.14	01:28:35.030	0.95757	0.95777			6
2025.03.14	01:28:35.582	0.95756	0.95776			6
2025.03.14	01:28:45.920		0.95778			4
2025.03.14	01:28:46.227	0.95758				2
2025.03.14	01:28:47.704		0.95779			4
2025.03.14	01:28:52.008	0.95761	0.95780			6
2025.03.14	01:28:52.383	0.95759	0.95779			6
2025.03.14	01:29:00.301	0.95759				2
2025.03.14	01:29:08.392	0.95760				2
2025.03.14	01:29:10.802	0.95759				2
2025.03.14	01:29:12.903	0.95760				2
2025.03.14	01:29:20.103		0.95778			4
2025.03.14	01:29:31.741	0.95759				2
2025.03.14	01:29:35.027	0.95758	0.95777			6
2025.03.14	01:29:36.301		0.95776			4
2025.03.14	01:30:00.308	0.95758				2
2025.03.14	01:30:01.623	0.95757				2
2025.03.14	01:30:02.065	0.95762	0.95769			6
2025.03.14	01:30:02.702	0.95763	0.95770			6
2025.03.14	01:30:03.309	0.95764	0.95771			6
2025.03.14	01:30:04.219	0.95758	0.95778			6
2025.03.14	01:30:05.101		0.95777			4
2025.03.14	01:30:08.101	0.95759				2
2025.03.14	01:30:13.745	0.95758				2
2025.03.14	01:30:25.504	0.95759				2
2025.03.14	01:30:36.027	0.95760	0.95776			6
2025.03.14	01:30:36.559		0.95777			4
2025.03.14	01:30:42.313	0.95761				2
2025.03.14	01:30:43.019	0.95760				2
2025.03.14	01:30:44.444	0.95765	0.95783			6
2025.03.14	01:30:46.126	0.95766				2
2025.03.14	01:31:02.903	0.95766				2
2025.03.14	01:31:04.462		0.95782			4
2025.03.14	01:31:06.468		0.95783			4
2025.03.14	01:31:11.581	0.95767				2
2025.03.14	01:31:30.378	0.95768				2
2025.03.14	01:31:35.602	0.95769				2
2025.03.14	01:31:36.967	0.95768				2
2025.03.14	01:31:37.323		0.95787			4
2025.03.14	01:31:37.800		0.95783			4
2025.03.14	01:31:41.048	0.95767	0.95782			6
2025.03.14	01:31:41.614	0.95768	0.95783			6
2025.03.14	01:31:41.970		0.95782			4
2025.03.14	01:31:44.836	0.95771	0.95785			6
2025.03.14	01:31:50.702		0.95784			4
2025.03.14	01:32:00.507	0.95771	0.95785			6
2025.03.14	01:32:03.456	0.95772	0.95786			6
2025.03.14	01:32:09.150	0.95771	0.95785			6
2025.03.14	01:32:15.417	0.95770				2
2025.03.14	01:32:26.996	0.95769				2
2025.03.14	01:32:28.036	0.95771				2
2025.03.14	01:32:37.196	0.95769				2
2025.03.14	01:32:41.880	0.95770				2
2025.03.14	01:32:43.798	0.95771	0.95786			6
2025.03.14	01:32:51.480		0.95785			4
2025.03.14	01:33:01.202	0.95771				2
2025.03.14	01:33:14.421	0.95766	0.95783			6
2025.03.14	01:33:16.201	0.95767				2
2025.03.14	01:33:17.217		0.95782			4
2025.03.14	01:33:31.622	0.95765	0.95781			6
2025.03.14	01:33:34.497	0.95764	0.95778			6
2025.03.14	01:33:37.500		0.95780			4
2025.03.14	01:33:42.600		0.95778			4
2025.03.14	01:33:43.502		0.95780			4
2025.03.14	01:33:54.601		0.95778			4
2025.03.14	01:33:55.501		0.95780			4
2025.03.14	01:33:56.018		0.95778			4
2025.03.14	01:33:56.328		0.95781			4
2025.03.14	01:34:00.004	0.95764				2
2025.03.14	01:34:01.500		0.95780			4
2025.03.14	01:34:02.401		0.95781			4
2025.03.14	01:34:10.950	0.95763				2
2025.03.14	01:34:12.602	0.95764	0.95780			6
2025.03.14	01:34:18.304		0.95781			4
2025.03.14	01:34:20.394	0.95763				2
2025.03.14	01:34:25.338	0.95764				2
2025.03.14	01:34:26.755		0.95780			4
2025.03.14	01:34:30.379	0.95766				2
2025.03.14	01:34:36.970	0.95765				2
2025.03.14	01:34:45.157	0.95766				2
2025.03.14	01:34:47.100		0.95781			4
2025.03.14	01:34:50.881	0.95767				2
2025.03.14	01:34:52.941	0.95764	0.95777			6
2025.03.14	01:34:53.846	0.95762	0.95776			6
2025.03.14	01:34:54.259	0.95758	0.95774			6
2025.03.14	01:34:54.608	0.95760	0.95775			6
2025.03.14	01:34:55.832	0.95766	0.95780			6
2025.03.14	01:34:56.254		0.95779			4
2025.03.14	01:34:58.871	0.95760	0.95776			6
2025.03.14	01:34:59.279	0.95761	0.95777			6
2025.03.14	01:35:00.590	0.95762				2
2025.03.14	01:35:01.801		0.95778			4
2025.03.14	01:35:07.201		0.95779			4
2025.03.14	01:35:12.901		0.95778			4
2025.03.14	01:35:14.409		0.95779			4
2025.03.14	01:35:23.403		0.95778			4
2025.03.14	01:35:35.420	0.95764	0.95779			6
2025.03.14	01:35:40.201		0.95780			4
2025.03.14	01:35:40.710	0.95762	0.95779			6
2025.03.14	01:35:50.600	0.95761				2
2025.03.14	01:35:54.900		0.95778			4
2025.03.14	01:36:00.451	0.95761				2
2025.03.14	01:36:01.026	0.95762				2
2025.03.14	01:36:02.022	0.95760	0.95779			6
2025.03.14	01:36:10.800	0.95761	0.95778			6
2025.03.14	01:36:20.700	0.95760	0.95779			6
2025.03.14	01:36:26.100	0.95761	0.95778			6
2025.03.14	01:36:34.741		0.95776			4
2025.03.14	01:36:39.801		0.95777			4
2025.03.14	01:36:40.721	0.95763				2
2025.03.14	01:36:43.514		0.95778			4
2025.03.14	01:36:46.607	0.95762				2
2025.03.14	01:36:46.965		0.95777			4
2025.03.14	01:37:00.523	0.95762				2
2025.03.14	01:37:00.901		0.95778			4
2025.03.14	01:37:26.072		0.95777			4
2025.03.14	01:37:28.847		0.95778			4
2025.03.14	01:37:29.377		0.95777			4
2025.03.14	01:37:45.001		0.95778			4
2025.03.14	01:37:46.501		0.95777			4
2025.03.14	01:37:46.898	0.95766	0.95782			6
2025.03.14	01:37:50.402		0.95781			4
2025.03.14	01:37:55.162	0.95767				2
2025.03.14	01:38:01.217	0.95767	0.95782			6
2025.03.14	01:38:04.201		0.95781			4
2025.03.14	01:38:06.536		0.95782			4
2025.03.14	01:38:19.314	0.95768				2
2025.03.14	01:38:43.299		0.95785			4
2025.03.14	01:38:47.742		0.95783			4
2025.03.14	01:38:53.882		0.95785			4
2025.03.14	01:38:54.902		0.95783			4
2025.03.14	01:39:00.300	0.95768				2
2025.03.14	01:39:03.300		0.95784			4
2025.03.14	01:39:04.878		0.95783			4
2025.03.14	01:39:05.507		0.95784			4
2025.03.14	01:39:19.196		0.95785			4
2025.03.14	01:39:20.739	0.95769	0.95786			6
2025.03.14	01:39:21.060		0.95783			4
2025.03.14	01:40:00.574	0.95769				2
2025.03.14	01:40:26.702		0.95783			4
2025.03.14	01:41:00.523	0.95769				2
2025.03.14	01:41:07.643		0.95782			4
2025.03.14	01:41:11.709	0.95768	0.95783			6
2025.03.14	01:41:12.480	0.95765	0.95778			6
2025.03.14	01:41:22.202	0.95766	0.95781			6
2025.03.14	01:41:36.001	0.95765	0.95779			6
2025.03.14	01:41:36.345		0.95781			4
2025.03.14	01:41:49.976		0.95780			4
2025.03.14	01:41:51.299		0.95779			4
2025.03.14	01:41:56.530		0.95780			4
2025.03.14	01:41:58.650		0.95781			4
2025.03.14	01:42:00.440	0.95767				2
2025.03.14	01:42:00.902		0.95782			4
2025.03.14	01:42:03.205	0.95769	0.95784			6
2025.03.14	01:42:07.803		0.95785			4
2025.03.14	01:42:08.769		0.95784			4
2025.03.14	01:42:21.300		0.95785			4
2025.03.14	01:42:24.983		0.95784			4
2025.03.14	01:42:26.207		0.95785			4
2025.03.14	01:42:31.506		0.95784			4
2025.03.14	01:42:33.199		0.95785			4
2025.03.14	01:42:40.431	0.95772				2
2025.03.14	01:42:40.734	0.95774	0.95787			6
2025.03.14	01:42:42.384	0.95775	0.95792			6
2025.03.14	01:42:42.690	0.95776				2
2025.03.14	01:42:43.030	0.95780	0.95793			6
2025.03.14	01:42:43.353	0.95776	0.95791			6
2025.03.14	01:42:43.677		0.95789			4
2025.03.14	01:42:44.800	0.95772	0.95787			6
2025.03.14	01:43:00.446	0.95773				2
2025.03.14	01:43:01.024	0.95778	0.95794			6
2025.03.14	01:43:02.705		0.95793			4
2025.03.14	01:43:04.739		0.95794			4
2025.03.14	01:43:06.320	0.95774	0.95788			6
2025.03.14	01:43:11.584		0.95789			4
2025.03.14	01:43:16.219	0.95781	0.95795			6
2025.03.14	01:43:21.024	0.95779	0.95794			6
2025.03.14	01:43:21.988	0.95777	0.95793			6
2025.03.14	01:43:22.373		0.95792			4
2025.03.14	01:43:26.360	0.95778				2
2025.03.14	01:43:31.802		0.95794			4
2025.03.14	01:43:34.205		0.95793			4
2025.03.14	01:43:52.454	0.95779				2
2025.03.14	01:43:53.401		0.95794			4
2025.03.14	01:43:54.050	0.95781				2
2025.03.14	01:43:54.601		0.95795			4
2025.03.14	01:43:56.887	0.95782				2
2025.03.14	01:43:58.185	0.95784	0.95796			6
2025.03.14	01:43:58.501		0.95798			4
2025.03.14	01:44:00.300	0.95784	0.95797			6
2025.03.14	01:44:04.034	0.95782				2
2025.03.14	01:44:05.501	0.95781				2
2025.03.14	01:44:06.251	0.95782				2
2025.03.14	01:44:13.408	0.95780	0.95795			6
2025.03.14	01:44:14.861		0.95790			4
2025.03.14	01:44:15.180		0.95794			4
2025.03.14	01:44:26.592	0.95782	0.95795			6
2025.03.14	01:44:30.549	0.95783	0.95797			6
2025.03.14	01:44:36.303	0.95782				2
2025.03.14	01:44:38.700	0.95783	0.95796			6
2025.03.14	01:44:39.102	0.95782				2
2025.03.14	01:44:41.372	0.95786	0.95799			6
2025.03.14	01:44:42.275	0.95785	0.95798			6
2025.03.14	01:44:43.550	0.95787	0.95800			6
2025.03.14	01:44:43.860	0.95785	0.95798			6
2025.03.14	01:44:44.205		0.95797			4
2025.03.14	01:44:48.426		0.95798			4
2025.03.14	01:44:53.118		0.95797			4
2025.03.14	01:44:53.708		0.95798			4
2025.03.14	01:44:59.091		0.95797			4
2025.03.14	01:45:00.402	0.95783	0.95796			6
2025.03.14	01:45:00.900		0.95797			4
2025.03.14	01:45:02.701		0.95796			4
2025.03.14	01:45:19.127	0.95782				2
2025.03.14	01:45:24.141	0.95786	0.95798			6
2025.03.14	01:45:24.467	0.95783	0.95797			6
2025.03.14	01:45:25.546	0.95782				2
2025.03.14	01:45:31.209	0.95783				2
2025.03.14	01:45:42.962	0.95784				2
2025.03.14	01:45:51.210	0.95783				2
2025.03.14	01:45:54.241	0.95782	0.95796			6
2025.03.14	01:45:55.274	0.95783				2
2025.03.14	01:45:56.072		0.95797			4
2025.03.14	01:46:00.521	0.95786	0.95799			6
2025.03.14	01:46:08.751	0.95784				2
2025.03.14	01:46:10.200		0.95798			4
2025.03.14	01:46:21.994	0.95782	0.95797			6
2025.03.14	01:46:28.503	0.95783				2
2025.03.14	01:46:40.520	0.95782				2
2025.03.14	01:47:00.457	0.95782				2
2025.03.14	01:47:03.300		0.95796			4
2025.03.14	01:47:05.448	0.95784	0.95800			6
2025.03.14	01:47:07.359	0.95782	0.95796			6
2025.03.14	01:47:14.405	0.95781	0.95795			6
2025.03.14	01:47:52.576	0.95782				2
2025.03.14	01:47:54.367	0.95783	0.95796			6
2025.03.14	01:47:57.548	0.95788	0.95802			6
2025.03.14	01:47:58.663	0.95784	0.95798			6
2025.03.14	01:48:00.459	0.95784	0.95797			6
2025.03.14	01:48:02.700		0.95798			4
2025.03.14	01:48:03.302	0.95783	0.95797			6
2025.03.14	01:48:07.557		0.95796			4
2025.03.14	01:48:10.518	0.95785	0.95799			6
2025.03.14	01:48:10.841	0.95784	0.95798			6
2025.03.14	01:48:13.946	0.95781	0.95796			6
2025.03.14	01:48:33.894		0.95795			4
2025.03.14	01:48:36.302	0.95782	0.95796			6
2025.03.14	01:48:55.095	0.95783	0.95797			6
2025.03.14	01:48:55.465	0.95784				2
2025.03.14	01:49:00.520	0.95784				2
2025.03.14	01:49:02.846	0.95783				2
2025.03.14	01:49:03.155		0.95796			4
2025.03.14	01:49:10.820		0.95795			4
2025.03.14	01:49:12.275	0.95781				2
2025.03.14	01:49:14.248	0.95782				2
2025.03.14	01:49:29.338	0.95781				2
2025.03.14	01:49:46.001	0.95788				2
2025.03.14	01:50:01.318	0.95789	0.95796			6
2025.03.14	01:50:04.373		0.95795			4
2025.03.14	01:50:06.209	0.95788				2
2025.03.14	01:50:06.696		0.95796			4
2025.03.14	01:50:10.503		0.95795			4
2025.03.14	01:50:19.177		0.95796			4
2025.03.14	01:50:22.341	0.95789				2
2025.03.14	01:50:24.601		0.95797			4
2025.03.14	01:50:26.207	0.95788				2
2025.03.14	01:50:28.776	0.95789				2
2025.03.14	01:50:32.339	0.95791	0.95804			6
2025.03.14	01:50:34.283		0.95805			4
2025.03.14	01:50:35.047	0.95793				2
2025.03.14	01:50:35.895	0.95795				2
2025.03.14	01:50:36.668	0.95794				2
2025.03.14	01:50:40.202		0.95806			4
2025.03.14	01:50:45.157	0.95797				2
2025.03.14	01:50:48.522	0.95794				2
2025.03.14	01:50:53.229	0.95793				2
2025.03.14	01:50:57.901		0.95807			4
2025.03.14	01:51:00.522	0.95793	0.95806			6
2025.03.14	01:51:04.378	0.95795				2
2025.03.14	01:51:06.500	0.95796				2
2025.03.14	01:51:12.415	0.95794				2
2025.03.14	01:51:13.370	0.95795				2
2025.03.14	01:51:13.671	0.95797				2
2025.03.14	01:51:14.035	0.95798				2
2025.03.14	01:51:14.349	0.95795				2
2025.03.14	01:51:21.351	0.95797	0.95809			6
2025.03.14	01:51:24.572	0.95799				2
2025.03.14	01:51:25.096	0.95801				2
2025.03.14	01:51:30.113	0.95798				2
2025.03.14	01:51:36.403	0.95797	0.95807			6
2025.03.14	01:51:37.807		0.95808			4
2025.03.14	01:51:41.101		0.95807			4
2025.03.14	01:51:45.304	0.95798	0.95808			6
2025.03.14	01:51:46.210	0.95799				2
2025.03.14	01:51:47.402		0.95807			4
2025.03.14	01:51:51.208	0.95798				2
2025.03.14	01:51:57.596		0.95808			4
2025.03.14	01:52:00.836	0.95799	0.95811			6
2025.03.14	01:52:01.949		0.95809			4
2025.03.14	01:52:04.319	0.95801				2
2025.03.14	01:52:07.347	0.95802				2
2025.03.14	01:52:16.380	0.95801				2
2025.03.14	01:52:16.742	0.95799	0.95808			6
2025.03.14	01:52:23.370	0.95795				2
2025.03.14	01:52:24.122	0.95799				2
2025.03.14	01:52:31.319	0.95800				2
2025.03.14	01:52:40.971	0.95799				2
2025.03.14	01:52:50.689	0.95800				2
2025.03.14	01:52:56.317	0.95799				2
2025.03.14	01:52:56.670	0.95800	0.95809			6
2025.03.14	01:53:05.405	0.95800				2
2025.03.14	01:53:09.302		0.95808			4
2025.03.14	01:53:12.688	0.95801				2
2025.03.14	01:53:19.390	0.95804	0.95809			6
2025.03.14	01:53:31.937	0.95803				2
2025.03.14	01:53:32.618	0.95795				2
2025.03.14	01:53:33.201	0.95799				2
2025.03.14	01:53:42.327	0.95800	0.95810			6
2025.03.14	01:53:44.829	0.95799				2
2025.03.14	01:53:52.433	0.95797				2
2025.03.14	01:54:00.535	0.95798				2
2025.03.14	01:54:01.474		0.95811			4
2025.03.14	01:54:12.526		0.95810			4
2025.03.14	01:54:14.701		0.95811			4
2025.03.14	01:54:15.564	0.95803	0.95814			6
2025.03.14	01:54:26.215	0.95802				2
2025.03.14	01:54:35.580		0.95813			4
2025.03.14	01:54:38.416		0.95812			4
2025.03.14	01:54:40.677	0.95799				2
2025.03.14	01:54:50.100	0.95795	0.95810			6
2025.03.14	01:54:52.774		0.95809			4
2025.03.14	01:54:58.186	0.95794	0.95808			6
2025.03.14	01:55:00.301	0.95803	0.95814			6
2025.03.14	01:55:03.603		0.95813			4
2025.03.14	01:55:12.302	0.95802				2
2025.03.14	01:55:17.649	0.95798				2
2025.03.14	01:55:18.223	0.95797				2
2025.03.14	01:55:20.404		0.95812			4
2025.03.14	01:55:22.672	0.95800	0.95813			6
2025.03.14	01:55:24.604	0.95801	0.95812			6
2025.03.14	01:55:38.361	0.95798	0.95813			6
2025.03.14	01:55:39.056	0.95797				2
2025.03.14	01:55:44.701		0.95812			4
2025.03.14	01:55:50.258	0.95800	0.95814			6
2025.03.14	01:55:51.881		0.95813			4
2025.03.14	01:55:54.863	0.95801				2
2025.03.14	01:55:57.584	0.95800				2
2025.03.14	01:56:00.900	0.95800				2
2025.03.14	01:56:04.529		0.95812			4
2025.03.14	01:56:05.033	0.95799				2
2025.03.14	01:56:06.303		0.95811			4
2025.03.14	01:56:12.140		0.95810			4
2025.03.14	01:56:17.083	0.95796	0.95809			6
2025.03.14	01:56:22.667	0.95797				2
2025.03.14	01:56:36.844	0.95798	0.95810			6
2025.03.14	01:56:41.971	0.95795	0.95808			6
2025.03.14	01:56:48.697	0.95796	0.95809			6
2025.03.14	01:56:51.832	0.95798	0.95810			6
2025.03.14	01:56:58.658	0.95799				2
2025.03.14	01:57:00.477	0.95803	0.95817			6
2025.03.14	01:57:01.985	0.95805				2
2025.03.14	01:57:16.583	0.95806	0.95818			6
2025.03.14	01:57:19.956	0.95807				2
2025.03.14	01:57:20.280		0.95819			4
2025.03.14	01:57:26.673	0.95806	0.95818			6
2025.03.14	01:57:32.548		0.95817			4
2025.03.14	01:57:33.123	0.95804	0.95814			6
2025.03.14	01:57:40.520	0.95803				2
2025.03.14	01:58:00.963	0.95803				2
2025.03.14	01:58:07.726		0.95815			4
2025.03.14	01:58:09.900		0.95814			4
2025.03.14	01:58:41.515	0.95799	0.95812			6
2025.03.14	01:58:54.698	0.95800				2
2025.03.14	01:58:55.858	0.95798	0.95810			6
2025.03.14	01:59:00.384	0.95796	0.95808			6
2025.03.14	01:59:03.001		0.95809			4
2025.03.14	01:59:05.455		0.95808			4
2025.03.14	01:59:12.968	0.95795				2
2025.03.14	01:59:15.093	0.95796				2
2025.03.14	01:59:18.921		0.95807			4
2025.03.14	01:59:20.711		0.95808			4
2025.03.14	01:59:21.510	0.95797				2
2025.03.14	01:59:21.987	0.95798	0.95810			6
2025.03.14	01:59:22.503	0.95796				2
2025.03.14	01:59:35.623	0.95799	0.95812			6
2025.03.14	01:59:39.313	0.95800				2
2025.03.14	02:00:00.361	0.95799				2
2025.03.14	02:00:01.206	0.95797	0.95808			6
2025.03.14	02:00:05.468	0.95796				2
2025.03.14	02:00:06.284	0.95799	0.95810			6
2025.03.14	02:00:06.601	0.95796	0.95808			6
2025.03.14	02:00:06.935	0.95795				2
2025.03.14	02:00:07.249	0.95794	0.95806			6
2025.03.14	02:00:07.572	0.95793	0.95804			6
2025.03.14	02:00:10.705	0.95795	0.95805			6
2025.03.14	02:00:11.676	0.95796	0.95807			6
2025.03.14	02:00:12.003	0.95795				2
2025.03.14	02:00:14.047	0.95794				2
2025.03.14	02:00:17.657	0.95793				2
2025.03.14	02:00:20.508	0.95797	0.95809			6
2025.03.14	02:00:22.392	0.95795	0.95807			6
2025.03.14	02:00:27.329	0.95794				2
2025.03.14	02:00:27.973	0.95795				2
2025.03.14	02:00:30.303		0.95806			4
2025.03.14	02:00:34.817	0.95798	0.95808			6
2025.03.14	02:00:35.134	0.95795				2
2025.03.14	02:01:00.544	0.95795				2
2025.03.14	02:01:10.523	0.95794				2
2025.03.14	02:01:24.704	0.95791	0.95804			6
2025.03.14	02:02:00.051	0.95791				2
2025.03.14	02:02:00.480	0.95792				2
2025.03.14	02:02:03.087	0.95791				2
2025.03.14	02:02:13.827	0.95792				2
2025.03.14	02:02:30.244		0.95804			4
2025.03.14	02:02:32.409		0.95805			4
2025.03.14	02:02:34.803		0.95804			4
2025.03.14	02:02:41.064	0.95793	0.95805			6
2025.03.14	02:02:45.090	0.95800	0.95813			6
2025.03.14	02:02:46.374		0.95814			4
2025.03.14	02:02:59.264	0.95798	0.95812			6
2025.03.14	02:03:01.444	0.95798				2
2025.03.14	02:03:03.376	0.95800	0.95813			6
2025.03.14	02:03:09.900	0.95799				2
2025.03.14	02:03:10.674	0.95800	0.95814			6
2025.03.14	02:03:13.203		0.95813			4
2025.03.14	02:03:14.450	0.95801				2
2025.03.14	02:03:18.447	0.95800				2
2025.03.14	02:03:23.058	0.95799	0.95810			6
2025.03.14	02:03:24.082		0.95811			4
2025.03.14	02:03:30.300	0.95800	0.95813			6
2025.03.14	02:03:58.851	0.95801	0.95809			6
2025.03.14	02:04:00.058	0.95801				2
2025.03.14	02:04:00.969	0.95800	0.95813			6
2025.03.14	02:04:16.133	0.95799	0.95811			6
2025.03.14	02:04:23.266	0.95798	0.95810			6
2025.03.14	02:04:25.376	0.95801	0.95806			6
2025.03.14	02:04:27.520	0.95798	0.95810			6
2025.03.14	02:04:29.107		0.95809			4
2025.03.14	02:04:40.185	0.95797				2
2025.03.14	02:04:49.476	0.95800				2
2025.03.14	02:04:50.077	0.95801	0.95806			6
2025.03.14	02:04:50.381	0.95800	0.95805			6
2025.03.14	02:04:52.202	0.95797	0.95809			6
2025.03.14	02:04:59.422	0.95796				2
2025.03.14	02:05:00.167	0.95796				2
2025.03.14	02:05:02.384	0.95797	0.95810			6
2025.03.14	02:05:04.022	0.95796	0.95809			6
2025.03.14	02:05:14.264		0.95810			4
2025.03.14	02:05:15.151	0.95798				2
2025.03.14	02:05:30.451	0.95797	0.95809			6
2025.03.14	02:06:00.521	0.95797				2
2025.03.14	02:06:01.133	0.95793	0.95805			6
2025.03.14	02:06:02.028	0.95798	0.95808			6
2025.03.14	02:06:02.345	0.95797				2
2025.03.14	02:06:02.730	0.95798				2
2025.03.14	02:06:03.302		0.95809			4
2025.03.14	02:06:04.985		0.95810			4
2025.03.14	02:06:05.785	0.95799	0.95811			6
2025.03.14	02:06:06.087		0.95810			4
2025.03.14	02:06:08.351		0.95811			4
2025.03.14	02:06:10.631	0.95800				2
2025.03.14	02:06:12.302		0.95810			4
2025.03.14	02:06:13.785	0.95801	0.95813			6
2025.03.14	02:06:14.395	0.95802				2
2025.03.14	02:06:16.768	0.95804	0.95815			6
2025.03.14	02:06:18.820		0.95814			4
2025.03.14	02:06:19.201	0.95803				2
2025.03.14	02:06:19.801	0.95802				2
2025.03.14	02:06:21.985		0.95813			4
2025.03.14	02:06:24.640	0.95803	0.95816			6
2025.03.14	02:06:25.501	0.95804				2
2025.03.14	02:06:27.497	0.95803	0.95814			6
2025.03.14	02:06:29.783		0.95816			4
2025.03.14	02:06:31.500	0.95805				2
2025.03.14	02:06:37.414	0.95804	0.95817			6
2025.03.14	02:06:38.898		0.95816			4
2025.03.14	02:06:58.473	0.95805				2
2025.03.14	02:07:00.234	0.95805				2
2025.03.14	02:07:01.486	0.95808	0.95820			6
2025.03.14	02:07:02.338	0.95807				2
2025.03.14	02:07:04.929	0.95810	0.95822			6
2025.03.14	02:07:06.300	0.95811				2
2025.03.14	02:07:07.805	0.95808	0.95819			6
2025.03.14	02:07:08.402	0.95807				2
2025.03.14	02:07:23.542	0.95808				2
2025.03.14	02:07:26.058	0.95807				2
2025.03.14	02:07:46.430	0.95808				2
2025.03.14	02:07:47.099	0.95807				2
2025.03.14	02:07:48.765	0.95805	0.95817			6
2025.03.14	02:07:49.085	0.95804	0.95816			6
2025.03.14	02:07:49.405	0.95807	0.95819			6
2025.03.14	02:07:55.475	0.95808	0.95820			6
2025.03.14	02:08:00.000	0.95808	0.95819			6
2025.03.14	02:08:00.900		0.95820			4
2025.03.14	02:08:01.207		0.95819			4
2025.03.14	02:08:02.570		0.95818			4
2025.03.14	02:08:04.357	0.95812	0.95823			6
2025.03.14	02:08:05.070	0.95813	0.95824			6
2025.03.14	02:08:13.200	0.95812				2
2025.03.14	02:08:14.744	0.95808	0.95821			6
2025.03.14	02:08:15.145	0.95810				2
2025.03.14	02:08:17.100	0.95809				2
2025.03.14	02:08:18.312	0.95807				2
2025.03.14	02:08:19.167		0.95820			4
2025.03.14	02:08:28.621	0.95808				2
2025.03.14	02:08:29.775		0.95821			4
2025.03.14	02:08:33.996		0.95819			4
2025.03.14	02:08:36.755		0.95818			4
2025.03.14	02:08:37.374	0.95807				2
2025.03.14	02:08:40.529		0.95817			4
2025.03.14	02:08:50.965		0.95816			4
2025.03.14	02:08:51.901	0.95806				2
2025.03.14	02:08:52.937	0.95798	0.95807			6
2025.03.14	02:08:53.249	0.95795	0.95805			6
2025.03.14	02:08:54.588	0.95800	0.95808			6
2025.03.14	02:08:54.895		0.95809			4
2025.03.14	02:08:55.277	0.95801				2
2025.03.14	02:08:56.130	0.95800				2
2025.03.14	02:08:58.698		0.95808			4
2025.03.14	02:09:00.359	0.95800	0.95809			6
2025.03.14	02:09:00.704	0.95801				2
2025.03.14	02:09:01.019	0.95802				2
2025.03.14	02:09:01.908		0.95810			4
2025.03.14	02:09:04.055		0.95811			4
2025.03.14	02:09:06.340	0.95801				2
2025.03.14	02:09:10.801	0.95800				2
2025.03.14	02:09:11.188	0.95801				2
2025.03.14	02:09:11.810	0.95800	0.95810			6
2025.03.14	02:09:12.114	0.95801				2
2025.03.14	02:09:12.724	0.95800				2
2025.03.14	02:09:14.242		0.95811			4
2025.03.14	02:09:16.510	0.95798	0.95809			6
2025.03.14	02:09:16.838	0.95796				2
2025.03.14	02:09:20.692	0.95797	0.95808			6
2025.03.14	02:09:22.180	0.95796				2
2025.03.14	02:09:34.200		0.95809			4
2025.03.14	02:09:35.138		0.95808			4
2025.03.14	02:09:38.355		0.95807			4
2025.03.14	02:09:39.863		0.95808			4
2025.03.14	02:09:41.177		0.95807			4
2025.03.14	02:09:53.334	0.95800	0.95811			6
2025.03.14	02:09:54.555	0.95799	0.95810			6
2025.03.14	02:09:55.501	0.95802	0.95812			6
2025.03.14	02:09:56.353	0.95798	0.95808			6
2025.03.14	02:09:56.666	0.95797				2
2025.03.14	02:09:57.082		0.95809			4
2025.03.14	02:10:00.140	0.95797				2
2025.03.14	02:10:00.612		0.95808			4
2025.03.14	02:10:10.394	0.95796	0.95809			6
2025.03.14	02:10:17.112		0.95807			4
2025.03.14	02:10:18.474		0.95809			4
2025.03.14	02:10:20.422	0.95799	0.95810			6
2025.03.14	02:10:21.800	0.95800	0.95811			6
2025.03.14	02:10:29.400		0.95812			4
2025.03.14	02:10:31.200		0.95811			4
2025.03.14	02:10:34.800		0.95812			4
2025.03.14	02:10:37.774	0.95802	0.95816			6
2025.03.14	02:10:39.049	0.95805				2
2025.03.14	02:10:41.055	0.95803	0.95813			6
2025.03.14	02:10:41.736	0.95802				2
2025.03.14	02:10:47.413	0.95805	0.95816			6
2025.03.14	02:10:47.727	0.95804				2
2025.03.14	02:10:48.654	0.95805				2
2025.03.14	02:10:48.981		0.95817			4
2025.03.14	02:10:49.967	0.95804	0.95815			6
2025.03.14	02:10:58.633	0.95803	0.95814			6
2025.03.14	02:11:01.013	0.95805	0.95816			6
2025.03.14	02:11:02.448	0.95806	0.95817			6
2025.03.14	02:11:10.212	0.95805	0.95816			6
2025.03.14	02:11:10.602	0.95803	0.95814			6
2025.03.14	02:11:23.021	0.95807	0.95819			6
2025.03.14	02:11:36.400	0.95806	0.95818			6
2025.03.14	02:11:54.377	0.95802	0.95814			6
2025.03.14	02:11:56.182	0.95803				2
2025.03.14	02:12:00.361	0.95803	0.95815			6
2025.03.14	02:12:02.164	0.95805	0.95817			6
2025.03.14	02:12:02.963		0.95816			4
2025.03.14	02:12:04.201	0.95803	0.95815			6
2025.03.14	02:12:09.179	0.95804				2
2025.03.14	02:12:10.702	0.95803				2
2025.03.14	02:12:11.401	0.95805	0.95816			6
2025.03.14	02:12:13.260	0.95804	0.95815			6
2025.03.14	02:12:13.771	0.95805	0.95816			6
2025.03.14	02:12:14.085	0.95803	0.95815			6
2025.03.14	02:12:14.400	0.95804				2
2025.03.14	02:12:16.385	0.95805	0.95816			6
2025.03.14	02:12:17.506	0.95803	0.95815			6
2025.03.14	02:12:21.560	0.95809	0.95820			6
2025.03.14	02:12:23.074	0.95805	0.95817			6
2025.03.14	02:12:24.147	0.95804	0.95815			6
2025.03.14	02:12:33.002	0.95803				2
2025.03.14	02:12:36.676	0.95805	0.95816			6
2025.03.14	02:12:42.161	0.95806	0.95817			6
2025.03.14	02:12:53.718	0.95804	0.95816			6
2025.03.14	02:12:58.778	0.95803				2
2025.03.14	02:13:00.460	0.95803	0.95815			6
2025.03.14	02:13:03.002	0.95805	0.95816			6
2025.03.14	02:13:03.334	0.95803	0.95815			6
2025.03.14	02:13:09.850		0.95814			4
2025.03.14	02:13:14.268	0.95802	0.95813			6
2025.03.14	02:13:16.206	0.95803	0.95815			6
2025.03.14	02:13:16.613	0.95801				2
2025.03.14	02:13:39.602	0.95802	0.95816			6
2025.03.14	02:13:40.201		0.95815			4
2025.03.14	02:13:47.727	0.95801				2
2025.03.14	02:13:51.961	0.95804	0.95816			6
2025.03.14	02:13:52.265	0.95803				2
2025.03.14	02:13:54.351	0.95804				2
2025.03.14	02:14:01.619	0.95804				2
2025.03.14	02:14:07.759	0.95803	0.95814			6
2025.03.14	02:14:24.577	0.95802	0.95815			6
2025.03.14	02:14:27.958	0.95803				2
2025.03.14	02:14:40.521	0.95804				2
2025.03.14	02:14:42.948	0.95802				2
2025.03.14	02:14:48.772		0.95816			4
2025.03.14	02:15:00.665	0.95802				2
2025.03.14	02:15:13.834		0.95815			4
2025.03.14	02:15:15.376		0.95816			4
2025.03.14	02:15:23.138	0.95804				2
2025.03.14	02:15:28.897	0.95805				2
2025.03.14	02:15:30.000	0.95804				2
2025.03.14	02:15:32.766	0.95803	0.95814			6
2025.03.14	02:15:33.219	0.95802				2
2025.03.14	02:15:37.475	0.95803				2
2025.03.14	02:15:41.219		0.95815			4
2025.03.14	02:15:42.745		0.95814			4
2025.03.14	02:15:43.766	0.95802	0.95815			6
2025.03.14	02:16:00.237	0.95802				2
2025.03.14	02:16:02.339		0.95816			4
2025.03.14	02:16:02.866		0.95815			4
2025.03.14	02:16:03.302		0.95816			4
2025.03.14	02:16:04.180		0.95814			4
2025.03.14	02:16:08.284		0.95816			4
2025.03.14	02:16:14.658	0.95803	0.95815			6
2025.03.14	02:16:15.681		0.95816			4
2025.03.14	02:16:30.042		0.95815			4
2025.03.14	02:16:31.200		0.95816			4
2025.03.14	02:16:36.366		0.95815			4
2025.03.14	02:16:36.709		0.95816			4
2025.03.14	02:16:40.088	0.95802				2
2025.03.14	02:16:43.869	0.95806	0.95818			6
2025.03.14	02:16:49.743	0.95805				2
2025.03.14	02:16:55.594		0.95816			4
2025.03.14	02:16:56.662	0.95804				2
2025.03.14	02:16:58.773	0.95805				2
2025.03.14	02:17:01.494	0.95803				2
2025.03.14	02:17:05.813	0.95802				2
2025.03.14	02:17:12.195	0.95805	0.95817			6
2025.03.14	02:17:12.507	0.95803	0.95816			6
2025.03.14	02:17:18.999		0.95817			4
2025.03.14	02:17:24.407	0.95802	0.95816			6
2025.03.14	02:17:25.196	0.95803	0.95817			6
2025.03.14	02:17:25.498	0.95804	0.95818			6
2025.03.14	02:17:30.224	0.95805				2
2025.03.14	02:17:35.326	0.95804				2
2025.03.14	02:17:40.993		0.95817			4
2025.03.14	02:17:41.299	0.95803	0.95816			6
2025.03.14	02:17:43.757		0.95814			4
2025.03.14	02:17:45.570	0.95805	0.95818			6
2025.03.14	02:17:51.015	0.95804	0.95817			6
2025.03.14	02:17:54.834		0.95818			4
2025.03.14	02:18:00.484	0.95804				2
2025.03.14	02:18:01.702	0.95805	0.95819			6
2025.03.14	02:18:09.374	0.95806				2
2025.03.14	02:18:25.309	0.95808	0.95820			6
2025.03.14	02:18:26.101	0.95807				2
2025.03.14	02:18:39.660	0.95811	0.95821			6
2025.03.14	02:18:42.378	0.95812				2
2025.03.14	02:18:49.054		0.95823			4
2025.03.14	02:18:55.801	0.95811				2
2025.03.14	02:19:00.555	0.95812				2
2025.03.14	02:19:02.785		0.95824			4
2025.03.14	02:19:03.920	0.95813	0.95823			6
2025.03.14	02:19:06.055	0.95812				2
2025.03.14	02:19:08.837		0.95822			4
2025.03.14	02:19:12.751	0.95811	0.95819			6
2025.03.14	02:19:18.002	0.95810				2
2025.03.14	02:19:20.102	0.95807	0.95815			6
2025.03.14	02:19:20.453	0.95805				2
2025.03.14	02:19:21.102	0.95806	0.95817			6
2025.03.14	02:19:43.900		0.95819			4
2025.03.14	02:19:44.614	0.95807				2
2025.03.14	02:19:57.829	0.95808				2
2025.03.14	02:19:58.224	0.95807				2
2025.03.14	02:19:59.472		0.95818			4
2025.03.14	02:20:01.151	0.95807				2
2025.03.14	02:20:10.259	0.95810	0.95820			6
2025.03.14	02:20:10.568	0.95809				2
2025.03.14	02:20:16.202	0.95808				2
2025.03.14	02:20:26.153	0.95803	0.95816			6
2025.03.14	02:20:30.894		0.95815			4
2025.03.14	02:20:33.074	0.95802	0.95813			6
2025.03.14	02:20:37.232		0.95814			4
2025.03.14	02:20:38.842	0.95803	0.95815			6
2025.03.14	02:20:40.315	0.95802				2
2025.03.14	02:20:48.581	0.95803				2
2025.03.14	02:21:00.550	0.95803				2
2025.03.14	02:21:06.314	0.95802	0.95814			6
2025.03.14	02:21:10.713	0.95803	0.95815			6
2025.03.14	02:21:28.236	0.95802	0.95814			6
2025.03.14	02:21:30.212	0.95803	0.95815			6
2025.03.14	02:21:37.383		0.95814			4
2025.03.14	02:21:41.537		0.95815			4
2025.03.14	02:21:58.156		0.95814			4
2025.03.14	02:21:58.744		0.95813			4
2025.03.14	02:21:59.401	0.95801				2
2025.03.14	02:22:00.549	0.95801				2
2025.03.14	02:22:09.006	0.95802				2
2025.03.14	02:22:09.481		0.95814			4
2025.03.14	02:22:21.000	0.95803				2
2025.03.14	02:22:46.827		0.95815			4
2025.03.14	02:22:50.647	0.95804				2
2025.03.14	02:22:52.033	0.95803				2
2025.03.14	02:23:00.793	0.95803				2
2025.03.14	02:23:06.008	0.95804	0.95816			6
2025.03.14	02:23:12.002	0.95805				2
2025.03.14	02:23:20.671	0.95807	0.95819			6
2025.03.14	02:23:21.906	0.95806	0.95816			6
2025.03.14	02:23:22.812		0.95818			4
2025.03.14	02:23:27.589	0.95809	0.95820			6
2025.03.14	02:23:27.906	0.95811	0.95821			6
2025.03.14	02:23:28.456	0.95810				2
2025.03.14	02:23:38.701	0.95811				2
2025.03.14	02:23:44.549	0.95810				2
2025.03.14	02:23:46.256		0.95820			4
2025.03.14	02:23:55.801	0.95809				2
2025.03.14	02:23:58.379	0.95810				2
2025.03.14	02:23:58.714	0.95811				2
2025.03.14	02:24:00.080	0.95811				2
2025.03.14	02:24:01.913		0.95821			4
2025.03.14	02:24:03.497	0.95812				2
2025.03.14	02:24:04.037		0.95822			4
2025.03.14	02:24:09.003	0.95811				2
2025.03.14	02:24:15.004	0.95812				2
2025.03.14	02:24:59.264	0.95811	0.95820			6
2025.03.14	02:25:00.569	0.95811	0.95823			6
2025.03.14	02:25:01.737		0.95820			4
2025.03.14	02:25:28.501	0.95810				2
2025.03.14	02:25:30.007	0.95812	0.95821			6
2025.03.14	02:25:37.575	0.95810				2
2025.03.14	02:25:37.887	0.95812	0.95823			6
2025.03.14	02:25:46.377		0.95820			4
2025.03.14	02:25:47.536	0.95810	0.95819			6
2025.03.14	02:25:54.965	0.95811				2
2025.03.14	02:26:00.000	0.95811				2
2025.03.14	02:26:00.335	0.95810				2
2025.03.14	02:26:00.986		0.95818			4
2025.03.14	02:26:01.447	0.95809				2
2025.03.14	02:26:02.416	0.95808				2
2025.03.14	02:26:02.960	0.95809				2
2025.03.14	02:26:15.529	0.95807	0.95817			6
2025.03.14	02:26:23.692	0.95806				2
2025.03.14	02:26:37.396	0.95807	0.95818			6
2025.03.14	02:26:37.799	0.95809				2
2025.03.14	02:26:41.908	0.95808				2
2025.03.14	02:26:42.284	0.95807				2
2025.03.14	02:26:42.602	0.95808				2
2025.03.14	02:26:54.172	0.95807				2
2025.03.14	02:27:00.844	0.95807				2
2025.03.14	02:27:10.903		0.95819			4
2025.03.14	02:27:23.297	0.95805	0.95814			6
2025.03.14	02:27:27.992	0.95804				2
2025.03.14	02:27:32.276	0.95803				2
2025.03.14	02:27:32.613	0.95804				2
2025.03.14	02:27:36.137	0.95803				2
2025.03.14	02:27:47.642	0.95804				2
2025.03.14	02:27:49.342	0.95802	0.95811			6
2025.03.14	02:27:53.402	0.95801				2
2025.03.14	02:28:00.477	0.95801				2
2025.03.14	02:28:00.956	0.95800	0.95810			6
2025.03.14	02:28:07.242	0.95801				2
2025.03.14	02:28:07.961	0.95800				2
2025.03.14	02:28:28.149	0.95802	0.95814			6
2025.03.14	02:28:30.770		0.95812			4
2025.03.14	02:28:31.124	0.95801				2
2025.03.14	02:28:39.492	0.95802				2
2025.03.14	02:28:42.444	0.95801				2
2025.03.14	02:29:00.000	0.95801				2
2025.03.14	02:29:05.640	0.95802	0.95813			6
2025.03.14	02:29:11.194	0.95803				2
2025.03.14	02:29:11.689	0.95802				2
2025.03.14	02:29:13.255	0.95803	0.95814			6
2025.03.14	02:29:20.726	0.95802	0.95811			6
2025.03.14	02:29:21.417	0.95801	0.95812			6
2025.03.14	02:29:24.832	0.95802	0.95813			6
2025.03.14	02:29:25.179		0.95812			4
2025.03.14	02:29:29.205	0.95801				2
2025.03.14	02:29:35.334	0.95802				2
2025.03.14	02:29:45.329	0.95803				2
2025.03.14	02:29:47.987		0.95814			4
2025.03.14	02:29:48.306		0.95813			4
2025.03.14	02:29:51.272	0.95802				2
2025.03.14	02:29:52.150		0.95814			4
2025.03.14	02:29:54.141	0.95803				2
2025.03.14	02:30:00.338	0.95801	0.95811			6
2025.03.14	02:30:01.268	0.95800				2
2025.03.14	02:30:02.347	0.95801				2
2025.03.14	02:30:03.306	0.95802	0.95813			6
2025.03.14	02:30:04.720	0.95800	0.95810			6
2025.03.14	02:30:05.059		0.95809			4
2025.03.14	02:30:05.551	0.95801	0.95812			6
2025.03.14	02:30:05.858	0.95802				2
2025.03.14	02:30:10.570	0.95801				2
2025.03.14	02:30:19.711		0.95811			4
2025.03.14	02:30:30.521		0.95812			4
2025.03.14	02:30:30.901		0.95810			4
2025.03.14	02:30:31.523	0.95799	0.95809			6
2025.03.14	02:30:35.804	0.95800				2
2025.03.14	02:30:36.435	0.95801				2
2025.03.14	02:30:40.969		0.95811			4
2025.03.14	02:30:43.711		0.95812			4
2025.03.14	02:31:01.929	0.95802	0.95813			6
2025.03.14	02:31:07.984	0.95803				2
2025.03.14	02:31:12.697	0.95802				2
2025.03.14	02:31:13.308	0.95805	0.95817			6
2025.03.14	02:31:13.609	0.95804	0.95815			6
2025.03.14	02:31:17.101		0.95814			4
2025.03.14	02:31:18.016		0.95815			4
2025.03.14	02:31:21.451	0.95805	0.95816			6
2025.03.14	02:31:22.254	0.95804	0.95815			6
2025.03.14	02:31:30.891	0.95805	0.95817			6
2025.03.14	02:31:35.896	0.95806				2
2025.03.14	02:31:39.339	0.95805				2
2025.03.14	02:32:00.359	0.95804				2
2025.03.14	02:32:00.975	0.95805	0.95818			6
2025.03.14	02:32:02.049		0.95816			4
2025.03.14	02:32:03.420	0.95806	0.95817			6
2025.03.14	02:32:13.332	0.95807	0.95818			6
2025.03.14	02:32:17.351		0.95817			4
2025.03.14	02:32:23.912		0.95818			4
2025.03.14	02:32:27.532		0.95817			4
2025.03.14	02:32:30.684		0.95818			4
2025.03.14	02:32:31.572		0.95817			4
2025.03.14	02:32:33.481	0.95803	0.95814			6
2025.03.14	02:32:35.005	0.95802	0.95813			6
2025.03.14	02:32:38.724	0.95803	0.95814			6
2025.03.14	02:32:43.014	0.95805	0.95815			6
2025.03.14	02:32:43.503	0.95806	0.95817			6
2025.03.14	02:32:49.642	0.95807				2
2025.03.14	02:32:56.963	0.95806				2
2025.03.14	02:32:59.402		0.95816			4
2025.03.14	02:33:00.554	0.95806				2
2025.03.14	02:33:02.704	0.95805				2
2025.03.14	02:33:03.925	0.95806				2
2025.03.14	02:33:07.447	0.95805				2
2025.03.14	02:33:10.500	0.95806				2
2025.03.14	02:33:11.709	0.95803	0.95814			6
2025.03.14	02:33:12.019	0.95804				2
2025.03.14	02:33:18.003	0.95803				2
2025.03.14	02:33:20.265		0.95813			4
2025.03.14	02:33:20.686	0.95804	0.95814			6
2025.03.14	02:33:21.794	0.95806	0.95816			6
2025.03.14	02:33:28.447		0.95817			4
2025.03.14	02:33:28.990	0.95807				2
2025.03.14	02:33:35.179		0.95818			4
2025.03.14	02:33:39.718	0.95806				2
2025.03.14	02:33:44.053	0.95807				2
2025.03.14	02:33:45.567		0.95817			4
2025.03.14	02:33:46.681		0.95818			4
2025.03.14	02:33:47.436	0.95806				2
2025.03.14	02:33:47.777	0.95807	0.95817			6
2025.03.14	02:33:49.720	0.95806	0.95816			6
2025.03.14	02:33:50.029	0.95805				2
2025.03.14	02:33:50.401	0.95806	0.95815			6
2025.03.14	02:33:50.951	0.95805				2
2025.03.14	02:33:58.847	0.95807	0.95817			6
2025.03.14	02:33:59.790	0.95806				2
2025.03.14	02:34:00.446	0.95807				2
2025.03.14	02:34:04.579		0.95818			4
2025.03.14	02:34:07.609	0.95808				2
2025.03.14	02:34:26.156	0.95806	0.95817			6
2025.03.14	02:34:26.699		0.95816			4
2025.03.14	02:34:31.985	0.95805				2
2025.03.14	02:34:37.341	0.95807	0.95817			6
2025.03.14	02:34:40.026	0.95808				2
2025.03.14	02:34:45.710	0.95807				2
2025.03.14	02:34:46.055	0.95808				2
2025.03.14	02:34:47.924	0.95805	0.95816			6
2025.03.14	02:34:48.599		0.95815			4
2025.03.14	02:34:49.481	0.95804				2
2025.03.14	02:35:01.502	0.95804				2
2025.03.14	02:35:16.468	0.95807	0.95817			6
2025.03.14	02:35:17.057		0.95818			4
2025.03.14	02:35:24.233		0.95817			4
2025.03.14	02:35:28.346		0.95818			4
2025.03.14	02:35:35.408	0.95806	0.95817			6
2025.03.14	02:35:35.902	0.95807				2
2025.03.14	02:35:36.318	0.95806				2
2025.03.14	02:35:47.560		0.95816			4
2025.03.14	02:35:47.864		0.95817			4
2025.03.14	02:35:50.234	0.95807	0.95818			6
2025.03.14	02:35:59.288		0.95817			4
2025.03.14	02:36:00.375	0.95807	0.95818			6
2025.03.14	02:36:01.941	0.95806	0.95817			6
2025.03.14	02:36:02.255	0.95807	0.95818			6
2025.03.14	02:36:22.777	0.95809	0.95819			6
2025.03.14	02:36:23.403	0.95808				2
2025.03.14	02:36:40.180		0.95818			4
2025.03.14	02:36:45.360	0.95807				2
2025.03.14	02:37:01.303	0.95807				2
2025.03.14	02:37:26.937	0.95805	0.95814			6
2025.03.14	02:37:29.524	0.95802	0.95812			6
2025.03.14	02:37:30.897	0.95801				2
2025.03.14	02:37:31.573		0.95811			4
2025.03.14	02:37:37.501		0.95812			4
2025.03.14	02:37:40.381	0.95802	0.95811			6
2025.03.14	02:37:52.792	0.95801				2
2025.03.14	02:37:53.239	0.95802				2
2025.03.14	02:37:59.050	0.95801				2
2025.03.14	02:38:00.065	0.95801				2
2025.03.14	02:38:03.829	0.95800				2
2025.03.14	02:38:04.423		0.95809			4
2025.03.14	02:38:05.858	0.95798	0.95807			6
2025.03.14	02:38:06.869	0.95797				2
2025.03.14	02:38:12.548	0.95796	0.95808			6
2025.03.14	02:38:13.227	0.95795	0.95805			6
2025.03.14	02:38:14.516		0.95806			4
2025.03.14	02:38:16.847	0.95796				2
2025.03.14	02:38:18.928	0.95795				2
2025.03.14	02:38:20.123	0.95796				2
2025.03.14	02:38:21.166	0.95797	0.95807			6
2025.03.14	02:38:23.138	0.95796				2
2025.03.14	02:38:40.481		0.95806			4
2025.03.14	02:39:00.962	0.95796				2
2025.03.14	02:39:01.349		0.95807			4
2025.03.14	02:39:03.646	0.95798	0.95808			6
2025.03.14	02:39:06.151	0.95797				2
2025.03.14	02:39:10.912	0.95799	0.95810			6
2025.03.14	02:39:13.239	0.95797	0.95808			6
2025.03.14	02:39:14.856	0.95798				2
2025.03.14	02:39:17.810	0.95799	0.95809			6
2025.03.14	02:39:18.301	0.95798	0.95808			6
2025.03.14	02:39:28.372		0.95809			4
2025.03.14	02:39:30.666	0.95799				2
2025.03.14	02:39:31.344	0.95800	0.95810			6
2025.03.14	02:39:40.841	0.95798				2
2025.03.14	02:39:48.883		0.95809			4
2025.03.14	02:39:51.863	0.95797	0.95808			6
2025.03.14	02:39:59.033		0.95807			4
2025.03.14	02:40:00.495	0.95797				2
2025.03.14	02:40:01.145		0.95808			4
2025.03.14	02:40:01.898	0.95796	0.95806			6
2025.03.14	02:40:10.521		0.95807			4
2025.03.14	02:40:34.854	0.95799	0.95808			6
2025.03.14	02:40:45.721	0.95803	0.95812			6
2025.03.14	02:40:48.585		0.95813			4
2025.03.14	02:40:59.692	0.95804				2
2025.03.14	02:41:04.621	0.95804				2
2025.03.14	02:41:10.703	0.95805	0.95814			6
2025.03.14	02:41:12.712		0.95815			4
2025.03.14	02:41:17.049	0.95804	0.95813			6
2025.03.14	02:41:20.257		0.95814			4
2025.03.14	02:41:21.000		0.95813			4
2025.03.14	02:41:24.585	0.95802				2
2025.03.14	02:41:27.248	0.95801	0.95812			6
2025.03.14	02:41:32.312		0.95811			4
2025.03.14	02:41:35.317	0.95800				2
2025.03.14	02:41:35.720		0.95810			4
2025.03.14	02:41:36.301	0.95802	0.95812			6
2025.03.14	02:41:40.801		0.95813			4
2025.03.14	02:41:45.474	0.95803				2
2025.03.14	02:42:00.481	0.95803				2
2025.03.14	02:42:07.722	0.95804				2
2025.03.14	02:42:41.090		0.95813			4
2025.03.14	02:43:00.036	0.95803				2
2025.03.14	02:43:32.953	0.95806	0.95815			6
2025.03.14	02:43:36.789	0.95803	0.95813			6
2025.03.14	02:43:40.227	0.95799	0.95809			6
2025.03.14	02:43:58.314		0.95808			4
2025.03.14	02:44:00.086	0.95799				2
2025.03.14	02:44:00.489		0.95809			4
2025.03.14	02:44:03.234	0.95797	0.95808			6
2025.03.14	02:44:13.067	0.95799	0.95809			6
2025.03.14	02:44:13.501		0.95808			4
2025.03.14	02:44:16.618	0.95798				2
2025.03.14	02:44:20.100	0.95797				2
2025.03.14	02:44:22.910	0.95798				2
2025.03.14	02:44:33.342	0.95797	0.95809			6
2025.03.14	02:44:36.085	0.95798	0.95808			6
2025.03.14	02:44:36.976		0.95809			4
2025.03.14	02:44:37.501	0.95799	0.95810			6
2025.03.14	02:44:43.529	0.95798				2
2025.03.14	02:44:43.870	0.95799				2
2025.03.14	02:44:45.151	0.95800				2
2025.03.14	02:44:45.457	0.95799				2
2025.03.14	02:44:46.219	0.95798	0.95809			6
2025.03.14	02:44:50.034	0.95801	0.95811			6
2025.03.14	02:44:50.497	0.95802	0.95813			6
2025.03.14	02:44:50.893	0.95803				2
2025.03.14	02:44:51.242	0.95804				2
2025.03.14	02:44:51.594		0.95814			4
2025.03.14	02:44:51.919	0.95800	0.95810			6
2025.03.14	02:44:52.304	0.95803	0.95813			6
2025.03.14	02:44:56.357	0.95804	0.95814			6
2025.03.14	02:44:56.665		0.95815			4
2025.03.14	02:45:00.176	0.95804	0.95814			6
2025.03.14	02:45:01.570	0.95805	0.95816			6
2025.03.14	02:45:01.892	0.95806				2
2025.03.14	02:45:03.201		0.95817			4
2025.03.14	02:45:06.703	0.95807				2
2025.03.14	02:45:15.806	0.95806				2
2025.03.14	02:45:17.967	0.95807	0.95818			6
2025.03.14	02:45:18.494	0.95806	0.95817			6
2025.03.14	02:45:18.867	0.95807				2
2025.03.14	02:45:20.183		0.95819			4
2025.03.14	02:45:24.374		0.95820			4
2025.03.14	02:45:26.861		0.95819			4
2025.03.14	02:45:34.757	0.95809				2
2025.03.14	02:45:35.365	0.95810				2
2025.03.14	02:45:37.463		0.95820			4
2025.03.14	02:45:38.798		0.95819			4
2025.03.14	02:45:44.549		0.95820			4
2025.03.14	02:45:54.733	0.95812	0.95822			6
2025.03.14	02:45:58.354		0.95823			4
2025.03.14	02:46:00.331	0.95812				2
2025.03.14	02:46:00.858	0.95807	0.95818			6
2025.03.14	02:46:01.701	0.95808	0.95819			6
2025.03.14	02:46:02.047	0.95806	0.95816			6
2025.03.14	02:46:02.408	0.95805				2
2025.03.14	02:46:02.710		0.95817			4
2025.03.14	02:46:03.892		0.95816			4
2025.03.14	02:46:04.295	0.95809	0.95819			6
2025.03.14	02:46:06.937	0.95808				2
2025.03.14	02:46:09.944	0.95809				2
2025.03.14	02:46:38.533	0.95808				2
2025.03.14	02:46:48.343		0.95818			4
2025.03.14	02:46:50.454		0.95819			4
2025.03.14	02:46:56.226		0.95818			4
2025.03.14	02:46:57.152	0.95810				2
2025.03.14	02:47:00.317	0.95810				2
2025.03.14	02:47:02.167	0.95809				2
2025.03.14	02:47:05.438	0.95807				2
2025.03.14	02:47:08.793	0.95806	0.95817			6
2025.03.14	02:47:10.043	0.95804	0.95815			6
2025.03.14	02:47:18.959		0.95814			4
2025.03.14	02:47:20.474		0.95816			4
2025.03.14	02:47:24.025		0.95815			4
2025.03.14	02:47:30.160	0.95802	0.95813			6
2025.03.14	02:47:32.472	0.95804	0.95815			6
2025.03.14	02:47:33.216	0.95805	0.95816			6
2025.03.14	02:47:33.872	0.95804	0.95815			6
2025.03.14	02:47:36.706	0.95805	0.95816			6
2025.03.14	02:47:39.463	0.95804				2
2025.03.14	02:47:57.225	0.95806				2
2025.03.14	02:48:00.524	0.95806	0.95817			6
2025.03.14	02:48:01.621	0.95804	0.95814			6
2025.03.14	02:48:02.715	0.95803	0.95813			6
2025.03.14	02:48:07.035		0.95814			4
2025.03.14	02:48:16.671	0.95804	0.95815			6
2025.03.14	02:48:21.288	0.95803				2
2025.03.14	02:48:22.116	0.95804				2
2025.03.14	02:48:34.197	0.95803	0.95814			6
2025.03.14	02:48:34.800	0.95802	0.95813			6
2025.03.14	02:48:38.862	0.95803	0.95814			6
2025.03.14	02:48:43.273	0.95802	0.95813			6
2025.03.14	02:48:48.012	0.95803	0.95814			6
2025.03.14	02:48:50.265	0.95804				2
2025.03.14	02:48:53.374	0.95802	0.95812			6
2025.03.14	02:48:53.707		0.95814			4
2025.03.14	02:48:56.999	0.95803				2
2025.03.14	02:49:01.085	0.95803				2
2025.03.14	02:49:02.606	0.95804	0.95815			6
2025.03.14	02:49:05.624	0.95805	0.95816			6
2025.03.14	02:49:11.190	0.95806				2
2025.03.14	02:49:15.187	0.95804				2
2025.03.14	02:49:15.606	0.95805				2
2025.03.14	02:49:19.001	0.95804	0.95815			6
2025.03.14	02:49:21.362	0.95805				2
2025.03.14	02:49:21.871	0.95806	0.95816			6
2025.03.14	02:49:22.368	0.95805				2
2025.03.14	02:49:28.767		0.95815			4
2025.03.14	02:49:32.197	0.95806	0.95816			6
2025.03.14	02:49:35.196		0.95817			4
2025.03.14	02:49:46.173	0.95807	0.95818			6
2025.03.14	02:50:00.092	0.95807				2
2025.03.14	02:50:01.164	0.95806	0.95817			6
2025.03.14	02:50:05.400		0.95816			4
2025.03.14	02:50:16.107		0.95817			4
2025.03.14	02:50:25.373	0.95807				2
2025.03.14	02:50:34.745	0.95806				2
2025.03.14	02:50:56.866	0.95807				2
2025.03.14	02:51:00.463	0.95806	0.95816			6
2025.03.14	02:51:06.002	0.95805				2
2025.03.14	02:51:07.588	0.95806				2
2025.03.14	02:51:13.723	0.95814	0.95824			6
2025.03.14	02:51:14.358	0.95813				2
2025.03.14	02:51:17.927	0.95812	0.95823			6
2025.03.14	02:51:21.054	0.95811	0.95822			6
2025.03.14	02:51:24.452	0.95812				2
2025.03.14	02:51:26.540	0.95811				2
2025.03.14	02:51:28.057	0.95810	0.95820			6
2025.03.14	02:51:33.538	0.95809	0.95819			6
2025.03.14	02:51:38.352	0.95810	0.95820			6
2025.03.14	02:51:49.477		0.95819			4
2025.03.14	02:51:50.104		0.95820			4
2025.03.14	02:51:50.659		0.95819			4
2025.03.14	02:51:50.981		0.95820			4
2025.03.14	02:51:51.862		0.95819			4
2025.03.14	02:51:53.030		0.95820			4
2025.03.14	02:52:00.523	0.95810				2
2025.03.14	02:52:04.080		0.95821			4
2025.03.14	02:52:08.610	0.95812	0.95823			6
2025.03.14	02:52:25.443	0.95810	0.95821			6
2025.03.14	02:52:25.800		0.95820			4
2025.03.14	02:52:35.600	0.95809				2
2025.03.14	02:52:52.576		0.95819			4
2025.03.14	02:52:57.520	0.95810	0.95821			6
2025.03.14	02:53:00.483	0.95810	0.95822			6
2025.03.14	02:53:00.786	0.95811				2
2025.03.14	02:53:02.077	0.95810				2
2025.03.14	02:53:05.701		0.95820			4
2025.03.14	02:53:12.312	0.95814	0.95823			6
2025.03.14	02:53:13.736	0.95812	0.95822			6
2025.03.14	02:53:15.714	0.95810	0.95820			6
2025.03.14	02:53:20.939	0.95808	0.95818			6
2025.03.14	02:53:21.242	0.95807	0.95817			6
2025.03.14	02:53:28.441	0.95806				2
2025.03.14	02:53:44.536	0.95808	0.95818			6
2025.03.14	02:53:52.813		0.95819			4
2025.03.14	02:53:58.023		0.95818			4
2025.03.14	02:53:59.798	0.95809	0.95819			6
2025.03.14	02:54:00.339	0.95809	0.95820			6
2025.03.14	02:54:10.964	0.95811	0.95821			6
2025.03.14	02:54:12.125		0.95820			4
2025.03.14	02:54:14.309		0.95821			4
2025.03.14	02:54:16.330	0.95812	0.95822			6
2025.03.14	02:54:19.373	0.95811	0.95823			6
2025.03.14	02:54:19.841	0.95812	0.95822			6
2025.03.14	02:54:23.294	0.95811	0.95821			6
2025.03.14	02:54:24.384	0.95812	0.95823			6
2025.03.14	02:54:24.697	0.95811	0.95821			6
2025.03.14	02:54:25.459	0.95812	0.95823			6
2025.03.14	02:54:25.833	0.95811	0.95822			6
2025.03.14	02:54:26.219	0.95813	0.95824			6
2025.03.14	02:54:28.031	0.95814				2
2025.03.14	02:54:30.497	0.95815				2
2025.03.14	02:54:30.805	0.95816	0.95825			6
2025.03.14	02:54:31.735		0.95826			4
2025.03.14	02:54:33.210	0.95814	0.95824			6
2025.03.14	02:54:34.138	0.95813	0.95823			6
2025.03.14	02:54:34.675	0.95812				2
2025.03.14	02:54:35.924	0.95810	0.95820			6
2025.03.14	02:54:39.315	0.95811	0.95821			6
2025.03.14	02:54:40.172	0.95813	0.95823			6
2025.03.14	02:54:42.112	0.95812	0.95822			6
2025.03.14	02:54:44.512	0.95811	0.95821			6
2025.03.14	02:54:46.502	0.95812	0.95822			6
2025.03.14	02:54:48.603	0.95811	0.95821			6
2025.03.14	02:54:50.378	0.95812	0.95822			6
2025.03.14	02:54:50.861	0.95814	0.95825			6
2025.03.14	02:54:57.419		0.95824			4
2025.03.14	02:55:00.366	0.95814				2
2025.03.14	02:55:06.693		0.95823			4
2025.03.14	02:55:10.521		0.95824			4
2025.03.14	02:55:11.166		0.95825			4
2025.03.14	02:55:18.285	0.95815	0.95826			6
2025.03.14	02:55:19.925	0.95817	0.95827			6
2025.03.14	02:55:22.185		0.95828			4
2025.03.14	02:55:25.983	0.95816	0.95826			6
2025.03.14	02:55:29.517		0.95825			4
2025.03.14	02:55:30.808	0.95815				2
2025.03.14	02:55:35.401	0.95814	0.95824			6
2025.03.14	02:55:39.890	0.95813				2
2025.03.14	02:55:41.878		0.95825			4
2025.03.14	02:55:45.615	0.95815				2
2025.03.14	02:55:52.425		0.95826			4
2025.03.14	02:55:52.804	0.95816				2
2025.03.14	02:56:00.001	0.95816				2
2025.03.14	02:56:04.154	0.95815				2
2025.03.14	02:56:04.984	0.95814				2
2025.03.14	02:56:06.155	0.95816				2
2025.03.14	02:56:06.903	0.95814				2
2025.03.14	02:56:16.359	0.95815				2
2025.03.14	02:56:18.284		0.95825			4
2025.03.14	02:56:18.602	0.95814	0.95824			6
2025.03.14	02:56:19.412		0.95825			4
2025.03.14	02:56:19.725	0.95815	0.95826			6
2025.03.14	02:56:20.174	0.95817	0.95827			6
2025.03.14	02:56:22.799	0.95816	0.95828			6
2025.03.14	02:56:29.065	0.95814	0.95825			6
2025.03.14	02:56:29.405		0.95824			4
2025.03.14	02:56:38.663	0.95815	0.95825			6
2025.03.14	02:56:39.682	0.95814				2
2025.03.14	02:56:40.057	0.95815	0.95826			6
2025.03.14	02:56:40.555		0.95825			4
2025.03.14	02:56:50.533	0.95816	0.95826			6
2025.03.14	02:56:55.228	0.95813	0.95823			6
2025.03.14	02:56:55.548	0.95810	0.95820			6
2025.03.14	02:57:00.353	0.95812	0.95822			6
2025.03.14	02:57:10.521		0.95821			4
2025.03.14	02:57:23.474	0.95811				2
2025.03.14	02:57:27.020	0.95813	0.95823			6
2025.03.14	02:57:30.000	0.95814	0.95824			6
2025.03.14	02:57:36.001	0.95813	0.95823			6
2025.03.14	02:57:38.324		0.95822			4
2025.03.14	02:57:38.700	0.95812				2
2025.03.14	02:57:41.642	0.95810	0.95820			6
2025.03.14	02:57:45.106		0.95822			4
2025.03.14	02:57:46.388	0.95812	0.95821			6
2025.03.14	02:57:55.766		0.95822			4
2025.03.14	02:57:56.069		0.95821			4
2025.03.14	02:57:58.201	0.95811				2
2025.03.14	02:57:58.785	0.95812				2
2025.03.14	02:58:00.065	0.95812				2
2025.03.14	02:58:00.451		0.95822			4
2025.03.14	02:58:01.673		0.95821			4
2025.03.14	02:58:02.717		0.95822			4
2025.03.14	02:58:04.696		0.95823			4
2025.03.14	02:58:09.248	0.95811	0.95822			6
2025.03.14	02:58:09.694	0.95809	0.95819			6
2025.03.14	02:58:10.493	0.95810	0.95818			6
2025.03.14	02:58:12.216	0.95809	0.95817			6
2025.03.14	02:58:12.889		0.95818			4
2025.03.14	02:58:13.212	0.95811				2
2025.03.14	02:58:23.329	0.95809				2
2025.03.14	02:58:24.215	0.95805	0.95815			6
2025.03.14	02:58:24.523		0.95813			4
2025.03.14	02:58:25.299	0.95806	0.95815			6
2025.03.14	02:58:26.421		0.95816			4
2025.03.14	02:58:27.852		0.95817			4
2025.03.14	02:58:30.285	0.95808				2
2025.03.14	02:58:34.927	0.95810	0.95818			6
2025.03.14	02:58:41.087	0.95811				2
2025.03.14	02:58:42.394	0.95810				2
2025.03.14	02:58:43.313	0.95809				2
2025.03.14	02:58:45.387		0.95817			4
2025.03.14	02:58:46.873		0.95818			4
2025.03.14	02:58:50.641	0.95810				2
2025.03.14	02:58:53.043	0.95809				2
2025.03.14	02:58:57.434	0.95810				2
2025.03.14	02:58:58.153	0.95809				2
2025.03.14	02:58:59.096	0.95808	0.95817			6
2025.03.14	02:59:00.144	0.95808				2
2025.03.14	02:59:07.795	0.95807				2
2025.03.14	02:59:08.816	0.95805	0.95816			6
2025.03.14	02:59:10.714	0.95804	0.95813			6
2025.03.14	02:59:12.576		0.95812			4
2025.03.14	02:59:19.234	0.95806	0.95815			6
2025.03.14	02:59:19.538		0.95814			4
2025.03.14	02:59:20.805		0.95815			4
2025.03.14	02:59:21.540		0.95814			4
2025.03.14	02:59:23.377		0.95815			4
2025.03.14	02:59:30.329	0.95807				2
2025.03.14	02:59:31.057		0.95816			4
2025.03.14	02:59:32.509		0.95817			4
2025.03.14	02:59:40.040	0.95806				2
2025.03.14	02:59:44.958	0.95807				2
2025.03.14	02:59:47.146	0.95810	0.95819			6
2025.03.14	02:59:48.382		0.95820			4
2025.03.14	02:59:52.714	0.95811				2
2025.03.14	02:59:56.288	0.95810				2
2025.03.14	03:00:00.326	0.95808	0.95818			6
2025.03.14	03:00:01.136	0.95806	0.95816			6
2025.03.14	03:00:01.594	0.95807	0.95817			6
2025.03.14	03:00:01.897	0.95810	0.95820			6
2025.03.14	03:00:02.252	0.95809	0.95818			6
2025.03.14	03:00:03.719	0.95810	0.95819			6
2025.03.14	03:00:04.031		0.95820			4
2025.03.14	03:00:04.583	0.95811				2
2025.03.14	03:00:04.886	0.95810	0.95821			6
2025.03.14	03:00:05.203	0.95811				2
2025.03.14	03:00:06.078	0.95810				2
2025.03.14	03:00:06.436		0.95819			4
2025.03.14	03:00:07.849	0.95813	0.95823			6
2025.03.14	03:00:08.240	0.95811	0.95822			6
2025.03.14	03:00:08.991	0.95810				2
2025.03.14	03:00:09.302		0.95820			4
2025.03.14	03:00:10.147	0.95811	0.95822			6
2025.03.14	03:00:11.444	0.95810				2
2025.03.14	03:00:11.797		0.95820			4
2025.03.14	03:00:12.351	0.95808	0.95818			6
2025.03.14	03:00:12.658	0.95807	0.95817			6
2025.03.14	03:00:12.966	0.95806				2
2025.03.14	03:00:13.743	0.95804	0.95815			6
2025.03.14	03:00:14.045		0.95814			4
2025.03.14	03:00:15.421		0.95815			4
2025.03.14	03:00:15.843	0.95805				2
2025.03.14	03:00:16.277	0.95803	0.95813			6
2025.03.14	03:00:18.230		0.95812			4
2025.03.14	03:00:20.140	0.95807	0.95816			6
2025.03.14	03:00:20.470	0.95806				2
2025.03.14	03:00:22.266	0.95807	0.95817			6
2025.03.14	03:00:22.591	0.95806	0.95816			6
2025.03.14	03:00:25.249	0.95807	0.95817			6
2025.03.14	03:00:26.308	0.95805	0.95815			6
2025.03.14	03:00:26.712	0.95806	0.95816			6
2025.03.14	03:00:30.763	0.95807	0.95817			6
2025.03.14	03:00:37.589	0.95804	0.95813			6
2025.03.14	03:00:37.909	0.95798	0.95808			6
2025.03.14	03:00:38.924	0.95795	0.95805			6
2025.03.14	03:00:39.228		0.95804			4
2025.03.14	03:00:40.615		0.95805			4
2025.03.14	03:00:42.310	0.95794	0.95804			6
2025.03.14	03:00:42.625	0.95795	0.95805			6
2025.03.14	03:00:43.615	0.95796				2
2025.03.14	03:00:43.920		0.95806			4
2025.03.14	03:00:44.350	0.95795				2
2025.03.14	03:00:45.463	0.95796	0.95807			6
2025.03.14	03:00:46.301		0.95808			4
2025.03.14	03:00:46.662	0.95797	0.95807			6
2025.03.14	03:00:50.244	0.95796	0.95806			6
2025.03.14	03:00:50.563		0.95807			4
2025.03.14	03:00:50.910	0.95800	0.95808			6
2025.03.14	03:00:51.227	0.95804	0.95813			6
2025.03.14	03:00:51.845		0.95812			4
2025.03.14	03:00:52.283	0.95805				2
2025.03.14	03:00:52.942	0.95804				2
2025.03.14	03:00:53.274		0.95813			4
2025.03.14	03:00:53.580	0.95806	0.95814			6
2025.03.14	03:00:53.882		0.95813			4
2025.03.14	03:00:55.051	0.95804				2
2025.03.14	03:00:58.037	0.95803	0.95811			6
2025.03.14	03:00:58.668	0.95801	0.95809			6
2025.03.14	03:00:59.068	0.95800				2
2025.03.14	03:01:00.364	0.95800				2
2025.03.14	03:01:02.304	0.95798	0.95808			6
2025.03.14	03:01:04.354	0.95797	0.95807			6
2025.03.14	03:01:06.079	0.95796	0.95808			6
2025.03.14	03:01:06.600		0.95807			4
2025.03.14	03:01:07.043	0.95794	0.95803			6
2025.03.14	03:01:07.390	0.95793				2
2025.03.14	03:01:08.456	0.95791	0.95802			6
2025.03.14	03:01:10.629	0.95792				2
2025.03.14	03:01:10.942	0.95791				2
2025.03.14	03:01:12.498	0.95790				2
2025.03.14	03:01:12.901	0.95788	0.95798			6
2025.03.14	03:01:13.754	0.95789				2
2025.03.14	03:01:14.113	0.95788				2
2025.03.14	03:01:14.684	0.95789				2
2025.03.14	03:01:15.051	0.95788				2
2025.03.14	03:01:15.672	0.95789				2
2025.03.14	03:01:16.017	0.95785	0.95796			6
2025.03.14	03:01:16.805	0.95783	0.95793			6
2025.03.14	03:01:17.140		0.95792			4
2025.03.14	03:01:17.492		0.95793			4
2025.03.14	03:01:20.094	0.95798	0.95807			6
2025.03.14	03:01:20.418		0.95808			4
2025.03.14	03:01:21.397	0.95797	0.95807			6
2025.03.14	03:01:21.947		0.95808			4
2025.03.14	03:01:23.329	0.95798				2
2025.03.14	03:01:24.555	0.95797	0.95807			6
2025.03.14	03:01:24.900	0.95798				2
2025.03.14	03:01:25.284		0.95808			4
2025.03.14	03:01:26.138		0.95807			4
2025.03.14	03:01:27.141	0.95797				2
2025.03.14	03:01:28.998	0.95798	0.95808			6
2025.03.14	03:01:29.421	0.95797				2
2025.03.14	03:01:30.133		0.95807			4
2025.03.14	03:01:31.876	0.95798				2
2025.03.14	03:01:32.616	0.95797				2
2025.03.14	03:01:33.653	0.95795	0.95806			6
2025.03.14	03:01:33.979		0.95805			4
2025.03.14	03:01:34.373	0.95794				2
2025.03.14	03:01:38.047	0.95793	0.95804			6
2025.03.14	03:01:39.154	0.95794				2
2025.03.14	03:01:40.085		0.95805			4
2025.03.14	03:01:40.785		0.95804			4
2025.03.14	03:01:41.424		0.95805			4
2025.03.14	03:01:43.003	0.95795	0.95806			6
2025.03.14	03:01:43.422	0.95798	0.95807			6
2025.03.14	03:01:46.693	0.95797				2
2025.03.14	03:01:46.996	0.95798				2
2025.03.14	03:01:48.572		0.95808			4
2025.03.14	03:01:48.887		0.95807			4
2025.03.14	03:01:50.043	0.95797				2
2025.03.14	03:01:51.000	0.95798	0.95808			6
2025.03.14	03:01:52.310	0.95797	0.95807			6
2025.03.14	03:01:55.132	0.95794	0.95804			6
2025.03.14	03:01:55.446	0.95793	0.95802			6
2025.03.14	03:01:57.268	0.95792	0.95801			6
2025.03.14	03:01:58.173		0.95802			4
2025.03.14	03:01:58.506		0.95801			4
2025.03.14	03:01:59.000		0.95802			4
2025.03.14	03:02:00.218	0.95792	0.95801			6
2025.03.14	03:02:00.658		0.95802			4
2025.03.14	03:02:01.591	0.95793	0.95803			6
2025.03.14	03:02:04.071		0.95802			4
2025.03.14	03:02:04.376	0.95794	0.95804			6
2025.03.14	03:02:05.463	0.95792	0.95803			6
2025.03.14	03:02:06.452		0.95802			4
2025.03.14	03:02:07.137	0.95788	0.95797			6
2025.03.14	03:02:09.865	0.95789	0.95798			6
2025.03.14	03:02:12.735	0.95792	0.95803			6
2025.03.14	03:02:16.723		0.95802			4
2025.03.14	03:02:17.064	0.95795	0.95807			6
2025.03.14	03:02:17.509		0.95805			4
2025.03.14	03:02:19.119		0.95804			4
2025.03.14	03:02:20.172		0.95805			4
2025.03.14	03:02:20.499	0.95796	0.95806			6
2025.03.14	03:02:20.807	0.95794	0.95804			6
2025.03.14	03:02:21.780	0.95795				2
2025.03.14	03:02:23.254		0.95803			4
2025.03.14	03:02:23.557		0.95804			4
2025.03.14	03:02:24.795	0.95796	0.95805			6
2025.03.14	03:02:25.154	0.95793	0.95803			6
2025.03.14	03:02:25.496		0.95805			4
2025.03.14	03:02:27.263	0.95792	0.95803			6
2025.03.14	03:02:27.883	0.95794	0.95804			6
2025.03.14	03:02:28.860	0.95793	0.95802			6
2025.03.14	03:02:29.843	0.95794	0.95803			6
2025.03.14	03:02:31.037		0.95804			4
2025.03.14	03:02:35.447		0.95805			4
2025.03.14	03:02:38.303	0.95796				2
2025.03.14	03:02:38.628	0.95795				2
2025.03.14	03:02:39.654	0.95794				2
2025.03.14	03:02:39.961		0.95802			4
2025.03.14	03:02:40.879	0.95790	0.95798			6
2025.03.14	03:02:43.040	0.95789	0.95797			6
2025.03.14	03:02:43.384	0.95790				2
2025.03.14	03:02:46.124	0.95788	0.95796			6
2025.03.14	03:02:48.335	0.95787				2
2025.03.14	03:02:50.930	0.95788				2
2025.03.14	03:02:51.604	0.95787				2
2025.03.14	03:02:53.131	0.95788				2
2025.03.14	03:02:54.749		0.95795			4
2025.03.14	03:03:00.090	0.95788				2
2025.03.14	03:03:00.462		0.95796			4
2025.03.14	03:03:01.744	0.95790	0.95799			6
2025.03.14	03:03:02.810	0.95788	0.95797			6
2025.03.14	03:03:03.427	0.95787	0.95795			6
2025.03.14	03:03:03.748	0.95786	0.95796			6
2025.03.14	03:03:05.140	0.95787				2
2025.03.14	03:03:10.309	0.95794	0.95804			6
2025.03.14	03:03:10.674		0.95803			4
2025.03.14	03:03:12.584		0.95804			4
2025.03.14	03:03:12.897	0.95795				2
2025.03.14	03:03:13.204	0.95797	0.95805			6
2025.03.14	03:03:16.249	0.95798	0.95807			6
2025.03.14	03:03:23.326	0.95817	0.95825			6
2025.03.14	03:03:24.300		0.95826			4
2025.03.14	03:03:27.163	0.95816				2
2025.03.14	03:03:28.778	0.95815				2
2025.03.14	03:03:30.353		0.95825			4
2025.03.14	03:03:30.835		0.95826			4
2025.03.14	03:03:31.200	0.95814	0.95823			6
2025.03.14	03:03:32.999	0.95812	0.95821			6
2025.03.14	03:03:33.302	0.95804	0.95811			6
2025.03.14	03:03:33.668	0.95802				2
2025.03.14	03:03:35.365	0.95796	0.95805			6
2025.03.14	03:03:35.747	0.95797				2
2025.03.14	03:03:43.832		0.95806			4
2025.03.14	03:03:47.393	0.95798				2
2025.03.14	03:03:51.142	0.95797				2
2025.03.14	03:03:54.409	0.95796	0.95805			6
2025.03.14	03:03:55.686	0.95793	0.95802			6
2025.03.14	03:04:00.066	0.95793				2
2025.03.14	03:04:00.408	0.95796	0.95805			6
2025.03.14	03:04:01.025	0.95797				2
2025.03.14	03:04:01.327	0.95798	0.95807			6
2025.03.14	03:04:02.896	0.95795	0.95803			6
2025.03.14	03:04:03.340	0.95796	0.95804			6
2025.03.14	03:04:03.642	0.95795	0.95805			6
2025.03.14	03:04:03.949	0.95793	0.95802			6
2025.03.14	03:04:05.513		0.95803			4
2025.03.14	03:04:13.660	0.95794	0.95805			6
2025.03.14	03:04:14.009		0.95804			4
2025.03.14	03:04:14.312		0.95805			4
2025.03.14	03:04:14.679		0.95804			4
2025.03.14	03:04:15.010	0.95796	0.95806			6
2025.03.14	03:04:15.752	0.95795	0.95805			6
2025.03.14	03:04:16.800	0.95794	0.95804			6
2025.03.14	03:04:17.592	0.95796	0.95805			6
2025.03.14	03:04:17.903		0.95806			4
2025.03.14	03:04:21.722	0.95797	0.95807			6
2025.03.14	03:04:24.975		0.95808			4
2025.03.14	03:04:25.805		0.95807			4
2025.03.14	03:04:26.788		0.95808			4
2025.03.14	03:04:28.338		0.95807			4
2025.03.14	03:04:30.666		0.95808			4
2025.03.14	03:04:31.724	0.95796	0.95807			6
2025.03.14	03:04:32.649		0.95808			4
2025.03.14	03:04:37.601	0.95800	0.95812			6
2025.03.14	03:04:40.205		0.95810			4
2025.03.14	03:04:41.309		0.95812			4
2025.03.14	03:04:42.003		0.95810			4
2025.03.14	03:04:44.604	0.95802	0.95812			6
2025.03.14	03:04:46.021		0.95813			4
2025.03.14	03:04:46.558		0.95812			4
2025.03.14	03:04:48.411	0.95801				2
2025.03.14	03:04:49.478		0.95813			4
2025.03.14	03:04:50.501	0.95798	0.95808			6
2025.03.14	03:04:50.811	0.95797	0.95807			6
2025.03.14	03:04:52.669	0.95796				2
2025.03.14	03:05:00.591	0.95798	0.95808			6
2025.03.14	03:05:04.403	0.95799	0.95809			6
2025.03.14	03:05:04.732	0.95798	0.95808			6
2025.03.14	03:05:06.927		0.95809			4
2025.03.14	03:05:09.483	0.95800				2
2025.03.14	03:05:11.477	0.95803	0.95814			6
2025.03.14	03:05:13.063	0.95808	0.95817			6
2025.03.14	03:05:13.373	0.95807				2
2025.03.14	03:05:19.552	0.95806				2
2025.03.14	03:05:19.865		0.95815			4
2025.03.14	03:05:21.128	0.95807	0.95817			6
2025.03.14	03:05:21.503		0.95818			4
2025.03.14	03:05:25.446		0.95817			4
2025.03.14	03:05:25.824	0.95808	0.95818			6
2025.03.14	03:05:28.113		0.95817			4
2025.03.14	03:05:28.459	0.95806	0.95816			6
2025.03.14	03:05:28.765		0.95817			4
2025.03.14	03:05:30.443	0.95807	0.95818			6
2025.03.14	03:05:33.813	0.95806	0.95815			6
2025.03.14	03:05:34.133	0.95807	0.95817			6
2025.03.14	03:05:41.337	0.95806	0.95816			6
2025.03.14	03:05:43.832		0.95815			4
2025.03.14	03:05:45.236		0.95816			4
2025.03.14	03:05:45.551	0.95807	0.95817			6
2025.03.14	03:05:47.232		0.95818			4
2025.03.14	03:05:49.803		0.95817			4
2025.03.14	03:05:50.604	0.95806	0.95815			6
2025.03.14	03:05:52.670		0.95816			4
2025.03.14	03:05:52.985	0.95807	0.95817			6
2025.03.14	03:05:59.294		0.95818			4
2025.03.14	03:06:00.610	0.95807				2
2025.03.14	03:06:01.087	0.95808				2
2025.03.14	03:06:01.859	0.95807	0.95816			6
2025.03.14	03:06:02.352	0.95808				2
2025.03.14	03:06:03.889	0.95807	0.95815			6
2025.03.14	03:06:04.349	0.95806				2
2025.03.14	03:06:06.151	0.95807	0.95816			6
2025.03.14	03:06:06.926	0.95805				2
2025.03.14	03:06:07.952	0.95807	0.95818			6
2025.03.14	03:06:08.397	0.95806	0.95816			6
2025.03.14	03:06:09.406		0.95815			4
2025.03.14	03:06:11.161		0.95816			4
2025.03.14	03:06:17.657		0.95815			4
2025.03.14	03:06:22.051	0.95807	0.95816			6
2025.03.14	03:06:24.540	0.95808	0.95817			6
2025.03.14	03:06:24.881		0.95818			4
2025.03.14	03:06:26.989		0.95817			4
2025.03.14	03:06:27.303		0.95816			4
2025.03.14	03:06:27.750	0.95807				2
2025.03.14	03:06:32.267	0.95806				2
2025.03.14	03:06:34.750	0.95807				2
2025.03.14	03:06:35.061		0.95817			4
2025.03.14	03:06:42.962	0.95808				2
2025.03.14	03:06:44.022		0.95816			4
2025.03.14	03:06:45.233	0.95805	0.95815			6
2025.03.14	03:06:46.881		0.95814			4
2025.03.14	03:06:47.370	0.95804				2
2025.03.14	03:06:49.288		0.95815			4
2025.03.14	03:06:49.865		0.95814			4
2025.03.14	03:06:52.549	0.95805				2
2025.03.14	03:06:53.188	0.95806	0.95815			6
2025.03.14	03:06:54.337	0.95809	0.95818			6
2025.03.14	03:06:58.470	0.95808				2
2025.03.14	03:06:58.841		0.95817			4
2025.03.14	03:06:59.261		0.95818			4
2025.03.14	03:06:59.569		0.95817			4
2025.03.14	03:07:00.149	0.95808	0.95818			6
2025.03.14	03:07:00.544		0.95817			4
2025.03.14	03:07:00.846	0.95807				2
2025.03.14	03:07:03.876	0.95808	0.95818			6
2025.03.14	03:07:08.542	0.95809				2
2025.03.14	03:07:08.916	0.95810				2
2025.03.14	03:07:09.280	0.95809				2
2025.03.14	03:07:09.589	0.95810				2
2025.03.14	03:07:13.075		0.95819			4
2025.03.14	03:07:13.395		0.95820			4
2025.03.14	03:07:14.702		0.95819			4
2025.03.14	03:07:17.848		0.95818			4
2025.03.14	03:07:18.150	0.95809				2
2025.03.14	03:07:19.437	0.95810				2
2025.03.14	03:07:21.060	0.95811	0.95820			6
2025.03.14	03:07:21.776		0.95819			4
2025.03.14	03:07:23.128	0.95809				2
2025.03.14	03:07:25.147	0.95814	0.95825			6
2025.03.14	03:07:25.481	0.95815				2
2025.03.14	03:07:30.601	0.95816				2
2025.03.14	03:07:32.194		0.95824			4
2025.03.14	03:07:32.509		0.95825			4
2025.03.14	03:07:32.851	0.95815	0.95824			6
2025.03.14	03:07:34.834		0.95825			4
2025.03.14	03:07:44.755	0.95817	0.95826			6
2025.03.14	03:07:46.278	0.95818				2
2025.03.14	03:07:47.060		0.95827			4
2025.03.14	03:07:48.852	0.95820	0.95829			6
2025.03.14	03:07:57.561	0.95819				2
2025.03.14	03:07:57.880	0.95820				2
2025.03.14	03:07:58.709		0.95830			4
2025.03.14	03:08:00.144	0.95820				2
2025.03.14	03:08:06.286	0.95819	0.95829			6
2025.03.14	03:08:06.592	0.95820	0.95828			6
2025.03.14	03:08:14.335	0.95821	0.95830			6
2025.03.14	03:08:20.053		0.95829			4
2025.03.14	03:08:22.813		0.95830			4
2025.03.14	03:08:24.228	0.95823	0.95833			6
2025.03.14	03:08:24.589	0.95822				2
2025.03.14	03:08:28.107	0.95823				2
2025.03.14	03:08:30.701	0.95822				2
2025.03.14	03:08:31.007	0.95816	0.95826			6
2025.03.14	03:08:31.308	0.95812	0.95823			6
2025.03.14	03:08:32.066		0.95822			4
2025.03.14	03:08:34.305	0.95815	0.95825			6
2025.03.14	03:08:41.430	0.95818	0.95828			6
2025.03.14	03:08:47.676		0.95829			4
2025.03.14	03:08:54.185	0.95819				2
2025.03.14	03:09:00.608	0.95819				2
2025.03.14	03:09:02.036	0.95820	0.95830			6
2025.03.14	03:09:03.080	0.95819				2
