<DATE>	<TIME>	<BID>	<ASK>	<LAST>	<VOLUME>	<FLAGS>
2025.03.04	00:00:00.278	0.94007	0.94089			6
2025.03.04	00:00:00.683	0.94003	0.94092			6
2025.03.04	00:00:01.150	0.93963	0.94183			6
2025.03.04	00:00:30.803	0.93977	0.94139			6
2025.03.04	00:00:33.259	0.93987				2
2025.03.04	00:00:35.387	0.93989				2
2025.03.04	00:01:14.950	0.93989				2
2025.03.04	00:01:20.259		0.94142			4
2025.03.04	00:01:56.823		0.94138			4
2025.03.04	00:02:02.481	0.93989				2
2025.03.04	00:02:38.907	0.93994				2
2025.03.04	00:02:44.568	0.93989				2
2025.03.04	00:03:00.677	0.93994	0.94138			6
2025.03.04	00:03:06.368	0.93989				2
2025.03.04	00:03:07.001	0.93995				2
2025.03.04	00:03:21.689	0.93991				2
2025.03.04	00:04:00.532	0.93991				2
2025.03.04	00:04:09.572		0.94138			4
2025.03.04	00:04:21.676	0.93989	0.94139			6
2025.03.04	00:04:24.623	0.93995	0.94135			6
2025.03.04	00:04:28.263	0.94009				2
2025.03.04	00:04:33.256	0.93995				2
2025.03.04	00:04:48.252	0.94009				2
2025.03.04	00:04:54.220	0.93995				2
2025.03.04	00:04:55.602	0.94012				2
2025.03.04	00:04:58.282		0.94118			4
2025.03.04	00:05:00.438	0.93992	0.94105			6
2025.03.04	00:05:00.845	0.94005				2
2025.03.04	00:05:14.535	0.94025	0.94104			6
2025.03.04	00:05:15.482	0.94005				2
2025.03.04	00:05:17.017		0.94106			4
2025.03.04	00:05:31.992	0.94006				2
2025.03.04	00:05:33.248	0.94027				2
2025.03.04	00:05:39.093	0.94012				2
2025.03.04	00:05:47.185	0.94002				2
2025.03.04	00:05:53.253	0.94026				2
2025.03.04	00:05:57.905	0.94002				2
2025.03.04	00:06:04.954	0.94002				2
2025.03.04	00:06:13.244	0.94026				2
2025.03.04	00:06:15.111	0.94011	0.94136			6
2025.03.04	00:06:17.761	0.94002				2
2025.03.04	00:06:36.681	0.94010				2
2025.03.04	00:06:40.877	0.94002				2
2025.03.04	00:06:42.658	0.93997				2
2025.03.04	00:06:45.638	0.93950	0.94152			6
2025.03.04	00:07:00.321	0.93950				2
2025.03.04	00:07:01.372	0.93981				2
2025.03.04	00:07:03.247	0.93953				2
2025.03.04	00:07:06.378	0.93950				2
2025.03.04	00:07:07.633	0.93953				2
2025.03.04	00:07:10.357	0.93958				2
2025.03.04	00:07:12.512	0.93971				2
2025.03.04	00:07:14.017	0.93974	0.94129			6
2025.03.04	00:07:14.512	0.93971	0.94152			6
2025.03.04	00:07:15.509	0.93974	0.94127			6
2025.03.04	00:07:20.591	0.93981				2
2025.03.04	00:07:23.878	0.93974				2
2025.03.04	00:07:40.879	0.93981				2
2025.03.04	00:07:46.390	0.93963	0.94147			6
2025.03.04	00:07:47.643	0.93971				2
2025.03.04	00:07:54.606	0.93974	0.94127			6
2025.03.04	00:07:59.408	0.93980				2
2025.03.04	00:08:06.359	0.93980				2
2025.03.04	00:08:12.518		0.94136			4
2025.03.04	00:08:13.245	0.93970				2
2025.03.04	00:08:26.061	0.93976				2
2025.03.04	00:08:27.478	0.93970				2
2025.03.04	00:08:32.658	0.93969				2
2025.03.04	00:08:33.230	0.93970	0.94125			6
2025.03.04	00:08:40.968	0.93972				2
2025.03.04	00:08:43.267	0.93980				2
2025.03.04	00:08:48.278	0.93972				2
2025.03.04	00:09:01.428	0.93968	0.94147			6
2025.03.04	00:09:02.246	0.93966				2
2025.03.04	00:09:08.089	0.93969	0.94142			6
2025.03.04	00:09:08.582	0.93976	0.94147			6
2025.03.04	00:09:11.654	0.93966				2
2025.03.04	00:09:21.056	0.93969	0.94142			6
2025.03.04	00:09:21.558	0.93966	0.94147			6
2025.03.04	00:09:23.605	0.93970	0.94132			6
2025.03.04	00:09:24.106	0.93966	0.94147			6
2025.03.04	00:09:25.614	0.93969	0.94141			6
2025.03.04	00:09:26.106	0.93966	0.94147			6
2025.03.04	00:09:28.264	0.93980				2
2025.03.04	00:09:33.254	0.93966				2
2025.03.04	00:09:35.651		0.94132			4
2025.03.04	00:09:36.161		0.94147			4
2025.03.04	00:09:37.869	0.93967				2
2025.03.04	00:09:43.808	0.93968				2
2025.03.04	00:09:46.669	0.93980				2
2025.03.04	00:09:52.499	0.93966				2
2025.03.04	00:10:00.329	0.93979	0.94146			6
2025.03.04	00:10:07.931	0.93978				2
2025.03.04	00:10:10.961	0.93980				2
2025.03.04	00:10:14.031	0.94019	0.94140			6
2025.03.04	00:10:16.156	0.94015	0.94136			6
2025.03.04	00:10:16.459	0.94019	0.94140			6
2025.03.04	00:10:16.760	0.94016	0.94137			6
2025.03.04	00:10:17.062	0.94018	0.94139			6
2025.03.04	00:10:17.364	0.94001	0.94156			6
2025.03.04	00:10:17.968	0.93993	0.94147			6
2025.03.04	00:10:18.271	0.93995	0.94148			6
2025.03.04	00:10:18.575	0.93989	0.94149			6
2025.03.04	00:10:19.591	0.93986	0.94145			6
2025.03.04	00:10:20.236	0.93988				2
2025.03.04	00:10:20.539	0.93987	0.94143			6
2025.03.04	00:10:20.842	0.93986	0.94142			6
2025.03.04	00:10:21.449	0.93987				2
2025.03.04	00:10:22.960		0.94139			4
2025.03.04	00:10:23.564	0.93988				2
2025.03.04	00:10:25.076	0.93987	0.94137			6
2025.03.04	00:10:25.984	0.93988				2
2025.03.04	00:10:27.193	0.93987	0.94135			6
2025.03.04	00:10:27.493		0.94134			4
2025.03.04	00:10:28.101	0.93964	0.94133			6
2025.03.04	00:10:28.402	0.93953	0.94135			6
2025.03.04	00:10:28.706	0.93952	0.94136			6
2025.03.04	00:10:29.913	0.93954	0.94137			6
2025.03.04	00:10:30.519	0.93952	0.94136			6
2025.03.04	00:10:30.819	0.93951	0.94134			6
2025.03.04	00:10:31.124	0.93949	0.94135			6
2025.03.04	00:10:31.424	0.93945	0.94131			6
2025.03.04	00:10:32.030		0.94130			4
2025.03.04	00:10:32.333	0.93947	0.94131			6
2025.03.04	00:10:32.637	0.93945	0.94129			6
2025.03.04	00:10:34.150	0.93944	0.94128			6
2025.03.04	00:10:34.449	0.93947	0.94130			6
2025.03.04	00:10:36.567	0.93950	0.94132			6
2025.03.04	00:10:36.870	0.93947	0.94129			6
2025.03.04	00:10:37.170	0.93940	0.94124			6
2025.03.04	00:10:37.474	0.93944	0.94126			6
2025.03.04	00:10:37.778	0.93948	0.94129			6
2025.03.04	00:10:38.382	0.93947	0.94127			6
2025.03.04	00:10:39.896	0.93948	0.94126			6
2025.03.04	00:10:40.801	0.93945	0.94130			6
2025.03.04	00:10:41.105	0.93942	0.94128			6
2025.03.04	00:10:41.710		0.94127			4
2025.03.04	00:10:42.010	0.93946	0.94129			6
2025.03.04	00:10:42.313		0.94128			4
2025.03.04	00:10:42.920		0.94127			4
2025.03.04	00:10:43.220		0.94119			4
2025.03.04	00:10:43.827		0.94117			4
2025.03.04	00:10:45.339	0.93963	0.94130			6
2025.03.04	00:10:45.943	0.93972	0.94118			6
2025.03.04	00:10:46.245	0.93965	0.94110			6
2025.03.04	00:10:46.547	0.93966	0.94111			6
2025.03.04	00:10:46.850	0.93974	0.94120			6
2025.03.04	00:10:47.759	0.93973	0.94119			6
2025.03.04	00:10:49.269	0.93975	0.94120			6
2025.03.04	00:10:50.478	0.93974				2
2025.03.04	00:10:51.387	0.93976	0.94121			6
2025.03.04	00:10:52.902	0.93975				2
2025.03.04	00:10:54.714	0.93977	0.94122			6
2025.03.04	00:10:58.041		0.94121			4
2025.03.04	00:10:58.952		0.94122			4
2025.03.04	00:10:59.253		0.94121			4
2025.03.04	00:10:59.554	0.93978	0.94123			6
2025.03.04	00:10:59.856		0.94122			4
2025.03.04	00:11:00.160	0.93978				2
2025.03.04	00:11:03.184	0.93979	0.94124			6
2025.03.04	00:11:03.487	0.93978	0.94122			6
2025.03.04	00:11:06.209	0.93977	0.94121			6
2025.03.04	00:11:07.720	0.93969	0.94112			6
2025.03.04	00:11:14.375	0.93953	0.94097			6
2025.03.04	00:11:14.676	0.93956	0.94100			6
2025.03.04	00:11:14.980	0.93958	0.94101			6
2025.03.04	00:11:15.886	0.93956	0.94100			6
2025.03.04	00:11:16.190	0.93965	0.94108			6
2025.03.04	00:11:16.491	0.93958	0.94101			6
2025.03.04	00:11:19.516	0.93959	0.94102			6
2025.03.04	00:11:20.425	0.93995	0.94107			6
2025.03.04	00:11:21.565	0.93990	0.94103			6
2025.03.04	00:11:22.997	0.93922				2
2025.03.04	00:11:23.628	0.93959	0.94101			6
2025.03.04	00:11:24.256	0.93922	0.94103			6
2025.03.04	00:11:25.164	0.93925	0.94105			6
2025.03.04	00:11:25.515	0.93922				2
2025.03.04	00:11:28.335		0.94102			4
2025.03.04	00:11:29.800	0.93924				2
2025.03.04	00:11:30.209	0.93959	0.94100			6
2025.03.04	00:11:30.859	0.93924	0.94102			6
2025.03.04	00:11:32.110	0.93922				2
2025.03.04	00:11:32.600		0.94101			4
2025.03.04	00:11:34.997		0.94102			4
2025.03.04	00:11:36.134	0.93926	0.94098			6
2025.03.04	00:11:36.450	0.93958				2
2025.03.04	00:11:37.363	0.93930	0.94101			6
2025.03.04	00:11:37.886	0.93931	0.94100			6
2025.03.04	00:11:38.372	0.93922				2
2025.03.04	00:11:39.575	0.94000	0.94112			6
2025.03.04	00:11:39.885		0.94110			4
2025.03.04	00:11:41.404	0.93937	0.94112			6
2025.03.04	00:11:41.900	0.93941				2
2025.03.04	00:11:42.354	0.93948				2
2025.03.04	00:11:43.108	0.93976	0.94115			6
2025.03.04	00:11:44.017	0.93949	0.94112			6
2025.03.04	00:11:45.066	0.93941				2
2025.03.04	00:11:45.588	0.93950				2
2025.03.04	00:11:46.426	0.93940	0.94109			6
2025.03.04	00:11:46.728	0.93937	0.94105			6
2025.03.04	00:11:47.030	0.93935	0.94104			6
2025.03.04	00:11:48.798	0.93936				2
2025.03.04	00:11:49.619	0.93964	0.94101			6
2025.03.04	00:11:50.267	0.93936	0.94104			6
2025.03.04	00:11:55.097		0.94103			4
2025.03.04	00:11:57.147	0.93934	0.94101			6
2025.03.04	00:11:57.498	0.93935	0.94102			6
2025.03.04	00:12:00.521	0.93935				2
2025.03.04	00:12:01.699	0.93986				2
2025.03.04	00:12:02.371	0.93936				2
2025.03.04	00:12:09.897	0.93937	0.94101			6
2025.03.04	00:12:12.152	0.93938	0.94102			6
2025.03.04	00:12:12.500	0.93937	0.94101			6
2025.03.04	00:12:21.797	0.93938				2
2025.03.04	00:12:23.149	0.93986				2
2025.03.04	00:12:23.462		0.94100			4
2025.03.04	00:12:23.897		0.94101			4
2025.03.04	00:12:24.802	0.93938	0.94100			6
2025.03.04	00:12:25.313	0.93939	0.94102			6
2025.03.04	00:12:25.953	0.93937	0.94100			6
2025.03.04	00:12:27.804	0.93938				2
2025.03.04	00:12:32.437	0.93940	0.94102			6
2025.03.04	00:12:32.946	0.93938	0.94100			6
2025.03.04	00:12:33.498	0.93940	0.94102			6
2025.03.04	00:12:35.301		0.94101			4
2025.03.04	00:12:36.305	0.93939				2
2025.03.04	00:12:36.803	0.93940				2
2025.03.04	00:12:41.012	0.93993				2
2025.03.04	00:12:41.437	0.93940				2
2025.03.04	00:12:43.699		0.94100			4
2025.03.04	00:12:47.601	0.93939	0.94099			6
2025.03.04	00:12:48.355	0.93941	0.94101			6
2025.03.04	00:12:48.692	0.93943	0.94103			6
2025.03.04	00:12:54.454		0.94102			4
2025.03.04	00:13:01.400	0.93944				2
2025.03.04	00:13:08.302		0.94101			4
2025.03.04	00:13:13.997	0.93945				2
2025.03.04	00:13:22.998		0.94100			4
2025.03.04	00:13:27.502	0.93946				2
2025.03.04	00:13:38.705		0.94099			4
2025.03.04	00:13:45.798	0.93945	0.94098			6
2025.03.04	00:13:47.298	0.93947	0.94099			6
2025.03.04	00:13:48.981	0.93946	0.94098			6
2025.03.04	00:13:53.450	0.93947				2
2025.03.04	00:13:56.298	0.93952	0.94109			6
2025.03.04	00:14:01.654	0.93952				2
2025.03.04	00:14:22.697	0.93953				2
2025.03.04	00:14:49.040	0.93954				2
2025.03.04	00:14:56.897		0.94108			4
2025.03.04	00:15:00.436	0.93952	0.94110			6
2025.03.04	00:15:00.942	0.93953	0.94109			6
2025.03.04	00:15:01.406		0.94110			4
2025.03.04	00:15:03.164	0.93954	0.94109			6
2025.03.04	00:15:03.664	0.93955	0.94108			6
2025.03.04	00:15:04.165	0.93953	0.94109			6
2025.03.04	00:15:04.614	0.93952	0.94110			6
2025.03.04	00:15:05.166	0.93953	0.94109			6
2025.03.04	00:15:05.667	0.93955	0.94110			6
2025.03.04	00:15:06.421		0.94109			4
2025.03.04	00:15:08.139	0.93953				2
2025.03.04	00:15:08.445		0.94110			4
2025.03.04	00:15:08.815		0.94109			4
2025.03.04	00:15:09.317	0.93956				2
2025.03.04	00:15:09.939	0.93958				2
2025.03.04	00:16:33.354	0.93978	0.94117			6
2025.03.04	00:17:00.520	0.93978				2
2025.03.04	00:17:18.262	0.93993	0.94115			6
2025.03.04	00:17:18.908	0.93978	0.94105			6
2025.03.04	00:17:20.304	0.93993	0.94115			6
2025.03.04	00:17:20.607	0.93978	0.94105			6
2025.03.04	00:17:20.909	0.93993	0.94115			6
2025.03.04	00:17:21.421	0.93978	0.94105			6
2025.03.04	00:17:21.755		0.94115			4
2025.03.04	00:18:01.997	0.93978				2
2025.03.04	00:18:21.841	0.93979	0.94115			6
2025.03.04	00:18:55.608		0.94117			4
2025.03.04	00:19:01.229	0.93979				2
2025.03.04	00:19:55.609		0.94117			4
2025.03.04	00:20:01.075	0.93979				2
2025.03.04	00:20:41.698		0.94115			4
2025.03.04	00:21:00.880	0.93979				2
2025.03.04	00:21:36.695		0.94117			4
2025.03.04	00:22:00.497	0.93979				2
2025.03.04	00:22:13.463	0.93983				2
2025.03.04	00:22:38.297		0.94117			4
2025.03.04	00:23:00.524	0.93983				2
2025.03.04	00:23:23.852		0.94110			4
2025.03.04	00:23:49.146	0.93985				2
2025.03.04	00:24:01.359	0.93985				2
2025.03.04	00:24:21.702	0.93987				2
2025.03.04	00:24:23.851		0.94107			4
2025.03.04	00:25:00.315	0.93987				2
2025.03.04	00:25:16.705	0.93989				2
2025.03.04	00:25:23.854		0.94106			4
2025.03.04	00:26:01.302	0.93989				2
2025.03.04	00:26:23.932		0.94106			4
2025.03.04	00:27:06.245	0.93989				2
2025.03.04	00:27:25.229		0.94106			4
2025.03.04	00:28:00.321	0.93989				2
2025.03.04	00:28:25.895		0.94106			4
2025.03.04	00:28:42.023	0.93997				2
2025.03.04	00:28:43.344	0.93989				2
2025.03.04	00:28:48.869	0.93991				2
2025.03.04	00:29:01.057	0.93991				2
2025.03.04	00:29:01.501	0.93990				2
2025.03.04	00:29:08.003	0.93991				2
2025.03.04	00:29:13.032	0.93992				2
2025.03.04	00:29:23.857		0.94107			4
2025.03.04	00:29:30.204	0.94029				2
2025.03.04	00:29:32.816	0.93991				2
2025.03.04	00:29:48.498	0.93992				2
2025.03.04	00:30:00.431	0.93992				2
2025.03.04	00:30:24.409		0.94107			4
2025.03.04	00:30:51.709	0.93987				2
2025.03.04	00:31:00.453	0.93987				2
2025.03.04	00:31:05.845	0.93985				2
2025.03.04	00:31:26.517		0.94102			4
2025.03.04	00:31:40.267		0.94099			4
2025.03.04	00:32:00.838	0.93985				2
2025.03.04	00:32:40.963		0.94099			4
2025.03.04	00:33:04.920	0.93985				2
2025.03.04	00:33:40.264		0.94098			4
2025.03.04	00:34:05.609	0.93985				2
2025.03.04	00:34:06.798	0.93986				2
2025.03.04	00:34:10.997	0.93985				2
2025.03.04	00:34:15.198	0.93986				2
2025.03.04	00:34:22.511	0.93985				2
2025.03.04	00:34:34.999	0.93986				2
2025.03.04	00:34:40.264		0.94096			4
2025.03.04	00:35:00.372	0.93986				2
2025.03.04	00:35:10.453	0.93985	0.94111			6
2025.03.04	00:35:12.450		0.94112			4
2025.03.04	00:35:22.361		0.94110			4
2025.03.04	00:35:37.401		0.94109			4
2025.03.04	00:35:38.278		0.94108			4
2025.03.04	00:35:46.797		0.94109			4
2025.03.04	00:35:52.840		0.94108			4
2025.03.04	00:35:53.271		0.94109			4
2025.03.04	00:35:55.501		0.94110			4
2025.03.04	00:35:58.705		0.94109			4
2025.03.04	00:36:01.613	0.93985				2
2025.03.04	00:36:26.000		0.94108			4
2025.03.04	00:36:51.773	0.93979				2
2025.03.04	00:37:00.962	0.93979				2
2025.03.04	00:37:02.239		0.94107			4
2025.03.04	00:37:15.314		0.94104			4
2025.03.04	00:37:19.396		0.94103			4
2025.03.04	00:37:23.897		0.94104			4
2025.03.04	00:37:28.329		0.94103			4
2025.03.04	00:37:32.898		0.94104			4
2025.03.04	00:37:40.523		0.94103			4
2025.03.04	00:38:00.962	0.93979				2
2025.03.04	00:38:25.098		0.94102			4
2025.03.04	00:39:02.296	0.93979				2
2025.03.04	00:39:07.401		0.94101			4
2025.03.04	00:39:09.198		0.94102			4
2025.03.04	00:39:14.002		0.94101			4
2025.03.04	00:39:17.298		0.94102			4
2025.03.04	00:39:22.510		0.94101			4
2025.03.04	00:39:32.600	0.93980	0.94100			6
2025.03.04	00:39:37.760	0.93982	0.94098			6
2025.03.04	00:40:00.393	0.93982				2
2025.03.04	00:40:02.898	0.93983	0.94097			6
2025.03.04	00:40:24.012	0.93982	0.94098			6
2025.03.04	00:40:25.933	0.93981	0.94099			6
2025.03.04	00:40:55.399	0.93980	0.94100			6
2025.03.04	00:41:00.521	0.93980				2
2025.03.04	00:41:17.897	0.93981	0.94099			6
2025.03.04	00:41:45.066	0.93982	0.94098			6
2025.03.04	00:41:53.000	0.93983	0.94097			6
2025.03.04	00:41:54.969	0.93984	0.94096			6
2025.03.04	00:42:01.247	0.93984				2
2025.03.04	00:42:24.968	0.93983	0.94097			6
2025.03.04	00:42:35.058	0.93984	0.94096			6
2025.03.04	00:42:51.733	0.93982	0.94098			6
2025.03.04	00:43:00.320	0.93982				2
2025.03.04	00:43:06.880	0.93981	0.94099			6
2025.03.04	00:43:22.026	0.93977	0.94103			6
2025.03.04	00:43:22.386	0.93979	0.94101			6
2025.03.04	00:43:37.511	0.93978	0.94102			6
2025.03.04	00:43:40.360	0.93979	0.94101			6
2025.03.04	00:43:52.157	0.93977	0.94103			6
2025.03.04	00:43:54.198	0.93976	0.94104			6
2025.03.04	00:44:00.378	0.93976				2
2025.03.04	00:44:07.021	0.93978	0.94102			6
2025.03.04	00:44:10.399	0.93979	0.94101			6
2025.03.04	00:44:17.857		0.94104			4
2025.03.04	00:44:23.604		0.94105			4
2025.03.04	00:44:32.928	0.93976	0.94104			6
2025.03.04	00:44:33.776	0.93975	0.94105			6
2025.03.04	00:44:34.091	0.93978	0.94102			6
2025.03.04	00:45:00.432	0.93978				2
2025.03.04	00:45:01.945	0.93993	0.94114			6
2025.03.04	00:45:04.099	0.93987	0.94106			6
2025.03.04	00:45:08.872	0.93993	0.94088			6
2025.03.04	00:45:48.691		0.94089			4
2025.03.04	00:46:00.358	0.93993				2
2025.03.04	00:46:27.021		0.94090			4
2025.03.04	00:46:45.330	0.93992	0.94091			6
2025.03.04	00:46:49.141	0.93991				2
2025.03.04	00:46:50.654	0.93993				2
2025.03.04	00:46:51.044		0.94092			4
2025.03.04	00:47:00.699	0.93993				2
2025.03.04	00:47:02.042	0.94014	0.94099			6
2025.03.04	00:47:04.182	0.93993	0.94092			6
2025.03.04	00:47:05.947		0.94091			4
2025.03.04	00:47:10.698		0.94090			4
2025.03.04	00:47:15.057		0.94091			4
2025.03.04	00:47:19.841	0.93991				2
2025.03.04	00:47:29.589	0.93994	0.94088			6
2025.03.04	00:47:30.388		0.94087			4
2025.03.04	00:47:38.709	0.93993				2
2025.03.04	00:47:41.901	0.93994				2
2025.03.04	00:47:45.828	0.93995	0.94086			6
2025.03.04	00:47:48.573	0.93994	0.94087			6
2025.03.04	00:47:49.439		0.94088			4
2025.03.04	00:47:49.751	0.93993				2
2025.03.04	00:47:50.840		0.94089			4
2025.03.04	00:47:52.584		0.94088			4
2025.03.04	00:47:53.551	0.93994				2
2025.03.04	00:47:59.000	0.93996				2
2025.03.04	00:47:59.306	0.93994				2
2025.03.04	00:47:59.788	0.93995	0.94087			6
2025.03.04	00:48:00.188	0.93994	0.94086			6
2025.03.04	00:48:01.404	0.93995	0.94085			6
2025.03.04	00:48:04.026	0.93994	0.94086			6
2025.03.04	00:48:04.869	0.93995				2
2025.03.04	00:48:05.535	0.93994	0.94087			6
2025.03.04	00:48:05.903	0.93995	0.94086			6
2025.03.04	00:48:13.098	0.93994				2
2025.03.04	00:48:13.547		0.94087			4
2025.03.04	00:48:14.418	0.93995				2
2025.03.04	00:48:15.440	0.93994				2
2025.03.04	00:48:18.436	0.93995	0.94086			6
2025.03.04	00:48:22.419	0.93994	0.94087			6
2025.03.04	00:48:25.095	0.93995	0.94086			6
2025.03.04	00:48:34.161		0.94087			4
2025.03.04	00:48:44.418		0.94086			4
2025.03.04	00:49:00.799	0.93995				2
2025.03.04	00:49:07.260	0.93994				2
2025.03.04	00:49:09.415	0.93993	0.94087			6
2025.03.04	00:49:14.727	0.93994	0.94086			6
2025.03.04	00:49:15.082	0.93996	0.94084			6
2025.03.04	00:49:15.790	0.93994	0.94086			6
2025.03.04	00:49:16.256	0.93997	0.94083			6
2025.03.04	00:49:23.606	0.93995	0.94085			6
2025.03.04	00:49:28.928	0.93996	0.94084			6
2025.03.04	00:49:32.397	0.93997	0.94083			6
2025.03.04	00:49:32.900	0.93996	0.94085			6
2025.03.04	00:49:34.160		0.94086			4
2025.03.04	00:49:38.314		0.94085			4
2025.03.04	00:49:38.785		0.94086			4
2025.03.04	00:49:39.521		0.94085			4
2025.03.04	00:49:50.299		0.94084			4
2025.03.04	00:50:00.520	0.93997	0.94083			6
2025.03.04	00:50:12.146	0.93996	0.94084			6
2025.03.04	00:50:14.299		0.94085			4
2025.03.04	00:50:16.020	0.93997	0.94083			6
2025.03.04	00:50:17.900	0.93998	0.94082			6
2025.03.04	00:50:19.066	0.93996	0.94084			6
2025.03.04	00:50:22.661	0.93998	0.94082			6
2025.03.04	00:50:24.051	0.93996	0.94084			6
2025.03.04	00:50:26.183	0.93997	0.94083			6
2025.03.04	00:50:29.639	0.93995	0.94086			6
2025.03.04	00:50:30.798		0.94085			4
2025.03.04	00:50:31.108	0.93996				2
2025.03.04	00:50:34.159	0.93994	0.94086			6
2025.03.04	00:50:34.479	0.93997	0.94084			6
2025.03.04	00:50:34.803	0.93995	0.94087			6
2025.03.04	00:50:36.475	0.93997	0.94084			6
2025.03.04	00:50:38.297	0.93998				2
2025.03.04	00:50:39.015	0.93996	0.94085			6
2025.03.04	00:50:40.576	0.94002	0.94084			6
2025.03.04	00:50:41.585	0.94003				2
2025.03.04	00:50:41.890	0.93998	0.94088			6
2025.03.04	00:50:42.230	0.93999	0.94087			6
2025.03.04	00:50:47.952	0.94000				2
2025.03.04	00:50:56.764	0.94001				2
2025.03.04	00:50:57.471	0.94002				2
2025.03.04	00:50:58.295		0.94088			4
2025.03.04	00:51:00.244	0.94002				2
2025.03.04	00:51:01.787		0.94087			4
2025.03.04	00:51:06.917		0.94089			4
2025.03.04	00:51:07.896		0.94087			4
2025.03.04	00:51:08.236		0.94086			4
2025.03.04	00:51:09.798		0.94088			4
2025.03.04	00:51:14.798		0.94089			4
2025.03.04	00:51:16.399		0.94090			4
2025.03.04	00:51:18.797		0.94089			4
2025.03.04	00:51:22.562		0.94088			4
2025.03.04	00:51:25.097		0.94087			4
2025.03.04	00:51:26.760		0.94086			4
2025.03.04	00:51:27.297		0.94088			4
2025.03.04	00:51:29.727		0.94089			4
2025.03.04	00:51:31.443		0.94087			4
2025.03.04	00:51:36.412		0.94086			4
2025.03.04	00:51:36.725		0.94087			4
2025.03.04	00:51:43.402		0.94086			4
2025.03.04	00:51:49.300		0.94087			4
2025.03.04	00:51:58.336		0.94085			4
2025.03.04	00:51:58.752		0.94086			4
2025.03.04	00:52:00.334	0.94002				2
2025.03.04	00:52:12.494	0.94004	0.94084			6
2025.03.04	00:52:12.941	0.94002	0.94086			6
2025.03.04	00:52:13.400		0.94087			4
2025.03.04	00:52:14.992		0.94086			4
2025.03.04	00:52:15.294		0.94085			4
2025.03.04	00:52:16.492		0.94086			4
2025.03.04	00:52:16.995	0.94003	0.94084			6
2025.03.04	00:52:17.309	0.94002	0.94085			6
2025.03.04	00:52:17.996		0.94086			4
2025.03.04	00:52:18.491		0.94085			4
2025.03.04	00:52:21.900		0.94087			4
2025.03.04	00:52:22.492		0.94086			4
2025.03.04	00:52:25.039		0.94087			4
2025.03.04	00:52:25.372		0.94086			4
2025.03.04	00:52:25.992		0.94088			4
2025.03.04	00:52:26.960		0.94086			4
2025.03.04	00:52:27.491		0.94088			4
2025.03.04	00:52:28.538		0.94086			4
2025.03.04	00:52:29.622		0.94087			4
2025.03.04	00:52:30.097		0.94086			4
2025.03.04	00:52:36.142		0.94085			4
2025.03.04	00:52:37.024	0.94003	0.94084			6
2025.03.04	00:52:39.037		0.94085			4
2025.03.04	00:52:39.985		0.94086			4
2025.03.04	00:52:41.139	0.94002	0.94087			6
2025.03.04	00:52:44.637		0.94088			4
2025.03.04	00:52:46.140		0.94087			4
2025.03.04	00:52:46.606		0.94088			4
2025.03.04	00:52:47.139		0.94089			4
2025.03.04	00:52:49.822		0.94090			4
2025.03.04	00:52:50.139		0.94088			4
2025.03.04	00:52:50.493		0.94087			4
2025.03.04	00:52:50.938		0.94089			4
2025.03.04	00:52:51.996		0.94088			4
2025.03.04	00:52:52.638		0.94089			4
2025.03.04	00:52:58.353	0.93999				2
2025.03.04	00:53:00.639	0.94000	0.94088			6
2025.03.04	00:53:05.141	0.94001	0.94087			6
2025.03.04	00:53:06.551	0.94002	0.94086			6
2025.03.04	00:53:08.598	0.94003	0.94085			6
2025.03.04	00:53:09.144	0.94000	0.94088			6
2025.03.04	00:53:10.939	0.94003	0.94085			6
2025.03.04	00:53:21.063	0.93998	0.94090			6
2025.03.04	00:53:23.681		0.94089			4
2025.03.04	00:53:24.682		0.94090			4
2025.03.04	00:53:27.646	0.94000	0.94089			6
2025.03.04	00:53:28.549		0.94088			4
2025.03.04	00:53:31.042	0.94001	0.94087			6
2025.03.04	00:53:36.417	0.93998	0.94090			6
2025.03.04	00:53:37.724	0.93999	0.94089			6
2025.03.04	00:53:38.816	0.93998	0.94090			6
2025.03.04	00:53:41.475		0.94089			4
2025.03.04	00:53:42.042	0.94000				2
2025.03.04	00:53:42.673		0.94088			4
2025.03.04	00:53:54.478		0.94087			4
2025.03.04	00:53:56.581		0.94086			4
2025.03.04	00:53:57.707		0.94087			4
2025.03.04	00:54:00.376	0.94000				2
2025.03.04	00:54:00.898	0.94001				2
2025.03.04	00:54:01.521	0.93997	0.94090			6
2025.03.04	00:54:06.059	0.93998	0.94089			6
2025.03.04	00:54:07.474	0.93997	0.94090			6
2025.03.04	00:54:08.340		0.94091			4
2025.03.04	00:54:08.967	0.93999	0.94089			6
2025.03.04	00:54:10.589	0.94000	0.94087			6
2025.03.04	00:54:22.408		0.94088			4
2025.03.04	00:54:31.581	0.93999				2
2025.03.04	00:54:34.165	0.94000	0.94087			6
2025.03.04	00:54:34.696	0.94001				2
2025.03.04	00:54:40.272	0.94000				2
2025.03.04	00:54:40.845		0.94088			4
2025.03.04	00:54:53.598	0.93999				2
2025.03.04	00:55:00.941	0.93999				2
2025.03.04	00:55:11.339	0.94000				2
2025.03.04	00:55:14.494	0.94001				2
2025.03.04	00:55:14.896	0.93999	0.94087			6
2025.03.04	00:55:19.098	0.94000				2
2025.03.04	00:55:21.475	0.93997	0.94092			6
2025.03.04	00:55:27.856		0.94091			4
2025.03.04	00:55:31.631		0.94092			4
2025.03.04	00:56:00.226	0.93997				2
2025.03.04	00:56:01.579		0.94093			4
2025.03.04	00:56:04.732	0.93998				2
2025.03.04	00:56:16.036		0.94092			4
2025.03.04	00:56:26.713		0.94093			4
2025.03.04	00:56:30.227		0.94092			4
2025.03.04	00:56:30.558		0.94090			4
2025.03.04	00:56:31.842	0.94000	0.94087			6
2025.03.04	00:56:32.153	0.93999				2
2025.03.04	00:56:44.897		0.94088			4
2025.03.04	00:56:50.942		0.94087			4
2025.03.04	00:56:52.847	0.94001	0.94085			6
2025.03.04	00:56:53.239	0.94002				2
2025.03.04	00:56:54.043	0.94001	0.94086			6
2025.03.04	00:57:00.962	0.94001				2
2025.03.04	00:57:06.067	0.94002	0.94085			6
2025.03.04	00:57:10.998	0.94001				2
2025.03.04	00:57:12.536	0.94000	0.94086			6
2025.03.04	00:57:17.462	0.94001				2
2025.03.04	00:57:22.299		0.94087			4
2025.03.04	00:57:38.991		0.94088			4
2025.03.04	00:57:52.681		0.94091			4
2025.03.04	00:58:01.854	0.94001				2
2025.03.04	00:58:07.681		0.94088			4
2025.03.04	00:58:08.611		0.94087			4
2025.03.04	00:58:11.825		0.94088			4
2025.03.04	00:58:15.193		0.94087			4
2025.03.04	00:58:18.030		0.94088			4
2025.03.04	00:58:22.684		0.94091			4
2025.03.04	00:58:23.505		0.94092			4
2025.03.04	00:58:28.151		0.94089			4
2025.03.04	00:58:32.606		0.94088			4
2025.03.04	00:58:34.164		0.94087			4
2025.03.04	00:58:42.200		0.94088			4
2025.03.04	00:59:00.279	0.94001				2
2025.03.04	00:59:07.844		0.94091			4
2025.03.04	00:59:10.239		0.94089			4
2025.03.04	00:59:18.119	0.93999				2
2025.03.04	00:59:21.895	0.93998	0.94090			6
2025.03.04	00:59:28.098	0.93999	0.94089			6
2025.03.04	00:59:30.307	0.94011	0.94090			6
2025.03.04	00:59:30.967	0.94012	0.94089			6
2025.03.04	00:59:54.211	0.94008	0.94092			6
2025.03.04	00:59:55.162	0.94007	0.94093			6
2025.03.04	01:00:00.314	0.94005	0.94098			6
2025.03.04	01:00:00.627	0.94010	0.94089			6
2025.03.04	01:00:00.936	0.94005	0.94088			6
2025.03.04	01:00:01.252	0.94011				2
2025.03.04	01:00:01.554		0.94087			4
2025.03.04	01:00:01.919		0.94086			4
2025.03.04	01:00:02.392	0.94020	0.94089			6
2025.03.04	01:00:03.332	0.94019	0.94088			6
2025.03.04	01:00:04.243	0.94020				2
2025.03.04	01:00:04.545	0.94011	0.94086			6
2025.03.04	01:00:05.145		0.94087			4
2025.03.04	01:00:10.133	0.94012				2
2025.03.04	01:00:11.941	0.94011				2
2025.03.04	01:00:12.389	0.94013				2
2025.03.04	01:00:13.548	0.94012				2
2025.03.04	01:00:14.183	0.94013				2
2025.03.04	01:00:15.649	0.94014	0.94088			6
2025.03.04	01:00:16.000	0.94011	0.94085			6
2025.03.04	01:00:16.365	0.94013	0.94076			6
2025.03.04	01:00:19.080		0.94074			4
2025.03.04	01:00:20.155		0.94067			4
2025.03.04	01:00:21.963	0.94014				2
2025.03.04	01:00:22.808	0.94015	0.94053			6
2025.03.04	01:00:27.327		0.94057			4
2025.03.04	01:00:30.973		0.94054			4
2025.03.04	01:00:31.397		0.94056			4
2025.03.04	01:00:31.734		0.94060			4
2025.03.04	01:00:34.698		0.94062			4
2025.03.04	01:00:39.595	0.94035	0.94078			6
2025.03.04	01:00:39.979	0.94030	0.94071			6
2025.03.04	01:00:40.963	0.94023	0.94064			6
2025.03.04	01:00:41.286	0.94022				2
2025.03.04	01:00:45.031	0.94023				2
2025.03.04	01:00:45.706	0.94025				2
2025.03.04	01:00:46.200	0.94026	0.94068			6
2025.03.04	01:00:51.333	0.94027				2
2025.03.04	01:00:53.003	0.94028				2
2025.03.04	01:00:55.084		0.94064			4
2025.03.04	01:00:55.395	0.94027				2
2025.03.04	01:01:00.323	0.94027	0.94066			6
2025.03.04	01:01:00.719	0.94025	0.94062			6
2025.03.04	01:01:01.098	0.94024	0.94064			6
2025.03.04	01:01:03.051	0.94025	0.94062			6
2025.03.04	01:01:04.342	0.94023				2
2025.03.04	01:01:04.675	0.94022				2
2025.03.04	01:01:05.888	0.94024	0.94064			6
2025.03.04	01:01:06.385	0.94025	0.94063			6
2025.03.04	01:01:06.820	0.94024	0.94061			6
2025.03.04	01:01:08.574	0.94023				2
2025.03.04	01:01:09.708		0.94060			4
2025.03.04	01:01:11.180	0.94024	0.94061			6
2025.03.04	01:01:11.867	0.94027				2
2025.03.04	01:01:15.728	0.94025	0.94059			6
2025.03.04	01:01:18.904		0.94061			4
2025.03.04	01:01:19.511	0.94024	0.94063			6
2025.03.04	01:01:20.270	0.94026	0.94065			6
2025.03.04	01:01:22.385	0.94028	0.94062			6
2025.03.04	01:01:25.329	0.94027	0.94061			6
2025.03.04	01:01:29.904	0.94029	0.94074			6
2025.03.04	01:01:34.721		0.94069			4
2025.03.04	01:01:36.396		0.94065			4
2025.03.04	01:01:36.763		0.94064			4
2025.03.04	01:01:37.998		0.94065			4
2025.03.04	01:01:39.950		0.94067			4
2025.03.04	01:01:41.408		0.94065			4
2025.03.04	01:01:41.748		0.94066			4
2025.03.04	01:01:44.297		0.94064			4
2025.03.04	01:01:44.668		0.94065			4
2025.03.04	01:01:48.498	0.94030	0.94063			6
2025.03.04	01:01:49.148		0.94064			4
2025.03.04	01:01:52.395		0.94063			4
2025.03.04	01:01:57.671		0.94062			4
2025.03.04	01:02:00.317	0.94030				2
2025.03.04	01:02:07.335		0.94060			4
2025.03.04	01:02:14.099		0.94059			4
2025.03.04	01:02:14.850	0.94024				2
2025.03.04	01:02:16.370		0.94062			4
2025.03.04	01:02:17.600	0.94025				2
2025.03.04	01:02:19.519		0.94061			4
2025.03.04	01:02:22.404	0.94030	0.94063			6
2025.03.04	01:02:27.198	0.94031				2
2025.03.04	01:02:28.389		0.94065			4
2025.03.04	01:02:36.498	0.94032				2
2025.03.04	01:02:39.701	0.94031	0.94063			6
2025.03.04	01:02:40.021		0.94064			4
2025.03.04	01:02:40.772		0.94063			4
2025.03.04	01:02:43.284	0.94030				2
2025.03.04	01:03:00.084	0.94030				2
2025.03.04	01:03:02.243	0.94027	0.94057			6
2025.03.04	01:03:02.546	0.94025	0.94059			6
2025.03.04	01:03:03.702	0.94028	0.94058			6
2025.03.04	01:03:04.195		0.94057			4
2025.03.04	01:03:10.395		0.94058			4
2025.03.04	01:03:13.108		0.94057			4
2025.03.04	01:03:16.097		0.94058			4
2025.03.04	01:03:18.954	0.94027	0.94057			6
2025.03.04	01:03:19.266		0.94056			4
2025.03.04	01:03:22.399	0.94025				2
2025.03.04	01:03:22.766	0.94023	0.94053			6
2025.03.04	01:03:25.790	0.94021				2
2025.03.04	01:03:26.989	0.94022	0.94051			6
2025.03.04	01:03:31.982	0.94019	0.94048			6
2025.03.04	01:03:38.208	0.94017				2
2025.03.04	01:03:51.473	0.94014				2
2025.03.04	01:03:54.316	0.94013				2
2025.03.04	01:04:01.097	0.94013				2
2025.03.04	01:04:01.431	0.94016	0.94043			6
2025.03.04	01:04:02.387	0.94014	0.94045			6
2025.03.04	01:04:06.366	0.94030	0.94039			6
2025.03.04	01:04:08.498	0.94014	0.94045			6
2025.03.04	01:04:16.373		0.94046			4
2025.03.04	01:04:18.158	0.94015				2
2025.03.04	01:04:18.471	0.94014				2
2025.03.04	01:04:19.998	0.94013				2
2025.03.04	01:04:20.395	0.94014				2
2025.03.04	01:04:20.883		0.94045			4
2025.03.04	01:04:23.597	0.94019	0.94046			6
2025.03.04	01:04:23.904	0.94021	0.94047			6
2025.03.04	01:04:24.210		0.94048			4
2025.03.04	01:04:25.749	0.94020				2
2025.03.04	01:04:30.211	0.94022				2
2025.03.04	01:04:31.128		0.94050			4
2025.03.04	01:04:35.571	0.94033	0.94042			6
2025.03.04	01:04:37.706	0.94022	0.94048			6
2025.03.04	01:04:38.629		0.94046			4
2025.03.04	01:04:39.881		0.94047			4
2025.03.04	01:04:40.616		0.94046			4
2025.03.04	01:04:41.074		0.94048			4
2025.03.04	01:04:41.903	0.94021				2
2025.03.04	01:04:42.899		0.94047			4
2025.03.04	01:04:47.235	0.94027				2
2025.03.04	01:04:47.864	0.94021				2
2025.03.04	01:04:48.522	0.94028	0.94053			6
2025.03.04	01:04:48.825	0.94029				2
2025.03.04	01:04:49.417	0.94028				2
2025.03.04	01:04:50.378		0.94050			4
2025.03.04	01:04:50.775		0.94049			4
2025.03.04	01:04:51.352	0.94027	0.94050			6
2025.03.04	01:04:53.409	0.94026	0.94047			6
2025.03.04	01:04:53.723	0.94023				2
2025.03.04	01:05:00.125	0.94023	0.94049			6
2025.03.04	01:05:00.439	0.94024	0.94051			6
2025.03.04	01:05:00.797	0.94027				2
2025.03.04	01:05:02.591	0.94029				2
2025.03.04	01:05:03.698	0.94032	0.94057			6
2025.03.04	01:05:04.053	0.94033				2
2025.03.04	01:05:05.064		0.94059			4
2025.03.04	01:05:12.467		0.94055			4
2025.03.04	01:05:12.774	0.94031	0.94056			6
2025.03.04	01:05:13.098	0.94033				2
2025.03.04	01:05:17.509	0.94032	0.94055			6
2025.03.04	01:05:25.122		0.94054			4
2025.03.04	01:05:28.345	0.94033				2
2025.03.04	01:05:32.616		0.94055			4
2025.03.04	01:05:41.299	0.94035	0.94053			6
2025.03.04	01:05:52.530	0.94031	0.94049			6
2025.03.04	01:05:52.857	0.94026	0.94044			6
2025.03.04	01:05:57.013	0.94027	0.94045			6
2025.03.04	01:06:00.216	0.94027				2
2025.03.04	01:06:05.971	0.94030	0.94053			6
2025.03.04	01:06:07.791	0.94032	0.94052			6
2025.03.04	01:06:09.538		0.94051			4
2025.03.04	01:06:09.891	0.94023	0.94041			6
2025.03.04	01:06:10.207	0.94022	0.94040			6
2025.03.04	01:06:10.827	0.94020	0.94038			6
2025.03.04	01:06:11.253	0.94018	0.94040			6
2025.03.04	01:06:12.497	0.94017				2
2025.03.04	01:06:14.495	0.94018				2
2025.03.04	01:06:17.598	0.94022	0.94043			6
2025.03.04	01:06:17.906	0.94021				2
2025.03.04	01:06:20.015		0.94042			4
2025.03.04	01:06:23.360	0.94020	0.94041			6
2025.03.04	01:06:25.112		0.94042			4
2025.03.04	01:06:26.300		0.94041			4
2025.03.04	01:06:27.293	0.94029	0.94048			6
2025.03.04	01:06:27.643	0.94027				2
2025.03.04	01:06:27.945	0.94023	0.94043			6
2025.03.04	01:06:28.305	0.94022				2
2025.03.04	01:06:29.268	0.94023	0.94044			6
2025.03.04	01:06:29.897	0.94022	0.94042			6
2025.03.04	01:06:31.071	0.94035	0.94055			6
2025.03.04	01:06:31.718	0.94030	0.94050			6
2025.03.04	01:06:32.097	0.94028	0.94049			6
2025.03.04	01:06:35.011	0.94023	0.94043			6
2025.03.04	01:06:47.898	0.94022	0.94042			6
2025.03.04	01:06:51.498	0.94021				2
2025.03.04	01:06:52.698	0.94022				2
2025.03.04	01:07:00.198	0.94021				2
2025.03.04	01:07:05.288	0.94022				2
2025.03.04	01:07:17.600		0.94043			4
2025.03.04	01:07:18.200	0.94024	0.94044			6
2025.03.04	01:07:33.797	0.94021	0.94043			6
2025.03.04	01:07:35.183	0.94022				2
2025.03.04	01:07:36.198	0.94021				2
2025.03.04	01:07:36.506	0.94023	0.94044			6
2025.03.04	01:07:39.238	0.94024				2
2025.03.04	01:07:53.854	0.94027	0.94046			6
2025.03.04	01:07:54.570	0.94024	0.94045			6
2025.03.04	01:07:56.425	0.94023				2
2025.03.04	01:07:58.265	0.94025				2
2025.03.04	01:07:59.374		0.94043			4
2025.03.04	01:08:00.366	0.94025				2
2025.03.04	01:08:10.348	0.94026	0.94044			6
2025.03.04	01:08:10.665	0.94024	0.94041			6
2025.03.04	01:08:11.297	0.94023				2
2025.03.04	01:08:33.899	0.94033	0.94051			6
2025.03.04	01:08:34.213	0.94036				2
2025.03.04	01:08:34.718	0.94032	0.94050			6
2025.03.04	01:08:37.051	0.94029	0.94047			6
2025.03.04	01:08:37.373		0.94046			4
2025.03.04	01:08:37.929	0.94035	0.94052			6
2025.03.04	01:08:38.280	0.94033	0.94051			6
2025.03.04	01:08:38.587		0.94050			4
2025.03.04	01:08:44.636	0.94031	0.94048			6
2025.03.04	01:08:46.099		0.94047			4
2025.03.04	01:08:47.203	0.94029	0.94046			6
2025.03.04	01:08:52.729	0.94024	0.94042			6
2025.03.04	01:09:03.420	0.94024				2
2025.03.04	01:09:07.702		0.94041			4
2025.03.04	01:09:12.049	0.94029	0.94047			6
2025.03.04	01:09:12.353	0.94034	0.94050			6
2025.03.04	01:09:16.838	0.94033				2
2025.03.04	01:09:17.621	0.94035	0.94051			6
2025.03.04	01:09:29.298	0.94036	0.94054			6
2025.03.04	01:09:29.609	0.94033	0.94051			6
2025.03.04	01:09:30.059		0.94050			4
2025.03.04	01:09:30.995		0.94048			4
2025.03.04	01:09:34.459	0.94032				2
2025.03.04	01:09:36.115		0.94050			4
2025.03.04	01:09:36.471	0.94033				2
2025.03.04	01:09:53.713		0.94051			4
2025.03.04	01:09:56.898	0.94034				2
2025.03.04	01:10:00.197	0.94034				2
2025.03.04	01:10:01.099	0.94035				2
2025.03.04	01:10:02.624	0.94034				2
2025.03.04	01:10:20.746	0.94035				2
2025.03.04	01:10:21.196	0.94036				2
2025.03.04	01:10:23.905		0.94052			4
2025.03.04	01:10:28.499	0.94035				2
2025.03.04	01:10:30.506	0.94039	0.94056			6
2025.03.04	01:10:31.537	0.94037	0.94054			6
2025.03.04	01:10:33.499	0.94042	0.94057			6
2025.03.04	01:10:34.344		0.94058			4
2025.03.04	01:10:48.887		0.94057			4
2025.03.04	01:10:51.560	0.94041				2
2025.03.04	01:10:58.681	0.94042				2
2025.03.04	01:11:00.038	0.94042				2
2025.03.04	01:11:01.069	0.94039	0.94056			6
2025.03.04	01:11:01.378	0.94040	0.94055			6
2025.03.04	01:11:02.084	0.94039				2
2025.03.04	01:11:03.798		0.94054			4
2025.03.04	01:11:05.224		0.94055			4
2025.03.04	01:11:06.485	0.94043	0.94057			6
2025.03.04	01:11:11.597		0.94056			4
2025.03.04	01:11:14.355		0.94057			4
2025.03.04	01:11:21.857	0.94044	0.94058			6
2025.03.04	01:11:24.812	0.94042	0.94056			6
2025.03.04	01:11:26.767	0.94041				2
2025.03.04	01:11:30.780	0.94040				2
2025.03.04	01:11:32.584	0.94039	0.94055			6
2025.03.04	01:11:37.341	0.94041				2
2025.03.04	01:11:37.645		0.94056			4
2025.03.04	01:11:38.376	0.94040				2
2025.03.04	01:11:39.498	0.94039	0.94055			6
2025.03.04	01:11:54.844	0.94038				2
2025.03.04	01:11:55.150	0.94037				2
2025.03.04	01:11:55.680	0.94038	0.94054			6
2025.03.04	01:11:56.586		0.94053			4
2025.03.04	01:12:01.469	0.94040	0.94054			6
2025.03.04	01:12:05.422	0.94043	0.94058			6
2025.03.04	01:12:06.091	0.94042	0.94057			6
2025.03.04	01:12:07.999	0.94043				2
2025.03.04	01:12:08.306		0.94058			4
2025.03.04	01:12:16.181		0.94057			4
2025.03.04	01:12:16.515		0.94058			4
2025.03.04	01:12:17.297		0.94057			4
2025.03.04	01:12:17.824		0.94058			4
2025.03.04	01:12:18.199		0.94057			4
2025.03.04	01:12:18.507		0.94058			4
2025.03.04	01:12:21.207	0.94044				2
2025.03.04	01:12:21.538		0.94059			4
2025.03.04	01:12:22.218	0.94045				2
2025.03.04	01:12:25.544	0.94044				2
2025.03.04	01:12:26.899		0.94058			4
2025.03.04	01:12:29.425	0.94041	0.94056			6
2025.03.04	01:12:40.997		0.94057			4
2025.03.04	01:12:44.600	0.94042				2
2025.03.04	01:12:44.905	0.94043	0.94058			6
2025.03.04	01:12:45.208	0.94044	0.94059			6
2025.03.04	01:12:48.024		0.94058			4
2025.03.04	01:12:50.039	0.94043				2
2025.03.04	01:12:50.361		0.94057			4
2025.03.04	01:12:54.199	0.94051	0.94066			6
2025.03.04	01:12:54.869		0.94067			4
2025.03.04	01:12:55.674	0.94055	0.94070			6
2025.03.04	01:13:01.288	0.94055				2
2025.03.04	01:13:15.432	0.94056				2
2025.03.04	01:13:16.187	0.94055				2
2025.03.04	01:13:18.853	0.94056				2
2025.03.04	01:13:20.016	0.94055				2
2025.03.04	01:13:20.653	0.94058	0.94072			6
2025.03.04	01:13:20.969		0.94074			4
2025.03.04	01:13:22.998		0.94073			4
2025.03.04	01:13:26.300		0.94074			4
2025.03.04	01:13:27.855	0.94060	0.94075			6
2025.03.04	01:13:34.937	0.94059	0.94073			6
2025.03.04	01:13:35.245	0.94057				2
2025.03.04	01:14:00.023	0.94057				2
2025.03.04	01:14:29.605	0.94058				2
2025.03.04	01:14:30.585	0.94057	0.94074			6
2025.03.04	01:14:34.330	0.94058				2
2025.03.04	01:14:35.903	0.94057				2
2025.03.04	01:14:38.604		0.94072			4
2025.03.04	01:14:38.906		0.94073			4
2025.03.04	01:14:39.208	0.94058				2
2025.03.04	01:14:49.161	0.94057				2
2025.03.04	01:14:53.096	0.94058				2
2025.03.04	01:14:57.556		0.94074			4
2025.03.04	01:15:00.288	0.94060	0.94075			6
2025.03.04	01:15:00.642	0.94061				2
2025.03.04	01:15:01.287	0.94060	0.94074			6
2025.03.04	01:15:01.664	0.94058	0.94072			6
2025.03.04	01:15:06.429	0.94059	0.94073			6
2025.03.04	01:15:15.255		0.94074			4
2025.03.04	01:15:15.973	0.94060				2
2025.03.04	01:15:16.873	0.94059	0.94075			6
2025.03.04	01:15:17.194	0.94060	0.94074			6
2025.03.04	01:15:18.142		0.94075			4
2025.03.04	01:15:20.122	0.94059	0.94074			6
2025.03.04	01:15:22.252		0.94075			4
2025.03.04	01:15:22.568		0.94074			4
2025.03.04	01:15:23.300		0.94075			4
2025.03.04	01:15:23.674	0.94060	0.94074			6
2025.03.04	01:15:24.320	0.94059				2
2025.03.04	01:15:25.801	0.94060				2
2025.03.04	01:15:26.173	0.94059	0.94075			6
2025.03.04	01:15:26.539	0.94063	0.94077			6
2025.03.04	01:15:33.382	0.94069	0.94084			6
2025.03.04	01:15:34.651		0.94083			4
2025.03.04	01:15:35.505	0.94068				2
2025.03.04	01:15:36.199	0.94069				2
2025.03.04	01:15:37.772	0.94067	0.94080			6
2025.03.04	01:15:45.727	0.94069	0.94082			6
2025.03.04	01:15:47.297	0.94068				2
2025.03.04	01:15:53.869	0.94069				2
2025.03.04	01:15:54.315	0.94068	0.94083			6
2025.03.04	01:15:55.576	0.94067	0.94081			6
2025.03.04	01:15:57.823	0.94068	0.94083			6
2025.03.04	01:15:59.022	0.94069	0.94082			6
2025.03.04	01:16:00.218	0.94069				2
2025.03.04	01:16:01.397	0.94068	0.94083			6
2025.03.04	01:16:02.526	0.94069	0.94082			6
2025.03.04	01:16:04.584		0.94083			4
2025.03.04	01:16:05.518		0.94082			4
2025.03.04	01:16:07.999	0.94068				2
2025.03.04	01:16:13.962	0.94069				2
2025.03.04	01:16:14.985	0.94068				2
2025.03.04	01:16:25.366	0.94069				2
2025.03.04	01:16:27.672	0.94068				2
2025.03.04	01:16:33.016	0.94069	0.94083			6
2025.03.04	01:16:43.391	0.94068				2
2025.03.04	01:16:43.743	0.94069				2
2025.03.04	01:16:51.318		0.94082			4
2025.03.04	01:16:51.666		0.94083			4
2025.03.04	01:16:52.081	0.94068				2
2025.03.04	01:16:52.398	0.94069	0.94082			6
2025.03.04	01:16:52.726		0.94083			4
2025.03.04	01:16:53.523		0.94082			4
2025.03.04	01:16:55.191	0.94070	0.94083			6
2025.03.04	01:17:00.222	0.94070				2
2025.03.04	01:17:02.127	0.94069	0.94082			6
2025.03.04	01:17:03.064	0.94068	0.94081			6
2025.03.04	01:17:14.737		0.94082			4
2025.03.04	01:17:16.397		0.94083			4
2025.03.04	01:17:17.686		0.94082			4
2025.03.04	01:17:18.643	0.94069				2
2025.03.04	01:17:20.098	0.94070	0.94083			6
2025.03.04	01:17:33.198	0.94069	0.94082			6
2025.03.04	01:17:39.510	0.94070	0.94083			6
2025.03.04	01:17:49.890	0.94069	0.94082			6
2025.03.04	01:17:50.597		0.94083			4
2025.03.04	01:17:51.176		0.94082			4
2025.03.04	01:17:56.299	0.94070	0.94083			6
2025.03.04	01:18:00.484	0.94070				2
2025.03.04	01:18:02.526	0.94069	0.94082			6
2025.03.04	01:18:02.973	0.94068	0.94081			6
2025.03.04	01:18:06.226	0.94069	0.94083			6
2025.03.04	01:18:06.528		0.94082			4
2025.03.04	01:18:08.298	0.94070	0.94083			6
2025.03.04	01:18:26.219	0.94068				2
2025.03.04	01:18:26.539		0.94082			4
2025.03.04	01:18:27.585	0.94069				2
2025.03.04	01:18:38.568		0.94083			4
2025.03.04	01:18:39.040		0.94082			4
2025.03.04	01:18:39.838	0.94068				2
2025.03.04	01:18:40.854	0.94067	0.94081			6
2025.03.04	01:18:41.165	0.94066	0.94079			6
2025.03.04	01:18:41.898		0.94078			4
2025.03.04	01:18:42.334		0.94079			4
2025.03.04	01:18:44.232	0.94067	0.94082			6
2025.03.04	01:18:44.676	0.94066	0.94079			6
2025.03.04	01:18:45.164	0.94067	0.94082			6
2025.03.04	01:18:45.523		0.94079			4
2025.03.04	01:18:46.358		0.94082			4
2025.03.04	01:18:46.777		0.94079			4
2025.03.04	01:18:47.597		0.94082			4
2025.03.04	01:18:49.034	0.94065	0.94078			6
2025.03.04	01:18:49.783	0.94067	0.94083			6
2025.03.04	01:18:52.997	0.94068				2
2025.03.04	01:18:53.954	0.94067	0.94082			6
2025.03.04	01:18:54.344	0.94068	0.94081			6
2025.03.04	01:19:00.426	0.94068				2
2025.03.04	01:19:05.476		0.94082			4
2025.03.04	01:19:06.082		0.94081			4
2025.03.04	01:19:10.348	0.94069	0.94082			6
2025.03.04	01:19:10.923	0.94070				2
2025.03.04	01:19:19.345		0.94083			4
2025.03.04	01:19:26.102	0.94069	0.94082			6
2025.03.04	01:19:26.426	0.94070	0.94083			6
2025.03.04	01:19:52.458	0.94071	0.94082			6
2025.03.04	01:19:52.777		0.94084			4
2025.03.04	01:19:53.091	0.94070	0.94083			6
2025.03.04	01:19:59.276		0.94082			4
2025.03.04	01:20:00.197	0.94070	0.94083			6
2025.03.04	01:20:01.160		0.94082			4
2025.03.04	01:20:01.505		0.94083			4
2025.03.04	01:20:03.360	0.94069	0.94081			6
2025.03.04	01:20:03.734		0.94082			4
2025.03.04	01:20:05.539	0.94070	0.94083			6
2025.03.04	01:20:06.571		0.94082			4
2025.03.04	01:20:10.453		0.94083			4
2025.03.04	01:20:11.500		0.94082			4
2025.03.04	01:20:11.892	0.94069				2
2025.03.04	01:20:13.555	0.94070				2
2025.03.04	01:20:14.296	0.94069				2
2025.03.04	01:20:15.696	0.94070				2
2025.03.04	01:20:16.146	0.94069				2
2025.03.04	01:20:22.974	0.94070				2
2025.03.04	01:20:23.898		0.94081			4
2025.03.04	01:20:24.209		0.94082			4
2025.03.04	01:20:25.024	0.94069				2
2025.03.04	01:20:25.373	0.94070				2
2025.03.04	01:20:25.754	0.94069				2
2025.03.04	01:20:26.560	0.94070				2
2025.03.04	01:20:29.672	0.94069				2
2025.03.04	01:20:32.123	0.94070				2
2025.03.04	01:20:33.473	0.94069				2
2025.03.04	01:20:34.760	0.94070				2
2025.03.04	01:20:35.462	0.94069				2
2025.03.04	01:20:35.779	0.94070				2
2025.03.04	01:20:36.478	0.94069				2
2025.03.04	01:20:36.793	0.94070				2
2025.03.04	01:20:37.435	0.94069				2
2025.03.04	01:20:39.499	0.94070				2
2025.03.04	01:20:44.091	0.94069				2
2025.03.04	01:20:46.650	0.94070				2
2025.03.04	01:20:47.049	0.94069				2
2025.03.04	01:20:50.466	0.94070				2
2025.03.04	01:20:55.074	0.94069	0.94081			6
2025.03.04	01:20:56.724		0.94082			4
2025.03.04	01:20:58.619	0.94067	0.94079			6
2025.03.04	01:20:59.554	0.94066	0.94080			6
2025.03.04	01:21:00.289	0.94064	0.94079			6
2025.03.04	01:21:00.605	0.94063	0.94075			6
2025.03.04	01:21:01.584	0.94062				2
2025.03.04	01:21:01.885	0.94063				2
2025.03.04	01:21:02.734	0.94062	0.94074			6
2025.03.04	01:21:04.217	0.94063	0.94075			6
2025.03.04	01:21:07.928	0.94062	0.94074			6
2025.03.04	01:21:10.173		0.94075			4
2025.03.04	01:21:10.490		0.94074			4
2025.03.04	01:21:11.450		0.94073			4
2025.03.04	01:21:11.800		0.94074			4
2025.03.04	01:21:13.544		0.94073			4
2025.03.04	01:21:13.859		0.94074			4
2025.03.04	01:21:15.556		0.94073			4
2025.03.04	01:21:15.949		0.94074			4
2025.03.04	01:21:17.796	0.94060				2
2025.03.04	01:21:18.113		0.94073			4
2025.03.04	01:21:21.041	0.94061				2
2025.03.04	01:21:31.446	0.94060	0.94072			6
2025.03.04	01:21:32.358	0.94059	0.94071			6
2025.03.04	01:21:32.791	0.94060				2
2025.03.04	01:21:34.554	0.94059	0.94072			6
2025.03.04	01:21:35.555	0.94062	0.94075			6
2025.03.04	01:21:36.790		0.94074			4
2025.03.04	01:21:38.919	0.94061				2
2025.03.04	01:21:42.209	0.94060				2
2025.03.04	01:21:44.488		0.94075			4
2025.03.04	01:21:45.137		0.94074			4
2025.03.04	01:21:45.630	0.94061	0.94076			6
2025.03.04	01:21:48.799		0.94075			4
2025.03.04	01:21:50.300		0.94076			4
2025.03.04	01:21:51.852		0.94075			4
2025.03.04	01:21:52.891		0.94076			4
2025.03.04	01:21:54.931		0.94075			4
2025.03.04	01:21:55.999		0.94076			4
2025.03.04	01:22:00.107	0.94061				2
2025.03.04	01:22:04.894	0.94060	0.94072			6
2025.03.04	01:22:11.509	0.94059	0.94070			6
2025.03.04	01:22:12.498	0.94058	0.94071			6
2025.03.04	01:22:13.255	0.94059	0.94072			6
2025.03.04	01:22:14.622	0.94060	0.94073			6
2025.03.04	01:22:17.376	0.94061				2
2025.03.04	01:22:18.801	0.94060				2
2025.03.04	01:22:19.956	0.94061	0.94074			6
2025.03.04	01:22:20.336	0.94060	0.94071			6
2025.03.04	01:22:25.997	0.94059	0.94073			6
2025.03.04	01:22:29.709	0.94060	0.94074			6
2025.03.04	01:22:32.318	0.94061				2
2025.03.04	01:22:32.673		0.94075			4
2025.03.04	01:22:34.251	0.94060	0.94073			6
2025.03.04	01:22:35.736		0.94072			4
2025.03.04	01:22:36.580		0.94073			4
2025.03.04	01:22:37.993		0.94074			4
2025.03.04	01:22:38.312		0.94073			4
2025.03.04	01:22:39.415		0.94074			4
2025.03.04	01:22:40.454		0.94073			4
2025.03.04	01:22:41.488		0.94074			4
2025.03.04	01:22:44.528	0.94061	0.94075			6
2025.03.04	01:22:47.796		0.94074			4
2025.03.04	01:22:48.631	0.94060	0.94076			6
2025.03.04	01:22:52.148	0.94068	0.94080			6
2025.03.04	01:22:53.299		0.94082			4
2025.03.04	01:22:55.459	0.94067	0.94079			6
2025.03.04	01:22:57.172		0.94081			4
2025.03.04	01:22:58.099		0.94080			4
2025.03.04	01:22:59.863		0.94079			4
2025.03.04	01:23:00.275	0.94067				2
2025.03.04	01:23:03.981		0.94080			4
2025.03.04	01:23:07.103		0.94079			4
2025.03.04	01:23:07.985		0.94080			4
2025.03.04	01:23:09.622	0.94068	0.94081			6
2025.03.04	01:23:10.628	0.94067	0.94080			6
2025.03.04	01:23:13.025		0.94079			4
2025.03.04	01:23:14.076		0.94080			4
2025.03.04	01:23:15.178	0.94066				2
2025.03.04	01:23:16.998		0.94081			4
2025.03.04	01:23:17.374		0.94080			4
2025.03.04	01:23:23.544	0.94067				2
2025.03.04	01:23:24.525	0.94066	0.94081			6
2025.03.04	01:23:25.738	0.94067				2
2025.03.04	01:23:26.664	0.94066				2
2025.03.04	01:23:26.990		0.94080			4
2025.03.04	01:23:28.976		0.94079			4
2025.03.04	01:23:31.291	0.94067				2
2025.03.04	01:23:32.297	0.94068	0.94080			6
2025.03.04	01:23:33.224	0.94067	0.94079			6
2025.03.04	01:23:38.415	0.94068	0.94081			6
2025.03.04	01:23:38.978		0.94080			4
2025.03.04	01:23:39.513	0.94067	0.94079			6
2025.03.04	01:23:42.659	0.94068	0.94081			6
2025.03.04	01:23:44.157		0.94082			4
2025.03.04	01:23:44.598	0.94069	0.94081			6
2025.03.04	01:23:48.940		0.94082			4
2025.03.04	01:23:49.398	0.94070				2
2025.03.04	01:23:51.498	0.94069				2
2025.03.04	01:23:51.911	0.94070				2
2025.03.04	01:24:00.124	0.94070				2
2025.03.04	01:24:01.319	0.94069				2
2025.03.04	01:24:02.598		0.94081			4
2025.03.04	01:24:06.519	0.94070	0.94082			6
2025.03.04	01:24:08.224	0.94069				2
2025.03.04	01:24:10.938		0.94081			4
2025.03.04	01:24:11.475	0.94070	0.94083			6
2025.03.04	01:24:12.571		0.94082			4
2025.03.04	01:24:13.619	0.94069	0.94083			6
2025.03.04	01:24:14.549	0.94070	0.94082			6
2025.03.04	01:24:15.588	0.94069	0.94083			6
2025.03.04	01:24:19.966	0.94072	0.94085			6
2025.03.04	01:24:21.503		0.94086			4
2025.03.04	01:24:23.049		0.94085			4
2025.03.04	01:24:23.363		0.94086			4
2025.03.04	01:24:25.240		0.94087			4
2025.03.04	01:24:26.284		0.94086			4
2025.03.04	01:24:26.909		0.94087			4
2025.03.04	01:24:27.351		0.94086			4
2025.03.04	01:24:29.419		0.94085			4
2025.03.04	01:24:31.613	0.94069	0.94081			6
2025.03.04	01:24:32.897	0.94068	0.94082			6
2025.03.04	01:24:33.261	0.94069	0.94083			6
2025.03.04	01:24:33.991		0.94082			4
2025.03.04	01:24:35.032	0.94068				2
2025.03.04	01:24:35.911	0.94071	0.94083			6
2025.03.04	01:24:37.092	0.94070				2
2025.03.04	01:24:39.193		0.94082			4
2025.03.04	01:24:39.524	0.94069				2
2025.03.04	01:24:39.965		0.94083			4
2025.03.04	01:24:44.975	0.94070	0.94084			6
2025.03.04	01:24:45.288	0.94071	0.94085			6
2025.03.04	01:24:47.340		0.94084			4
2025.03.04	01:24:48.198		0.94085			4
2025.03.04	01:24:48.890	0.94078	0.94090			6
2025.03.04	01:24:51.518		0.94092			4
2025.03.04	01:24:52.999		0.94093			4
2025.03.04	01:24:53.306	0.94079				2
2025.03.04	01:24:54.346	0.94080	0.94092			6
2025.03.04	01:24:55.998		0.94093			4
2025.03.04	01:24:57.586		0.94092			4
2025.03.04	01:24:58.616		0.94093			4
2025.03.04	01:25:00.198	0.94079				2
2025.03.04	01:25:00.974	0.94081	0.94096			6
2025.03.04	01:25:07.033	0.94082				2
2025.03.04	01:25:07.633	0.94081				2
2025.03.04	01:25:08.987		0.94097			4
2025.03.04	01:25:09.443		0.94096			4
2025.03.04	01:25:15.132		0.94095			4
2025.03.04	01:25:19.328		0.94096			4
2025.03.04	01:25:20.349		0.94095			4
2025.03.04	01:25:24.342		0.94096			4
2025.03.04	01:25:24.666		0.94095			4
2025.03.04	01:25:25.523		0.94096			4
2025.03.04	01:25:26.299		0.94095			4
2025.03.04	01:25:27.312		0.94096			4
2025.03.04	01:25:40.862		0.94097			4
2025.03.04	01:25:42.945		0.94098			4
2025.03.04	01:25:45.373		0.94097			4
2025.03.04	01:25:46.764		0.94095			4
2025.03.04	01:25:51.918		0.94096			4
2025.03.04	01:25:57.432		0.94094			4
2025.03.04	01:25:57.747	0.94079				2
2025.03.04	01:26:00.468	0.94080	0.94095			6
2025.03.04	01:26:03.199	0.94081	0.94097			6
2025.03.04	01:26:06.260	0.94082				2
2025.03.04	01:26:16.522	0.94081				2
2025.03.04	01:26:17.580	0.94082				2
2025.03.04	01:26:23.623	0.94081				2
2025.03.04	01:26:23.953	0.94082				2
2025.03.04	01:26:25.111	0.94083	0.94098			6
2025.03.04	01:26:26.599		0.94097			4
2025.03.04	01:26:29.321		0.94098			4
2025.03.04	01:26:29.666		0.94097			4
2025.03.04	01:26:32.798	0.94082	0.94095			6
2025.03.04	01:26:36.942	0.94083	0.94096			6
2025.03.04	01:26:37.285	0.94082				2
2025.03.04	01:26:42.491	0.94083				2
2025.03.04	01:26:59.195		0.94097			4
2025.03.04	01:27:00.937	0.94083				2
2025.03.04	01:27:02.098	0.94082				2
2025.03.04	01:27:04.441	0.94079	0.94095			6
2025.03.04	01:27:19.954	0.94080	0.94094			6
2025.03.04	01:27:45.501	0.94078	0.94092			6
2025.03.04	01:27:45.827	0.94079				2
2025.03.04	01:27:46.204		0.94094			4
2025.03.04	01:27:46.509		0.94093			4
2025.03.04	01:27:46.812	0.94078				2
2025.03.04	01:27:47.380	0.94079				2
2025.03.04	01:27:53.298	0.94081	0.94095			6
2025.03.04	01:27:56.688	0.94082	0.94096			6
2025.03.04	01:28:00.362	0.94081	0.94095			6
2025.03.04	01:28:01.997		0.94094			4
2025.03.04	01:28:02.474	0.94080	0.94093			6
2025.03.04	01:28:03.804	0.94079				2
2025.03.04	01:28:05.445	0.94080	0.94094			6
2025.03.04	01:28:11.223		0.94093			4
2025.03.04	01:28:15.333		0.94094			4
2025.03.04	01:28:16.769		0.94093			4
2025.03.04	01:28:17.173		0.94094			4
2025.03.04	01:28:17.497	0.94082	0.94095			6
2025.03.04	01:28:19.880	0.94081				2
2025.03.04	01:29:00.481	0.94081				2
2025.03.04	01:29:02.873	0.94084	0.94098			6
2025.03.04	01:29:03.274		0.94097			4
2025.03.04	01:29:05.346	0.94082	0.94096			6
2025.03.04	01:29:05.650	0.94081	0.94095			6
2025.03.04	01:29:06.717	0.94082				2
2025.03.04	01:29:07.493		0.94093			4
2025.03.04	01:29:08.298	0.94081				2
2025.03.04	01:29:09.846	0.94082				2
2025.03.04	01:29:10.358		0.94094			4
2025.03.04	01:29:12.497		0.94095			4
2025.03.04	01:29:21.489		0.94093			4
2025.03.04	01:29:22.161	0.94080	0.94092			6
2025.03.04	01:29:22.555	0.94079	0.94090			6
2025.03.04	01:29:27.869	0.94080	0.94091			6
2025.03.04	01:29:33.027	0.94079				2
2025.03.04	01:29:45.197		0.94090			4
2025.03.04	01:29:51.581	0.94077	0.94089			6
2025.03.04	01:29:52.675	0.94078				2
2025.03.04	01:29:53.644	0.94077				2
2025.03.04	01:29:54.497	0.94076				2
2025.03.04	01:29:54.922	0.94077	0.94088			6
2025.03.04	01:29:57.472	0.94076				2
2025.03.04	01:29:57.893	0.94077				2
2025.03.04	01:29:58.784		0.94089			4
2025.03.04	01:30:00.307	0.94079	0.94090			6
2025.03.04	01:30:02.168	0.94081	0.94088			6
2025.03.04	01:30:04.590	0.94079	0.94090			6
2025.03.04	01:30:08.052	0.94077				2
2025.03.04	01:30:08.610	0.94076	0.94087			6
2025.03.04	01:30:10.389	0.94073	0.94086			6
2025.03.04	01:30:10.713	0.94072				2
2025.03.04	01:30:11.144	0.94073				2
2025.03.04	01:30:11.828	0.94072				2
2025.03.04	01:30:14.091		0.94085			4
2025.03.04	01:30:14.954	0.94073				2
2025.03.04	01:30:17.037		0.94084			4
2025.03.04	01:30:22.215		0.94085			4
2025.03.04	01:30:23.899	0.94074				2
2025.03.04	01:30:28.072	0.94073				2
2025.03.04	01:30:34.037	0.94074	0.94086			6
2025.03.04	01:30:37.733		0.94085			4
2025.03.04	01:30:41.800	0.94073				2
2025.03.04	01:30:42.554		0.94084			4
2025.03.04	01:30:44.015		0.94085			4
2025.03.04	01:30:48.434	0.94070	0.94084			6
2025.03.04	01:30:58.014		0.94085			4
2025.03.04	01:30:59.122	0.94071	0.94084			6
2025.03.04	01:31:00.477	0.94071				2
2025.03.04	01:31:03.867	0.94072	0.94083			6
2025.03.04	01:31:04.285	0.94070	0.94082			6
2025.03.04	01:31:05.155	0.94069				2
2025.03.04	01:31:06.498	0.94070				2
2025.03.04	01:31:26.347	0.94069	0.94081			6
2025.03.04	01:31:27.279		0.94080			4
2025.03.04	01:31:29.475	0.94068				2
2025.03.04	01:31:30.510		0.94081			4
2025.03.04	01:31:32.853		0.94080			4
2025.03.04	01:31:33.189	0.94067	0.94079			6
2025.03.04	01:31:37.697		0.94078			4
2025.03.04	01:31:40.488		0.94079			4
2025.03.04	01:31:41.299		0.94078			4
2025.03.04	01:31:41.605	0.94066	0.94077			6
2025.03.04	01:31:49.651	0.94065				2
2025.03.04	01:31:50.373	0.94064	0.94076			6
2025.03.04	01:31:55.698	0.94063	0.94075			6
2025.03.04	01:31:56.007	0.94059	0.94073			6
2025.03.04	01:31:56.321	0.94062	0.94074			6
2025.03.04	01:31:57.908		0.94073			4
2025.03.04	01:31:58.691		0.94075			4
2025.03.04	01:32:00.174	0.94062				2
2025.03.04	01:32:06.423		0.94074			4
2025.03.04	01:32:07.680	0.94061	0.94075			6
2025.03.04	01:32:08.600	0.94062				2
2025.03.04	01:32:10.868	0.94061				2
2025.03.04	01:32:13.978	0.94062				2
2025.03.04	01:32:14.931	0.94061				2
2025.03.04	01:32:19.800	0.94062				2
2025.03.04	01:32:26.743	0.94061				2
2025.03.04	01:32:27.046	0.94062				2
2025.03.04	01:32:48.000	0.94061				2
2025.03.04	01:32:57.320	0.94060	0.94071			6
2025.03.04	01:32:58.704	0.94061				2
2025.03.04	01:33:00.044	0.94061				2
2025.03.04	01:33:02.289		0.94070			4
2025.03.04	01:33:02.745	0.94060				2
2025.03.04	01:33:03.062		0.94071			4
2025.03.04	01:33:03.366		0.94072			4
2025.03.04	01:33:03.859		0.94073			4
2025.03.04	01:33:04.163		0.94072			4
2025.03.04	01:33:07.453		0.94074			4
2025.03.04	01:33:08.512		0.94072			4
2025.03.04	01:33:10.435	0.94059	0.94070			6
2025.03.04	01:33:10.749	0.94057	0.94069			6
2025.03.04	01:33:11.311	0.94052	0.94066			6
2025.03.04	01:33:11.746	0.94054	0.94067			6
2025.03.04	01:33:12.826		0.94068			4
2025.03.04	01:33:13.859	0.94053	0.94067			6
2025.03.04	01:33:14.258	0.94052	0.94066			6
2025.03.04	01:33:26.755	0.94053				2
2025.03.04	01:33:28.216	0.94051	0.94064			6
2025.03.04	01:33:30.198	0.94050	0.94063			6
2025.03.04	01:33:32.551		0.94062			4
2025.03.04	01:33:34.530	0.94051				2
2025.03.04	01:33:36.763	0.94050				2
2025.03.04	01:33:38.698	0.94051				2
2025.03.04	01:33:40.458		0.94064			4
2025.03.04	01:33:45.113		0.94063			4
2025.03.04	01:33:45.640		0.94064			4
2025.03.04	01:33:48.178	0.94053	0.94066			6
2025.03.04	01:33:48.486	0.94055	0.94068			6
2025.03.04	01:33:55.717	0.94053	0.94066			6
2025.03.04	01:33:56.021	0.94052				2
2025.03.04	01:33:58.891	0.94056	0.94067			6
2025.03.04	01:33:59.562		0.94068			4
2025.03.04	01:34:00.243	0.94056				2
2025.03.04	01:34:00.579	0.94054	0.94067			6
2025.03.04	01:34:00.888	0.94053				2
2025.03.04	01:34:01.811	0.94056	0.94068			6
2025.03.04	01:34:04.797	0.94058	0.94071			6
2025.03.04	01:34:05.481	0.94059	0.94070			6
2025.03.04	01:34:05.871	0.94057	0.94071			6
2025.03.04	01:34:06.216		0.94070			4
2025.03.04	01:34:07.086	0.94058				2
2025.03.04	01:34:08.163	0.94056	0.94068			6
2025.03.04	01:34:10.622	0.94057				2
2025.03.04	01:34:12.500	0.94056				2
2025.03.04	01:34:14.636	0.94057				2
2025.03.04	01:34:18.980	0.94055				2
2025.03.04	01:34:21.452	0.94056				2
2025.03.04	01:34:24.618	0.94057				2
2025.03.04	01:34:26.288	0.94056				2
2025.03.04	01:34:30.776	0.94053	0.94064			6
2025.03.04	01:34:31.099	0.94050	0.94063			6
2025.03.04	01:34:31.433		0.94064			4
2025.03.04	01:34:34.599	0.94049	0.94063			6
2025.03.04	01:34:37.698	0.94050				2
2025.03.04	01:34:39.848	0.94049	0.94061			6
2025.03.04	01:34:40.643		0.94062			4
2025.03.04	01:34:41.923	0.94048	0.94060			6
2025.03.04	01:34:54.143		0.94059			4
2025.03.04	01:34:54.868		0.94060			4
2025.03.04	01:34:56.297	0.94049				2
2025.03.04	01:34:56.652		0.94061			4
2025.03.04	01:34:57.159		0.94062			4
2025.03.04	01:34:57.523		0.94061			4
2025.03.04	01:35:00.522	0.94049	0.94063			6
2025.03.04	01:35:03.627	0.94050				2
2025.03.04	01:35:04.669	0.94049				2
2025.03.04	01:35:05.742	0.94050				2
2025.03.04	01:35:06.774	0.94049				2
2025.03.04	01:35:07.780	0.94050				2
2025.03.04	01:35:08.840	0.94049				2
2025.03.04	01:35:09.881	0.94050				2
2025.03.04	01:35:10.715	0.94049				2
2025.03.04	01:35:11.058	0.94050				2
2025.03.04	01:35:11.959	0.94049				2
2025.03.04	01:35:12.998	0.94050				2
2025.03.04	01:35:16.095	0.94049				2
2025.03.04	01:35:19.216	0.94050				2
2025.03.04	01:35:20.255	0.94049				2
2025.03.04	01:35:21.138	0.94050	0.94062			6
2025.03.04	01:35:22.041	0.94049	0.94063			6
2025.03.04	01:35:23.817	0.94051	0.94064			6
2025.03.04	01:35:24.353	0.94052				2
2025.03.04	01:35:25.679	0.94051				2
2025.03.04	01:35:26.552	0.94050				2
2025.03.04	01:35:29.067	0.94052	0.94065			6
2025.03.04	01:35:34.440	0.94053				2
2025.03.04	01:35:40.472		0.94066			4
2025.03.04	01:35:41.679		0.94065			4
2025.03.04	01:35:43.521	0.94051				2
2025.03.04	01:35:44.552		0.94067			4
2025.03.04	01:35:45.182	0.94053				2
2025.03.04	01:35:46.449	0.94052				2
2025.03.04	01:35:48.373	0.94054	0.94068			6
2025.03.04	01:35:51.507	0.94053	0.94067			6
2025.03.04	01:35:53.389	0.94051	0.94066			6
2025.03.04	01:35:54.523	0.94048	0.94062			6
2025.03.04	01:35:55.097	0.94049				2
2025.03.04	01:35:55.596	0.94048				2
2025.03.04	01:35:58.483	0.94051	0.94064			6
2025.03.04	01:36:00.023	0.94051				2
2025.03.04	01:36:00.805	0.94049				2
2025.03.04	01:36:03.223	0.94050	0.94063			6
2025.03.04	01:36:09.853	0.94049	0.94064			6
2025.03.04	01:36:10.786	0.94050	0.94063			6
2025.03.04	01:36:12.715	0.94049	0.94064			6
2025.03.04	01:36:13.099		0.94063			4
2025.03.04	01:36:16.854		0.94064			4
2025.03.04	01:36:17.252	0.94050	0.94063			6
2025.03.04	01:36:17.889	0.94049	0.94064			6
2025.03.04	01:36:18.285	0.94050	0.94063			6
2025.03.04	01:36:18.927	0.94049	0.94064			6
2025.03.04	01:36:19.323	0.94050	0.94063			6
2025.03.04	01:36:19.961	0.94049	0.94064			6
2025.03.04	01:36:20.357	0.94050	0.94063			6
2025.03.04	01:36:26.728	0.94049				2
2025.03.04	01:36:27.110	0.94050				2
2025.03.04	01:36:27.718	0.94049				2
2025.03.04	01:36:28.145	0.94050				2
2025.03.04	01:36:29.692	0.94049	0.94064			6
2025.03.04	01:36:30.022	0.94050	0.94063			6
2025.03.04	01:36:30.411	0.94049				2
2025.03.04	01:36:30.726	0.94050	0.94064			6
2025.03.04	01:36:31.086	0.94051	0.94063			6
2025.03.04	01:36:31.408		0.94064			4
2025.03.04	01:36:34.847	0.94050				2
2025.03.04	01:36:38.901	0.94051				2
2025.03.04	01:36:41.924	0.94048	0.94061			6
2025.03.04	01:36:45.845	0.94050	0.94064			6
2025.03.04	01:36:46.898	0.94051				2
2025.03.04	01:36:50.984	0.94052				2
2025.03.04	01:37:00.374	0.94052				2
2025.03.04	01:37:06.427	0.94053	0.94067			6
2025.03.04	01:37:06.927	0.94052	0.94065			6
2025.03.04	01:37:10.960	0.94053				2
2025.03.04	01:37:13.044	0.94054	0.94067			6
2025.03.04	01:37:14.784	0.94053				2
2025.03.04	01:37:15.103		0.94066			4
2025.03.04	01:37:16.142		0.94067			4
2025.03.04	01:37:16.931	0.94055				2
2025.03.04	01:37:17.246	0.94054				2
2025.03.04	01:37:52.819	0.94050	0.94064			6
2025.03.04	01:37:54.351		0.94063			4
2025.03.04	01:37:55.824	0.94053	0.94065			6
2025.03.04	01:37:57.048	0.94056	0.94070			6
2025.03.04	01:38:00.121	0.94056				2
2025.03.04	01:38:01.445		0.94069			4
2025.03.04	01:38:08.144	0.94058	0.94070			6
2025.03.04	01:38:09.042	0.94059	0.94071			6
2025.03.04	01:38:10.352	0.94060				2
2025.03.04	01:38:12.221	0.94059				2
2025.03.04	01:38:13.062	0.94058	0.94070			6
2025.03.04	01:38:14.060	0.94057	0.94069			6
2025.03.04	01:38:17.049		0.94070			4
2025.03.04	01:38:17.406		0.94069			4
2025.03.04	01:38:18.075		0.94070			4
2025.03.04	01:38:18.427		0.94068			4
2025.03.04	01:38:20.650	0.94058	0.94070			6
2025.03.04	01:38:23.693	0.94056	0.94068			6
2025.03.04	01:38:24.370		0.94069			4
2025.03.04	01:38:25.394	0.94057	0.94070			6
2025.03.04	01:38:26.963		0.94069			4
2025.03.04	01:38:27.398		0.94070			4
2025.03.04	01:38:28.488		0.94069			4
2025.03.04	01:38:28.793	0.94058	0.94070			6
2025.03.04	01:38:29.992	0.94057	0.94069			6
2025.03.04	01:38:32.890		0.94067			4
2025.03.04	01:38:33.999	0.94058	0.94069			6
2025.03.04	01:38:36.364	0.94056	0.94065			6
2025.03.04	01:38:39.769	0.94050	0.94064			6
2025.03.04	01:38:40.971	0.94051	0.94062			6
2025.03.04	01:38:48.449	0.94049	0.94063			6
2025.03.04	01:38:48.797	0.94050				2
2025.03.04	01:38:57.451	0.94047	0.94059			6
2025.03.04	01:38:58.148	0.94048				2
2025.03.04	01:39:00.520	0.94047	0.94061			6
2025.03.04	01:39:01.593	0.94049	0.94062			6
2025.03.04	01:39:01.911	0.94050				2
2025.03.04	01:39:35.265	0.94049	0.94061			6
2025.03.04	01:39:53.964	0.94048				2
2025.03.04	01:39:55.874	0.94050	0.94063			6
2025.03.04	01:39:57.228	0.94049				2
2025.03.04	01:39:57.607	0.94050				2
2025.03.04	01:40:00.653	0.94050				2
2025.03.04	01:40:02.725	0.94049				2
2025.03.04	01:40:08.547		0.94062			4
2025.03.04	01:40:09.809		0.94061			4
2025.03.04	01:40:11.035		0.94062			4
2025.03.04	01:40:15.277	0.94048				2
2025.03.04	01:40:16.859	0.94050				2
2025.03.04	01:40:23.057	0.94047	0.94061			6
2025.03.04	01:40:23.425	0.94048				2
2025.03.04	01:40:24.958	0.94047				2
2025.03.04	01:40:33.807	0.94049				2
2025.03.04	01:40:34.269	0.94047				2
2025.03.04	01:40:34.810	0.94048				2
2025.03.04	01:40:45.332	0.94049	0.94063			6
2025.03.04	01:41:00.018	0.94049				2
2025.03.04	01:41:04.579	0.94047	0.94061			6
2025.03.04	01:41:05.002	0.94048				2
2025.03.04	01:41:12.497	0.94047				2
2025.03.04	01:41:14.163	0.94049				2
2025.03.04	01:41:20.433		0.94063			4
2025.03.04	01:41:31.288	0.94048	0.94062			6
2025.03.04	01:41:32.793		0.94060			4
2025.03.04	01:41:34.349		0.94061			4
2025.03.04	01:41:35.041		0.94060			4
2025.03.04	01:41:35.348	0.94042	0.94056			6
2025.03.04	01:41:36.079	0.94041	0.94055			6
2025.03.04	01:41:42.333		0.94052			4
2025.03.04	01:41:42.889	0.94039	0.94050			6
2025.03.04	01:41:45.740	0.94037	0.94049			6
2025.03.04	01:41:46.850		0.94048			4
2025.03.04	01:41:49.930	0.94036				2
2025.03.04	01:41:50.250	0.94030	0.94045			6
2025.03.04	01:41:50.565	0.94027	0.94042			6
2025.03.04	01:41:50.926	0.94028	0.94041			6
2025.03.04	01:41:51.247		0.94040			4
2025.03.04	01:41:51.550	0.94022	0.94037			6
2025.03.04	01:41:51.870	0.94023				2
2025.03.04	01:41:52.192		0.94035			4
2025.03.04	01:41:52.506	0.94014	0.94029			6
2025.03.04	01:41:52.811		0.94028			4
2025.03.04	01:41:53.127	0.94009	0.94022			6
2025.03.04	01:41:53.447		0.94023			4
2025.03.04	01:41:53.800	0.94013	0.94028			6
2025.03.04	01:41:54.106	0.94015	0.94030			6
2025.03.04	01:41:54.425	0.94017	0.94033			6
2025.03.04	01:41:55.305	0.94016	0.94031			6
2025.03.04	01:41:55.640	0.94010	0.94027			6
2025.03.04	01:41:55.979	0.94011	0.94025			6
2025.03.04	01:41:56.292	0.94013	0.94027			6
2025.03.04	01:41:56.597		0.94028			4
2025.03.04	01:41:56.908	0.94009	0.94024			6
2025.03.04	01:41:57.530		0.94025			4
2025.03.04	01:41:57.855		0.94026			4
2025.03.04	01:41:59.897		0.94025			4
2025.03.04	01:42:00.271	0.94010				2
2025.03.04	01:42:00.584	0.94009				2
2025.03.04	01:42:01.370	0.94010				2
2025.03.04	01:42:03.206		0.94024			4
2025.03.04	01:42:04.081	0.94009	0.94023			6
2025.03.04	01:42:05.307	0.94010	0.94024			6
2025.03.04	01:42:05.762	0.94016	0.94031			6
2025.03.04	01:42:06.067	0.94020				2
2025.03.04	01:42:06.429		0.94032			4
2025.03.04	01:42:06.871	0.94024	0.94038			6
2025.03.04	01:42:11.317	0.94025	0.94040			6
2025.03.04	01:42:15.922	0.94032	0.94046			6
2025.03.04	01:42:16.875		0.94047			4
2025.03.04	01:42:17.522		0.94046			4
2025.03.04	01:42:18.254		0.94047			4
2025.03.04	01:42:20.396	0.94034				2
2025.03.04	01:42:20.734	0.94030	0.94043			6
2025.03.04	01:42:21.813	0.94029				2
2025.03.04	01:42:22.298	0.94030				2
2025.03.04	01:42:22.851	0.94029				2
2025.03.04	01:42:31.891	0.94030				2
2025.03.04	01:42:39.300	0.94033	0.94047			6
2025.03.04	01:42:42.325	0.94035	0.94048			6
2025.03.04	01:42:43.166		0.94049			4
2025.03.04	01:42:43.474		0.94048			4
2025.03.04	01:42:48.498		0.94049			4
2025.03.04	01:42:48.937	0.94031	0.94045			6
2025.03.04	01:42:49.246	0.94030				2
2025.03.04	01:42:49.761	0.94031				2
2025.03.04	01:42:50.902		0.94046			4
2025.03.04	01:42:51.223		0.94045			4
2025.03.04	01:42:52.087		0.94046			4
2025.03.04	01:42:52.391		0.94045			4
2025.03.04	01:42:53.092		0.94046			4
2025.03.04	01:42:55.449	0.94028	0.94042			6
2025.03.04	01:42:56.160	0.94027	0.94041			6
2025.03.04	01:42:56.937	0.94025	0.94040			6
2025.03.04	01:42:57.307	0.94024	0.94039			6
2025.03.04	01:42:57.618	0.94023	0.94036			6
2025.03.04	01:42:58.369	0.94017	0.94033			6
2025.03.04	01:42:58.691	0.94018	0.94032			6
2025.03.04	01:42:59.333	0.94017				2
2025.03.04	01:42:59.646	0.94016	0.94030			6
2025.03.04	01:42:59.949	0.94017	0.94032			6
2025.03.04	01:43:00.251	0.94016				2
2025.03.04	01:43:00.570	0.94019	0.94034			6
2025.03.04	01:43:01.625	0.94017	0.94030			6
2025.03.04	01:43:02.680	0.94016	0.94029			6
2025.03.04	01:43:04.296	0.94013	0.94026			6
2025.03.04	01:43:04.604	0.94015	0.94027			6
2025.03.04	01:43:04.915	0.94016				2
2025.03.04	01:43:05.315	0.94017	0.94029			6
2025.03.04	01:43:05.685	0.94018				2
2025.03.04	01:43:06.615	0.94015	0.94027			6
2025.03.04	01:43:07.638	0.94011	0.94022			6
2025.03.04	01:43:08.328	0.94009	0.94019			6
2025.03.04	01:43:08.638	0.94008	0.94018			6
2025.03.04	01:43:09.316	0.94010	0.94020			6
2025.03.04	01:43:10.728		0.94019			4
2025.03.04	01:43:11.853		0.94020			4
2025.03.04	01:43:13.303	0.94007	0.94018			6
2025.03.04	01:43:13.981		0.94017			4
2025.03.04	01:43:14.352	0.94001	0.94011			6
2025.03.04	01:43:14.962		0.94013			4
2025.03.04	01:43:16.934	0.94000	0.94012			6
2025.03.04	01:43:17.438	0.93998	0.94010			6
2025.03.04	01:43:18.922		0.94011			4
2025.03.04	01:43:19.663	0.93999	0.94012			6
2025.03.04	01:43:20.040	0.94000	0.94013			6
2025.03.04	01:43:20.638	0.94001	0.94014			6
2025.03.04	01:43:21.452	0.94006	0.94019			6
2025.03.04	01:43:23.068		0.94020			4
2025.03.04	01:43:23.482	0.94004	0.94017			6
2025.03.04	01:43:24.975	0.94005	0.94018			6
2025.03.04	01:43:25.314	0.94006	0.94019			6
2025.03.04	01:43:25.910	0.94009	0.94022			6
2025.03.04	01:43:30.585		0.94023			4
2025.03.04	01:43:31.982		0.94022			4
2025.03.04	01:43:32.285		0.94023			4
2025.03.04	01:43:32.985		0.94022			4
2025.03.04	01:43:38.166		0.94021			4
2025.03.04	01:43:38.781	0.94008				2
2025.03.04	01:43:40.362	0.94007	0.94020			6
2025.03.04	01:43:40.665	0.94006				2
2025.03.04	01:43:42.387		0.94019			4
2025.03.04	01:43:43.482		0.94020			4
2025.03.04	01:43:44.294	0.94005				2
2025.03.04	01:43:45.372		0.94018			4
2025.03.04	01:43:50.069		0.94019			4
2025.03.04	01:43:50.439		0.94018			4
2025.03.04	01:43:52.028	0.94003	0.94016			6
2025.03.04	01:43:58.032	0.94004	0.94017			6
2025.03.04	01:43:58.697		0.94018			4
2025.03.04	01:43:59.005	0.94006				2
2025.03.04	01:43:59.326	0.94007	0.94019			6
2025.03.04	01:44:00.354	0.94003	0.94015			6
2025.03.04	01:44:00.670	0.94000	0.94013			6
2025.03.04	01:44:02.012	0.94001				2
2025.03.04	01:44:02.994		0.94014			4
2025.03.04	01:44:04.346	0.93979	0.93993			6
2025.03.04	01:44:04.666	0.93975	0.93989			6
2025.03.04	01:44:04.970	0.93977	0.93990			6
2025.03.04	01:44:05.288	0.93973	0.93986			6
2025.03.04	01:44:05.665	0.93978	0.93990			6
2025.03.04	01:44:06.137	0.93979	0.93991			6
2025.03.04	01:44:06.907	0.93980	0.93992			6
2025.03.04	01:44:07.211	0.93983	0.93995			6
2025.03.04	01:44:07.626	0.93984				2
2025.03.04	01:44:08.270		0.93996			4
2025.03.04	01:44:08.984	0.93983				2
2025.03.04	01:44:10.151		0.93997			4
2025.03.04	01:44:10.469	0.93982	0.93996			6
2025.03.04	01:44:11.903	0.93983				2
2025.03.04	01:44:13.002	0.93984				2
2025.03.04	01:44:13.355		0.93998			4
2025.03.04	01:44:15.061	0.93986				2
2025.03.04	01:44:16.105		0.93999			4
2025.03.04	01:44:16.725	0.93981	0.93994			6
2025.03.04	01:44:17.035	0.93980	0.93993			6
2025.03.04	01:44:17.754	0.93981				2
2025.03.04	01:44:18.758		0.93994			4
2025.03.04	01:44:19.088		0.93993			4
2025.03.04	01:44:19.398	0.93980				2
2025.03.04	01:44:19.766		0.93992			4
2025.03.04	01:44:20.315	0.93977	0.93988			6
2025.03.04	01:44:20.627		0.93989			4
2025.03.04	01:44:21.739	0.93975	0.93985			6
2025.03.04	01:44:22.074	0.93971				2
2025.03.04	01:44:25.194	0.93966	0.93978			6
2025.03.04	01:44:25.593	0.93961	0.93972			6
2025.03.04	01:44:25.906	0.93962	0.93974			6
2025.03.04	01:44:26.315		0.93973			4
2025.03.04	01:44:27.049	0.93961				2
2025.03.04	01:44:30.038	0.93963	0.93974			6
2025.03.04	01:44:30.847		0.93975			4
2025.03.04	01:44:33.486	0.93961	0.93976			6
2025.03.04	01:44:34.527		0.93974			4
2025.03.04	01:44:35.901	0.93960	0.93972			6
2025.03.04	01:44:36.542	0.93959				2
2025.03.04	01:44:38.444	0.93960				2
2025.03.04	01:44:38.746	0.93966	0.93976			6
2025.03.04	01:44:39.139		0.93977			4
2025.03.04	01:44:39.440	0.93969	0.93980			6
2025.03.04	01:44:39.759	0.93973	0.93983			6
2025.03.04	01:44:40.068	0.93969	0.93980			6
2025.03.04	01:44:40.403	0.93970	0.93981			6
2025.03.04	01:44:42.038		0.93982			4
2025.03.04	01:44:42.370	0.93973	0.93983			6
2025.03.04	01:44:43.752		0.93984			4
2025.03.04	01:44:44.705	0.93971	0.93982			6
2025.03.04	01:44:47.220	0.93976	0.93985			6
2025.03.04	01:44:48.083		0.93986			4
2025.03.04	01:44:48.519	0.93979	0.93990			6
2025.03.04	01:44:48.985	0.93981	0.93991			6
2025.03.04	01:44:50.315	0.93979				2
2025.03.04	01:44:55.470	0.93982				2
2025.03.04	01:44:55.792		0.93993			4
2025.03.04	01:44:56.625		0.93994			4
2025.03.04	01:44:59.766	0.93986	0.93998			6
2025.03.04	01:45:00.075	0.93986				2
2025.03.04	01:45:01.567	0.93990	0.94002			6
2025.03.04	01:45:03.309	0.93992	0.94004			6
2025.03.04	01:45:03.612	0.93993	0.94005			6
2025.03.04	01:45:05.763	0.93997	0.94007			6
2025.03.04	01:45:06.097	0.93998	0.94009			6
2025.03.04	01:45:06.406	0.94000	0.94010			6
2025.03.04	01:45:06.709	0.94001	0.94013			6
2025.03.04	01:45:07.026	0.93999	0.94012			6
2025.03.04	01:45:07.374		0.94011			4
2025.03.04	01:45:09.674	0.94008	0.94017			6
2025.03.04	01:45:10.047	0.94007				2
2025.03.04	01:45:10.377	0.94003	0.94016			6
2025.03.04	01:45:10.688	0.94002	0.94013			6
2025.03.04	01:45:11.633		0.94014			4
2025.03.04	01:45:12.018		0.94015			4
2025.03.04	01:45:12.326	0.94007	0.94017			6
2025.03.04	01:45:12.627		0.94018			4
2025.03.04	01:45:14.054	0.94006				2
2025.03.04	01:45:14.599		0.94017			4
2025.03.04	01:45:15.092		0.94018			4
2025.03.04	01:45:15.536		0.94017			4
2025.03.04	01:45:16.932		0.94018			4
2025.03.04	01:45:17.255	0.94007				2
2025.03.04	01:45:17.594	0.94006				2
2025.03.04	01:45:19.760	0.94007	0.94020			6
2025.03.04	01:45:20.543	0.94009				2
2025.03.04	01:45:20.875		0.94021			4
2025.03.04	01:45:21.572		0.94020			4
2025.03.04	01:45:21.875	0.94008				2
2025.03.04	01:45:26.300	0.94007	0.94021			6
2025.03.04	01:45:27.419	0.94008	0.94020			6
2025.03.04	01:45:27.749	0.94006	0.94018			6
2025.03.04	01:45:28.410	0.94005	0.94017			6
2025.03.04	01:45:30.361	0.94009	0.94020			6
2025.03.04	01:45:30.693	0.94008				2
2025.03.04	01:45:33.095	0.94007	0.94021			6
2025.03.04	01:45:33.692	0.94005	0.94017			6
2025.03.04	01:45:38.932		0.94016			4
2025.03.04	01:45:39.810	0.93999	0.94011			6
2025.03.04	01:45:43.032	0.94000				2
2025.03.04	01:45:44.899	0.93999				2
2025.03.04	01:45:47.486	0.94000				2
2025.03.04	01:45:48.102	0.94002	0.94013			6
2025.03.04	01:45:48.715	0.94003				2
2025.03.04	01:45:49.019		0.94015			4
2025.03.04	01:45:49.379		0.94014			4
2025.03.04	01:45:49.767	0.94004				2
2025.03.04	01:45:52.604		0.94015			4
2025.03.04	01:45:57.743	0.94003	0.94013			6
2025.03.04	01:45:58.058	0.94002	0.94014			6
2025.03.04	01:45:58.491	0.94007	0.94018			6
2025.03.04	01:46:00.513	0.94007	0.94019			6
2025.03.04	01:46:00.825	0.94006	0.94017			6
2025.03.04	01:46:02.597		0.94016			4
2025.03.04	01:46:03.995		0.94017			4
2025.03.04	01:46:07.080	0.94010	0.94022			6
2025.03.04	01:46:07.960	0.94011	0.94023			6
2025.03.04	01:46:08.276	0.94013	0.94026			6
2025.03.04	01:46:08.586	0.94015	0.94025			6
2025.03.04	01:46:09.567		0.94026			4
2025.03.04	01:46:16.793	0.94010	0.94023			6
2025.03.04	01:46:17.106	0.94009	0.94022			6
2025.03.04	01:46:17.407	0.94008	0.94021			6
2025.03.04	01:46:18.197	0.94003	0.94017			6
2025.03.04	01:46:18.507		0.94016			4
2025.03.04	01:46:19.444		0.94015			4
2025.03.04	01:46:20.359	0.94001	0.94013			6
2025.03.04	01:46:21.631	0.94000	0.94012			6
2025.03.04	01:46:25.052	0.94003	0.94014			6
2025.03.04	01:46:27.009	0.94002	0.94013			6
2025.03.04	01:46:27.823		0.94014			4
2025.03.04	01:46:28.174		0.94013			4
2025.03.04	01:46:28.515	0.93999	0.94012			6
2025.03.04	01:46:29.636		0.94011			4
2025.03.04	01:46:35.928	0.94002	0.94013			6
2025.03.04	01:46:36.539		0.94014			4
2025.03.04	01:46:43.620		0.94015			4
2025.03.04	01:46:43.928		0.94014			4
2025.03.04	01:46:44.563	0.94001	0.94013			6
2025.03.04	01:46:47.430		0.94014			4
2025.03.04	01:46:47.818		0.94013			4
2025.03.04	01:46:49.052		0.94014			4
2025.03.04	01:46:49.484		0.94013			4
2025.03.04	01:46:54.704		0.94012			4
2025.03.04	01:46:56.609	0.94003	0.94014			6
2025.03.04	01:46:58.685	0.94006	0.94016			6
2025.03.04	01:46:58.986	0.94005	0.94015			6
2025.03.04	01:46:59.860	0.94004				2
2025.03.04	01:47:00.360	0.94002				2
2025.03.04	01:47:00.669		0.94013			4
2025.03.04	01:47:01.030	0.94004	0.94015			6
2025.03.04	01:47:09.949		0.94016			4
2025.03.04	01:47:10.314		0.94015			4
2025.03.04	01:47:15.264		0.94016			4
2025.03.04	01:47:15.629		0.94015			4
2025.03.04	01:47:18.474		0.94014			4
2025.03.04	01:47:20.374		0.94015			4
2025.03.04	01:47:21.234	0.94002	0.94013			6
2025.03.04	01:47:22.525		0.94015			4
2025.03.04	01:47:22.847		0.94013			4
2025.03.04	01:47:27.379	0.94000				2
2025.03.04	01:47:30.570	0.94001				2
2025.03.04	01:47:32.108		0.94014			4
2025.03.04	01:47:32.418	0.94000	0.94013			6
2025.03.04	01:47:35.662	0.93999	0.94012			6
2025.03.04	01:47:39.483	0.94000	0.94011			6
2025.03.04	01:47:40.898	0.93998	0.94008			6
2025.03.04	01:47:41.534	0.93993	0.94006			6
2025.03.04	01:47:42.354	0.93994				2
2025.03.04	01:47:45.543	0.93995				2
2025.03.04	01:47:48.076	0.93993	0.94005			6
2025.03.04	01:47:48.382	0.93995	0.94007			6
2025.03.04	01:47:49.934		0.94009			4
2025.03.04	01:47:50.301	0.94003	0.94015			6
2025.03.04	01:47:50.621	0.94001	0.94013			6
2025.03.04	01:47:50.925		0.94012			4
2025.03.04	01:47:51.597		0.94013			4
2025.03.04	01:48:00.274	0.94001				2
2025.03.04	01:48:00.989	0.94002				2
2025.03.04	01:48:01.923		0.94014			4
2025.03.04	01:48:02.597		0.94013			4
2025.03.04	01:48:04.405	0.94001				2
2025.03.04	01:48:04.759		0.94012			4
2025.03.04	01:48:05.062	0.94000				2
2025.03.04	01:48:05.373	0.93999				2
2025.03.04	01:48:06.326		0.94013			4
2025.03.04	01:48:07.347		0.94012			4
2025.03.04	01:48:09.502		0.94013			4
2025.03.04	01:48:09.840		0.94012			4
2025.03.04	01:48:10.576	0.93998	0.94013			6
2025.03.04	01:48:12.480	0.93999				2
2025.03.04	01:48:14.020	0.93998				2
2025.03.04	01:48:14.373	0.93999	0.94012			6
2025.03.04	01:48:14.704	0.93998	0.94013			6
2025.03.04	01:48:16.543	0.93999	0.94012			6
2025.03.04	01:48:16.846	0.93996	0.94009			6
2025.03.04	01:48:17.165	0.93997	0.94010			6
2025.03.04	01:48:18.024	0.93998				2
2025.03.04	01:48:18.940		0.94011			4
2025.03.04	01:48:39.218	0.93999				2
2025.03.04	01:48:39.966		0.94010			4
2025.03.04	01:48:40.349		0.94011			4
2025.03.04	01:48:40.666	0.93998				2
2025.03.04	01:48:41.596	0.93997	0.94010			6
2025.03.04	01:48:41.919	0.93998	0.94011			6
2025.03.04	01:48:43.288	0.93996	0.94009			6
2025.03.04	01:48:46.444		0.94008			4
2025.03.04	01:48:51.746		0.94009			4
2025.03.04	01:48:52.586	0.93995	0.94008			6
2025.03.04	01:48:53.828	0.93997	0.94009			6
2025.03.04	01:48:54.741		0.94010			4
2025.03.04	01:48:55.060		0.94009			4
2025.03.04	01:48:55.774		0.94010			4
2025.03.04	01:48:57.131		0.94009			4
2025.03.04	01:48:57.825		0.94010			4
2025.03.04	01:49:00.314	0.93999	0.94011			6
2025.03.04	01:49:01.371	0.93998				2
2025.03.04	01:49:05.746	0.94000	0.94012			6
2025.03.04	01:49:07.041		0.94013			4
2025.03.04	01:49:07.368		0.94012			4
2025.03.04	01:49:08.294		0.94013			4
2025.03.04	01:49:10.917	0.94002	0.94016			6
2025.03.04	01:49:23.593	0.93999	0.94012			6
2025.03.04	01:49:25.499	0.93997	0.94009			6
2025.03.04	01:49:31.697		0.94007			4
2025.03.04	01:49:32.343	0.93996				2
2025.03.04	01:49:33.504	0.93998	0.94009			6
2025.03.04	01:49:36.609	0.93996				2
2025.03.04	01:49:36.963		0.94007			4
2025.03.04	01:49:39.361		0.94008			4
2025.03.04	01:49:39.780	0.93997				2
2025.03.04	01:49:42.479	0.93996				2
2025.03.04	01:49:43.517	0.93997				2
2025.03.04	01:49:45.627	0.93993	0.94006			6
2025.03.04	01:49:46.660	0.93996	0.94008			6
2025.03.04	01:49:49.570	0.93994				2
2025.03.04	01:49:49.904	0.93996	0.94007			6
2025.03.04	01:49:50.208		0.94006			4
2025.03.04	01:49:50.600	0.93994				2
2025.03.04	01:49:50.941	0.93995				2
2025.03.04	01:49:53.597	0.93992	0.94005			6
2025.03.04	01:49:54.848	0.93990	0.94002			6
2025.03.04	01:49:57.478	0.93991	0.94004			6
2025.03.04	01:49:58.155	0.93993	0.94005			6
2025.03.04	01:49:59.825	0.93992	0.94004			6
2025.03.04	01:50:00.172	0.93992				2
2025.03.04	01:50:01.790		0.94005			4
2025.03.04	01:50:02.543	0.93993				2
2025.03.04	01:50:02.896		0.94006			4
2025.03.04	01:50:15.100	0.93995	0.94008			6
2025.03.04	01:50:18.057	0.93996	0.94009			6
2025.03.04	01:50:18.359	0.93998				2
2025.03.04	01:50:19.371	0.93999	0.94011			6
2025.03.04	01:50:21.616	0.93998	0.94010			6
2025.03.04	01:50:23.598	0.93997				2
2025.03.04	01:50:24.360	0.93994	0.94007			6
2025.03.04	01:50:28.704	0.93992	0.94005			6
2025.03.04	01:50:29.045	0.93993	0.94006			6
2025.03.04	01:50:33.472	0.93994				2
2025.03.04	01:50:34.663	0.93995	0.94007			6
2025.03.04	01:50:35.441	0.93993	0.94006			6
2025.03.04	01:50:36.123	0.93994	0.94007			6
2025.03.04	01:50:36.430	0.93995	0.94008			6
2025.03.04	01:50:37.842		0.94007			4
2025.03.04	01:50:38.306	0.93997	0.94010			6
2025.03.04	01:50:38.684		0.94009			4
2025.03.04	01:50:41.943	0.93998	0.94010			6
2025.03.04	01:50:45.048	0.93997	0.94009			6
2025.03.04	01:50:48.363	0.93995	0.94013			6
2025.03.04	01:50:48.665	0.93997	0.94012			6
2025.03.04	01:50:49.627	0.93998				2
2025.03.04	01:50:50.674	0.93999				2
2025.03.04	01:50:51.412	0.93998	0.94013			6
2025.03.04	01:50:53.799	0.94001				2
2025.03.04	01:50:54.719	0.94000				2
2025.03.04	01:50:55.821	0.93999				2
2025.03.04	01:50:59.901		0.94015			4
2025.03.04	01:51:00.273	0.93999				2
2025.03.04	01:51:00.652		0.94016			4
2025.03.04	01:51:01.019		0.94015			4
2025.03.04	01:51:03.031	0.94003	0.94016			6
2025.03.04	01:51:03.355	0.94004	0.94017			6
2025.03.04	01:51:07.909	0.94005	0.94018			6
2025.03.04	01:51:08.768	0.94006	0.94019			6
2025.03.04	01:51:09.773		0.94017			4
2025.03.04	01:51:10.317	0.94007				2
2025.03.04	01:51:16.833	0.94008	0.94018			6
2025.03.04	01:51:24.306	0.94007				2
2025.03.04	01:51:27.525	0.94010	0.94023			6
2025.03.04	01:51:27.833	0.94012	0.94024			6
2025.03.04	01:51:33.514	0.94014	0.94026			6
2025.03.04	01:51:34.069		0.94027			4
2025.03.04	01:51:35.034	0.94015				2
2025.03.04	01:51:43.079	0.94014				2
2025.03.04	01:51:44.288	0.94016				2
2025.03.04	01:51:44.603	0.94013	0.94025			6
2025.03.04	01:51:50.383	0.94010	0.94024			6
2025.03.04	01:51:51.269	0.94011				2
2025.03.04	01:51:54.239	0.94016	0.94027			6
2025.03.04	01:51:54.548	0.94015				2
2025.03.04	01:51:55.706		0.94028			4
2025.03.04	01:51:56.223	0.94019	0.94030			6
2025.03.04	01:51:57.949		0.94031			4
2025.03.04	01:51:59.170		0.94030			4
2025.03.04	01:51:59.988	0.94022	0.94033			6
2025.03.04	01:52:00.298	0.94021				2
2025.03.04	01:52:01.207	0.94020	0.94032			6
2025.03.04	01:52:01.544	0.94022	0.94031			6
2025.03.04	01:52:01.879	0.94020	0.94029			6
2025.03.04	01:52:02.759		0.94028			4
2025.03.04	01:52:03.088		0.94030			4
2025.03.04	01:52:03.802	0.94022	0.94033			6
2025.03.04	01:52:04.125	0.94018	0.94031			6
2025.03.04	01:52:04.818		0.94029			4
2025.03.04	01:52:06.667		0.94031			4
2025.03.04	01:52:07.058		0.94030			4
2025.03.04	01:52:07.764	0.94022	0.94032			6
2025.03.04	01:52:12.970	0.94021				2
2025.03.04	01:52:13.360	0.94026	0.94034			6
2025.03.04	01:52:13.901		0.94035			4
2025.03.04	01:52:19.618	0.94029	0.94040			6
2025.03.04	01:52:19.995	0.94028				2
2025.03.04	01:52:21.753	0.94029				2
2025.03.04	01:52:22.367	0.94030				2
2025.03.04	01:52:23.574		0.94041			4
2025.03.04	01:52:24.086	0.94029	0.94040			6
2025.03.04	01:52:25.053	0.94028				2
2025.03.04	01:52:26.284		0.94039			4
2025.03.04	01:52:30.336	0.94027				2
2025.03.04	01:52:30.646		0.94038			4
2025.03.04	01:52:31.067	0.94023	0.94035			6
2025.03.04	01:52:31.424	0.94022	0.94034			6
2025.03.04	01:52:32.354	0.94021				2
2025.03.04	01:52:32.667	0.94022	0.94033			6
2025.03.04	01:52:34.629	0.94023				2
2025.03.04	01:52:35.945	0.94022				2
2025.03.04	01:52:37.365		0.94034			4
2025.03.04	01:52:38.348	0.94024				2
2025.03.04	01:52:38.667		0.94035			4
2025.03.04	01:52:39.235	0.94025				2
2025.03.04	01:52:41.148	0.94024				2
2025.03.04	01:52:42.219	0.94025	0.94036			6
2025.03.04	01:52:42.541		0.94035			4
2025.03.04	01:52:44.152	0.94023	0.94034			6
2025.03.04	01:52:46.292	0.94019	0.94032			6
2025.03.04	01:52:46.696		0.94033			4
2025.03.04	01:52:47.011		0.94032			4
2025.03.04	01:52:47.370	0.94020				2
2025.03.04	01:52:47.701	0.94018	0.94029			6
2025.03.04	01:52:48.005	0.94014	0.94024			6
2025.03.04	01:52:49.006	0.94013	0.94023			6
2025.03.04	01:52:49.342	0.94011	0.94021			6
2025.03.04	01:52:49.815	0.94014	0.94024			6
2025.03.04	01:52:50.126	0.94016	0.94025			6
2025.03.04	01:52:50.464	0.94017	0.94027			6
2025.03.04	01:52:50.765	0.94013	0.94023			6
2025.03.04	01:52:51.068	0.94011				2
2025.03.04	01:52:53.081	0.94008	0.94019			6
2025.03.04	01:52:53.441	0.94006	0.94016			6
2025.03.04	01:52:53.746	0.94007	0.94017			6
2025.03.04	01:52:54.309	0.94005	0.94016			6
2025.03.04	01:52:54.765	0.94003	0.94014			6
2025.03.04	01:52:55.103	0.94002	0.94013			6
2025.03.04	01:52:55.464	0.94004	0.94014			6
2025.03.04	01:52:55.778	0.94003				2
2025.03.04	01:52:56.650	0.94004				2
2025.03.04	01:52:57.681	0.94005	0.94016			6
2025.03.04	01:52:58.029	0.94004	0.94015			6
2025.03.04	01:52:59.827	0.94005	0.94016			6
2025.03.04	01:53:00.234	0.94005				2
2025.03.04	01:53:00.560	0.94004				2
2025.03.04	01:53:01.409		0.94015			4
2025.03.04	01:53:02.697		0.94016			4
2025.03.04	01:53:03.248	0.94005				2
2025.03.04	01:53:04.368	0.94006				2
2025.03.04	01:53:05.586	0.94007				2
2025.03.04	01:53:06.358	0.94008	0.94017			6
2025.03.04	01:53:06.687	0.94007				2
2025.03.04	01:53:09.131		0.94018			4
2025.03.04	01:53:10.932		0.94017			4
2025.03.04	01:53:11.285		0.94018			4
2025.03.04	01:53:11.612		0.94017			4
2025.03.04	01:53:12.049	0.94006	0.94018			6
2025.03.04	01:53:13.702		0.94016			4
2025.03.04	01:53:14.323	0.94008	0.94018			6
2025.03.04	01:53:14.662	0.94010	0.94020			6
2025.03.04	01:53:15.198	0.94007	0.94018			6
2025.03.04	01:53:21.646	0.94008	0.94020			6
2025.03.04	01:53:22.750		0.94021			4
2025.03.04	01:53:23.201		0.94019			4
2025.03.04	01:53:23.507		0.94020			4
2025.03.04	01:53:24.352	0.94009				2
2025.03.04	01:53:26.404	0.94008				2
2025.03.04	01:53:27.048	0.94009				2
2025.03.04	01:53:27.746		0.94021			4
2025.03.04	01:53:28.698	0.94008	0.94020			6
2025.03.04	01:53:29.047	0.94009				2
2025.03.04	01:53:29.394	0.94008				2
2025.03.04	01:53:29.749	0.94009	0.94021			6
2025.03.04	01:53:30.349		0.94020			4
2025.03.04	01:53:31.370		0.94021			4
2025.03.04	01:53:32.788	0.94008	0.94020			6
2025.03.04	01:53:33.622	0.94009	0.94021			6
2025.03.04	01:53:35.554	0.94010				2
2025.03.04	01:53:39.505		0.94022			4
2025.03.04	01:53:41.056		0.94021			4
2025.03.04	01:53:44.724		0.94020			4
2025.03.04	01:53:45.668		0.94019			4
2025.03.04	01:53:46.092		0.94020			4
2025.03.04	01:53:48.143	0.94011	0.94021			6
2025.03.04	01:53:49.501		0.94022			4
2025.03.04	01:53:49.909		0.94021			4
2025.03.04	01:53:51.929		0.94022			4
2025.03.04	01:53:52.397		0.94021			4
2025.03.04	01:53:53.572		0.94022			4
2025.03.04	01:53:53.897		0.94021			4
2025.03.04	01:53:55.703		0.94022			4
2025.03.04	01:53:57.360	0.94013	0.94023			6
2025.03.04	01:54:00.019	0.94013				2
2025.03.04	01:54:01.596	0.94012				2
2025.03.04	01:54:01.906	0.94011				2
2025.03.04	01:54:02.210	0.94012	0.94022			6
2025.03.04	01:54:03.228		0.94023			4
2025.03.04	01:54:05.851	0.94013				2
2025.03.04	01:54:06.894	0.94012				2
2025.03.04	01:54:07.241	0.94013				2
2025.03.04	01:54:08.992	0.94014				2
2025.03.04	01:54:10.130	0.94013				2
2025.03.04	01:54:14.776	0.94011				2
2025.03.04	01:54:18.198	0.94009	0.94021			6
2025.03.04	01:54:18.511		0.94020			4
2025.03.04	01:54:20.240		0.94021			4
2025.03.04	01:54:20.580		0.94020			4
2025.03.04	01:54:21.417		0.94021			4
2025.03.04	01:54:23.511		0.94020			4
2025.03.04	01:54:25.243	0.94011	0.94022			6
2025.03.04	01:54:25.624	0.94012	0.94023			6
2025.03.04	01:54:26.297		0.94022			4
2025.03.04	01:54:28.743	0.94013	0.94023			6
2025.03.04	01:54:30.145		0.94022			4
2025.03.04	01:54:31.664		0.94023			4
2025.03.04	01:54:37.988	0.94014	0.94024			6
2025.03.04	01:54:38.306		0.94025			4
2025.03.04	01:54:39.273		0.94026			4
2025.03.04	01:54:39.609		0.94025			4
2025.03.04	01:54:42.754		0.94024			4
2025.03.04	01:54:44.790	0.94017	0.94029			6
2025.03.04	01:54:45.164	0.94014	0.94027			6
2025.03.04	01:54:46.251	0.94018	0.94028			6
2025.03.04	01:54:51.207	0.94017				2
2025.03.04	01:55:00.906	0.94016	0.94027			6
2025.03.04	01:55:01.224	0.94015	0.94026			6
2025.03.04	01:55:01.554	0.94014				2
2025.03.04	01:55:05.513		0.94025			4
2025.03.04	01:55:06.152		0.94026			4
2025.03.04	01:55:07.160	0.94015				2
2025.03.04	01:55:11.034	0.94014				2
2025.03.04	01:55:11.994	0.94015				2
2025.03.04	01:55:15.871	0.94014	0.94025			6
2025.03.04	01:55:16.566		0.94026			4
2025.03.04	01:55:17.199	0.94015	0.94025			6
2025.03.04	01:55:17.597		0.94026			4
2025.03.04	01:55:18.242		0.94025			4
2025.03.04	01:55:18.636	0.94013	0.94024			6
2025.03.04	01:55:22.152	0.94014	0.94025			6
2025.03.04	01:55:22.504	0.94013				2
2025.03.04	01:55:24.475		0.94024			4
2025.03.04	01:55:28.541	0.94012	0.94025			6
2025.03.04	01:55:30.366	0.94013	0.94024			6
2025.03.04	01:55:30.868	0.94014	0.94026			6
2025.03.04	01:55:31.226	0.94015				2
2025.03.04	01:55:31.545	0.94014	0.94025			6
2025.03.04	01:55:31.928	0.94015	0.94026			6
2025.03.04	01:55:32.456	0.94014				2
2025.03.04	01:55:33.325	0.94013	0.94025			6
2025.03.04	01:55:33.799	0.94014				2
2025.03.04	01:55:34.165	0.94013				2
2025.03.04	01:55:34.717	0.94014	0.94026			6
2025.03.04	01:55:35.039		0.94025			4
2025.03.04	01:55:35.346	0.94015	0.94026			6
2025.03.04	01:55:36.032	0.94013	0.94025			6
2025.03.04	01:55:38.335	0.94015				2
2025.03.04	01:55:39.063	0.94014	0.94027			6
2025.03.04	01:55:40.170		0.94026			4
2025.03.04	01:55:41.328	0.94015				2
2025.03.04	01:55:41.990	0.94014				2
2025.03.04	01:55:42.606		0.94027			4
2025.03.04	01:55:44.146		0.94026			4
2025.03.04	01:55:44.775		0.94027			4
2025.03.04	01:55:45.607	0.94016	0.94028			6
2025.03.04	01:55:46.699		0.94027			4
2025.03.04	01:55:47.756		0.94028			4
2025.03.04	01:55:48.067	0.94014	0.94027			6
2025.03.04	01:55:50.727	0.94015	0.94026			6
2025.03.04	01:55:54.767	0.94017	0.94028			6
2025.03.04	01:55:56.016	0.94016	0.94029			6
2025.03.04	01:55:56.369		0.94028			4
2025.03.04	01:55:59.743	0.94015	0.94026			6
2025.03.04	01:56:00.046	0.94015				2
2025.03.04	01:56:00.378		0.94027			4
2025.03.04	01:56:01.964		0.94028			4
2025.03.04	01:56:02.574		0.94027			4
2025.03.04	01:56:03.595	0.94016				2
2025.03.04	01:56:05.652	0.94017	0.94029			6
2025.03.04	01:56:07.951	0.94018				2
2025.03.04	01:56:08.571	0.94017	0.94028			6
2025.03.04	01:56:08.884	0.94016	0.94029			6
2025.03.04	01:56:09.253	0.94017	0.94028			6
2025.03.04	01:56:10.679	0.94015	0.94027			6
2025.03.04	01:56:12.178	0.94016	0.94029			6
2025.03.04	01:56:12.543		0.94028			4
2025.03.04	01:56:16.305		0.94029			4
2025.03.04	01:56:17.398	0.94015	0.94028			6
2025.03.04	01:56:18.004	0.94017				2
2025.03.04	01:56:18.307		0.94029			4
2025.03.04	01:56:22.748	0.94015	0.94027			6
2025.03.04	01:56:23.498	0.94017	0.94028			6
2025.03.04	01:56:25.739	0.94016				2
2025.03.04	01:56:27.166	0.94017	0.94029			6
2025.03.04	01:56:32.906		0.94030			4
2025.03.04	01:56:33.618	0.94019	0.94031			6
2025.03.04	01:56:36.248	0.94018				2
2025.03.04	01:56:37.366		0.94030			4
2025.03.04	01:56:42.822	0.94019	0.94031			6
2025.03.04	01:56:46.598	0.94018	0.94029			6
2025.03.04	01:56:54.810	0.94019				2
2025.03.04	01:56:58.997	0.94018				2
2025.03.04	01:57:00.534	0.94018				2
2025.03.04	01:57:01.249	0.94014	0.94023			6
2025.03.04	01:57:01.572		0.94025			4
2025.03.04	01:57:02.048	0.94013				2
2025.03.04	01:57:03.945	0.94014				2
2025.03.04	01:57:04.264	0.94013				2
2025.03.04	01:57:04.956	0.94016	0.94027			6
2025.03.04	01:57:05.308	0.94017				2
2025.03.04	01:57:06.364		0.94028			4
2025.03.04	01:57:10.457	0.94018				2
2025.03.04	01:57:11.355	0.94017				2
2025.03.04	01:57:11.740	0.94016				2
2025.03.04	01:57:12.267		0.94027			4
2025.03.04	01:57:12.570	0.94018	0.94028			6
2025.03.04	01:57:12.993	0.94019				2
2025.03.04	01:57:13.356	0.94022	0.94033			6
2025.03.04	01:57:14.177	0.94023				2
2025.03.04	01:57:15.479	0.94021	0.94032			6
2025.03.04	01:57:17.461	0.94022				2
2025.03.04	01:57:18.405	0.94020				2
2025.03.04	01:57:19.349		0.94031			4
2025.03.04	01:57:20.756	0.94021	0.94032			6
2025.03.04	01:57:21.611	0.94022				2
2025.03.04	01:57:24.701		0.94033			4
2025.03.04	01:57:27.987	0.94023				2
2025.03.04	01:57:28.973	0.94022				2
2025.03.04	01:57:29.382	0.94023				2
2025.03.04	01:57:29.809	0.94022				2
2025.03.04	01:57:30.205	0.94024				2
2025.03.04	01:57:30.531		0.94035			4
2025.03.04	01:57:35.985	0.94023				2
2025.03.04	01:57:37.258	0.94024				2
2025.03.04	01:57:43.798	0.94025				2
2025.03.04	01:57:44.132	0.94026	0.94037			6
2025.03.04	01:57:45.097	0.94025	0.94036			6
2025.03.04	01:57:46.233	0.94024				2
2025.03.04	01:57:48.594	0.94023	0.94034			6
2025.03.04	01:57:50.286	0.94025	0.94036			6
2025.03.04	01:57:50.658		0.94035			4
2025.03.04	01:57:51.079	0.94022	0.94034			6
2025.03.04	01:57:51.565	0.94024	0.94035			6
2025.03.04	01:57:52.158		0.94036			4
2025.03.04	01:57:55.387	0.94025				2
2025.03.04	01:58:00.205	0.94025				2
2025.03.04	01:58:00.884	0.94026				2
2025.03.04	01:58:01.689		0.94037			4
2025.03.04	01:58:04.789	0.94025				2
2025.03.04	01:58:06.923	0.94022	0.94033			6
2025.03.04	01:58:07.253	0.94023				2
2025.03.04	01:58:14.755	0.94024	0.94035			6
2025.03.04	01:58:16.248		0.94036			4
2025.03.04	01:58:16.584		0.94035			4
2025.03.04	01:58:19.380	0.94025				2
2025.03.04	01:58:21.848		0.94036			4
2025.03.04	01:58:23.692	0.94026				2
2025.03.04	01:58:25.543		0.94037			4
2025.03.04	01:58:32.407	0.94027				2
2025.03.04	01:58:34.271	0.94026				2
2025.03.04	01:58:40.258	0.94025				2
2025.03.04	01:58:40.961	0.94028	0.94038			6
2025.03.04	01:58:44.271	0.94027				2
2025.03.04	01:58:49.394	0.94026				2
2025.03.04	01:58:50.335		0.94037			4
2025.03.04	01:58:52.575		0.94038			4
2025.03.04	01:58:58.029		0.94037			4
2025.03.04	01:58:58.617		0.94038			4
2025.03.04	01:59:00.286	0.94028				2
2025.03.04	01:59:00.624	0.94031	0.94043			6
2025.03.04	01:59:01.552	0.94032				2
2025.03.04	01:59:01.862		0.94042			4
2025.03.04	01:59:02.473	0.94034	0.94045			6
2025.03.04	01:59:03.449	0.94035	0.94046			6
2025.03.04	01:59:05.375		0.94047			4
2025.03.04	01:59:06.118	0.94037	0.94048			6
2025.03.04	01:59:07.125	0.94038				2
2025.03.04	01:59:10.411	0.94039	0.94050			6
2025.03.04	01:59:10.727	0.94038	0.94049			6
2025.03.04	01:59:11.454	0.94040				2
2025.03.04	01:59:15.732	0.94038				2
2025.03.04	01:59:18.046	0.94040	0.94051			6
2025.03.04	01:59:18.373	0.94038	0.94049			6
2025.03.04	01:59:18.883	0.94040				2
2025.03.04	01:59:19.920		0.94051			4
2025.03.04	01:59:20.356	0.94038	0.94050			6
2025.03.04	01:59:20.691		0.94048			4
2025.03.04	01:59:30.521	0.94037				2
2025.03.04	01:59:32.001	0.94035	0.94047			6
2025.03.04	01:59:33.127		0.94045			4
2025.03.04	01:59:34.140	0.94034	0.94046			6
2025.03.04	01:59:36.158	0.94033	0.94044			6
2025.03.04	01:59:39.959	0.94032				2
2025.03.04	01:59:44.843	0.94031				2
2025.03.04	01:59:46.947	0.94032	0.94043			6
2025.03.04	01:59:48.607	0.94030				2
2025.03.04	01:59:48.912	0.94032				2
2025.03.04	01:59:52.301	0.94033	0.94044			6
2025.03.04	01:59:54.262	0.94034				2
2025.03.04	01:59:55.059		0.94045			4
2025.03.04	01:59:55.998	0.94033				2
2025.03.04	01:59:58.630	0.94035				2
2025.03.04	02:00:00.047	0.94035				2
2025.03.04	02:00:00.376	0.94034				2
2025.03.04	02:00:00.682	0.94035	0.94046			6
2025.03.04	02:00:01.056		0.94045			4
2025.03.04	02:00:01.408		0.94046			4
2025.03.04	02:00:02.649	0.94034				2
2025.03.04	02:00:03.847		0.94047			4
2025.03.04	02:00:04.148	0.94035				2
2025.03.04	02:00:05.162		0.94045			4
2025.03.04	02:00:05.875	0.94034	0.94046			6
2025.03.04	02:00:06.223	0.94037	0.94048			6
2025.03.04	02:00:06.557		0.94050			4
2025.03.04	02:00:06.872		0.94048			4
2025.03.04	02:00:07.548	0.94036	0.94049			6
2025.03.04	02:00:08.721	0.94037				2
2025.03.04	02:00:09.027	0.94036	0.94048			6
2025.03.04	02:00:09.360	0.94037	0.94050			6
2025.03.04	02:00:10.026	0.94038				2
2025.03.04	02:00:10.463	0.94037				2
2025.03.04	02:00:12.205	0.94038				2
2025.03.04	02:00:13.305		0.94051			4
2025.03.04	02:00:14.189	0.94039				2
2025.03.04	02:00:14.599	0.94038				2
2025.03.04	02:00:14.975	0.94040	0.94053			6
2025.03.04	02:00:15.285	0.94041				2
2025.03.04	02:00:15.600	0.94042				2
2025.03.04	02:00:16.056	0.94044	0.94054			6
2025.03.04	02:00:16.371	0.94043				2
2025.03.04	02:00:16.676	0.94044				2
2025.03.04	02:00:16.985		0.94056			4
2025.03.04	02:00:18.544	0.94039	0.94047			6
2025.03.04	02:00:19.174	0.94036				2
2025.03.04	02:00:21.728	0.94037				2
2025.03.04	02:00:23.177	0.94036	0.94045			6
2025.03.04	02:00:25.460		0.94043			4
2025.03.04	02:00:25.998	0.94035				2
2025.03.04	02:00:26.352		0.94044			4
2025.03.04	02:00:26.653		0.94043			4
2025.03.04	02:00:27.362	0.94038	0.94048			6
2025.03.04	02:00:30.520	0.94040	0.94050			6
2025.03.04	02:00:32.774		0.94052			4
2025.03.04	02:00:33.087	0.94042				2
2025.03.04	02:00:33.444	0.94043				2
2025.03.04	02:00:33.784	0.94042				2
2025.03.04	02:00:35.774	0.94039				2
2025.03.04	02:00:36.085	0.94041				2
2025.03.04	02:00:36.386	0.94043	0.94053			6
2025.03.04	02:00:36.705	0.94047	0.94056			6
2025.03.04	02:00:37.117		0.94057			4
2025.03.04	02:00:38.684		0.94056			4
2025.03.04	02:00:39.037		0.94057			4
2025.03.04	02:00:39.549	0.94042	0.94052			6
2025.03.04	02:00:39.866	0.94045	0.94055			6
2025.03.04	02:00:40.592	0.94044	0.94054			6
2025.03.04	02:00:40.899	0.94045	0.94055			6
2025.03.04	02:00:44.296	0.94044	0.94053			6
2025.03.04	02:00:45.575	0.94046	0.94058			6
2025.03.04	02:00:45.886	0.94043	0.94054			6
2025.03.04	02:00:46.191	0.94044	0.94055			6
2025.03.04	02:00:46.591	0.94045				2
2025.03.04	02:00:47.427	0.94043	0.94052			6
2025.03.04	02:00:47.756	0.94041	0.94050			6
2025.03.04	02:00:48.067	0.94042	0.94053			6
2025.03.04	02:00:48.373	0.94040				2
2025.03.04	02:00:49.368		0.94052			4
2025.03.04	02:00:49.700	0.94041	0.94053			6
2025.03.04	02:00:50.317	0.94043				2
2025.03.04	02:00:50.622	0.94044				2
2025.03.04	02:00:50.926	0.94045	0.94057			6
2025.03.04	02:00:51.936	0.94046	0.94055			6
2025.03.04	02:00:52.647	0.94045				2
2025.03.04	02:00:54.117	0.94044				2
2025.03.04	02:00:55.632	0.94042	0.94052			6
2025.03.04	02:00:58.048		0.94051			4
2025.03.04	02:00:58.454	0.94041	0.94050			6
2025.03.04	02:01:00.068	0.94040	0.94049			6
2025.03.04	02:01:00.387		0.94048			4
2025.03.04	02:01:00.706	0.94039				2
2025.03.04	02:01:01.324	0.94040				2
2025.03.04	02:01:02.176	0.94036	0.94044			6
2025.03.04	02:01:02.485	0.94035	0.94045			6
2025.03.04	02:01:02.787		0.94043			4
2025.03.04	02:01:05.240		0.94044			4
2025.03.04	02:01:09.646		0.94045			4
2025.03.04	02:01:11.299		0.94044			4
2025.03.04	02:01:13.293		0.94045			4
2025.03.04	02:01:15.828	0.94038	0.94048			6
2025.03.04	02:01:18.027		0.94047			4
2025.03.04	02:01:20.917	0.94036	0.94046			6
2025.03.04	02:01:24.213	0.94037				2
2025.03.04	02:01:25.750	0.94036				2
2025.03.04	02:01:26.686	0.94035	0.94045			6
2025.03.04	02:01:31.169	0.94034	0.94043			6
2025.03.04	02:01:32.433	0.94033				2
2025.03.04	02:01:34.848	0.94034				2
2025.03.04	02:01:37.608		0.94042			4
2025.03.04	02:01:38.389	0.94033				2
2025.03.04	02:01:40.447	0.94030	0.94039			6
2025.03.04	02:01:41.203	0.94028				2
2025.03.04	02:01:43.020		0.94040			4
2025.03.04	02:01:43.688	0.94030				2
2025.03.04	02:01:44.157		0.94039			4
2025.03.04	02:01:44.967		0.94038			4
2025.03.04	02:01:45.288		0.94039			4
2025.03.04	02:01:46.937		0.94038			4
2025.03.04	02:01:47.915	0.94029	0.94039			6
2025.03.04	02:01:51.409	0.94030				2
2025.03.04	02:01:52.114	0.94028	0.94040			6
2025.03.04	02:01:52.476	0.94030				2
2025.03.04	02:01:56.844		0.94039			4
2025.03.04	02:01:58.501		0.94040			4
2025.03.04	02:02:00.311	0.94030				2
2025.03.04	02:02:00.799	0.94029				2
2025.03.04	02:02:01.944	0.94031				2
2025.03.04	02:02:03.658	0.94029				2
2025.03.04	02:02:05.202	0.94030	0.94041			6
2025.03.04	02:02:05.896		0.94043			4
2025.03.04	02:02:08.328	0.94029	0.94040			6
2025.03.04	02:02:10.347	0.94028				2
2025.03.04	02:02:10.659		0.94041			4
2025.03.04	02:02:12.558	0.94030				2
2025.03.04	02:02:18.432	0.94029	0.94039			6
