<DATE>	<TIME>	<BID>	<ASK>	<LAST>	<VOLUME>	<FLAGS>
2025.04.01	00:03:30.417	0.95563	0.95769			6
2025.04.01	00:04:01.486	0.95563				2
2025.04.01	00:04:40.611		0.95769			4
2025.04.01	00:04:49.651	0.95561				2
2025.04.01	00:04:56.414	0.95575	0.95755			6
2025.04.01	00:05:05.325	0.95575				2
2025.04.01	00:05:58.354		0.95755			4
2025.04.01	00:06:00.361	0.95575				2
2025.04.01	00:06:24.249	0.95580	0.95750			6
2025.04.01	00:07:01.142	0.95580				2
2025.04.01	00:07:17.682	0.95578	0.95742			6
2025.04.01	00:07:21.778	0.95581				2
2025.04.01	00:07:25.461		0.95741			4
2025.04.01	00:08:06.036	0.95581				2
2025.04.01	00:08:26.316		0.95741			4
2025.04.01	00:09:01.486	0.95581				2
2025.04.01	00:09:07.487	0.95591				2
2025.04.01	00:09:08.519	0.95581				2
2025.04.01	00:09:08.968	0.95591				2
2025.04.01	00:09:26.828		0.95741			4
2025.04.01	00:09:36.616		0.95746			4
2025.04.01	00:09:38.686	0.95590				2
2025.04.01	00:09:49.177	0.95599				2
2025.04.01	00:09:50.244	0.95602				2
2025.04.01	00:10:00.225	0.95643				2
2025.04.01	00:10:01.180	0.95641				2
2025.04.01	00:10:08.507	0.95642				2
2025.04.01	00:10:11.221	0.95633	0.95754			6
2025.04.01	00:10:20.655	0.95632	0.95753			6
2025.04.01	00:11:00.084	0.95632				2
2025.04.01	00:11:17.677		0.95746			4
2025.04.01	00:11:18.766	0.95639	0.95747			6
2025.04.01	00:11:19.877	0.95632	0.95753			6
2025.04.01	00:11:20.505	0.95639	0.95747			6
2025.04.01	00:11:26.784	0.95632	0.95753			6
2025.04.01	00:11:27.421	0.95639	0.95747			6
2025.04.01	00:11:33.201	0.95632	0.95753			6
2025.04.01	00:11:34.137	0.95639	0.95747			6
2025.04.01	00:11:36.741	0.95642	0.95748			6
2025.04.01	00:11:40.151	0.95635	0.95756			6
2025.04.01	00:11:40.760	0.95642	0.95748			6
2025.04.01	00:11:46.858	0.95635	0.95756			6
2025.04.01	00:11:47.476	0.95642	0.95748			6
2025.04.01	00:11:53.638		0.95751			4
2025.04.01	00:11:55.122		0.95755			4
2025.04.01	00:12:01.036	0.95642	0.95758			6
2025.04.01	00:12:04.505	0.95641				2
2025.04.01	00:12:08.499	0.95642				2
2025.04.01	00:12:10.103	0.95641				2
2025.04.01	00:12:15.539	0.95644	0.95763			6
2025.04.01	00:12:19.370	0.95647				2
2025.04.01	00:12:23.620	0.95648				2
2025.04.01	00:12:40.482	0.95649	0.95766			6
2025.04.01	00:12:40.998	0.95650				2
2025.04.01	00:12:46.592	0.95647	0.95763			6
2025.04.01	00:13:00.612	0.95647				2
2025.04.01	00:13:45.045	0.95646				2
2025.04.01	00:13:46.015	0.95625	0.95757			6
2025.04.01	00:13:47.051		0.95756			4
2025.04.01	00:13:51.929	0.95628	0.95757			6
2025.04.01	00:14:00.274	0.95628				2
2025.04.01	00:14:34.555	0.95627				2
2025.04.01	00:14:37.695	0.95628				2
2025.04.01	00:14:46.590	0.95632	0.95761			6
2025.04.01	00:14:48.167	0.95633	0.95762			6
2025.04.01	00:14:56.766	0.95632	0.95761			6
2025.04.01	00:15:00.310	0.95632				2
2025.04.01	00:15:10.890	0.95628	0.95757			6
2025.04.01	00:15:11.781	0.95627	0.95756			6
2025.04.01	00:15:26.369	0.95625	0.95754			6
2025.04.01	00:15:32.948		0.95753			4
2025.04.01	00:15:43.869	0.95624				2
2025.04.01	00:15:53.571	0.95625	0.95752			6
2025.04.01	00:15:54.067	0.95621	0.95749			6
2025.04.01	00:15:54.797	0.95620	0.95748			6
2025.04.01	00:16:01.946	0.95620				2
2025.04.01	00:16:04.996	0.95621				2
2025.04.01	00:16:06.750		0.95749			4
2025.04.01	00:16:07.394	0.95620	0.95748			6
2025.04.01	00:16:17.005	0.95621				2
2025.04.01	00:16:33.365		0.95747			4
2025.04.01	00:16:33.867	0.95625	0.95751			6
2025.04.01	00:16:35.867	0.95624				2
2025.04.01	00:16:40.698	0.95625				2
2025.04.01	00:16:42.329	0.95634	0.95763			6
2025.04.01	00:16:42.699		0.95764			4
2025.04.01	00:16:44.296		0.95763			4
2025.04.01	00:16:44.827	0.95635				2
2025.04.01	00:16:45.796		0.95762			4
2025.04.01	00:16:46.819	0.95636				2
2025.04.01	00:16:47.813	0.95635				2
2025.04.01	00:16:49.395	0.95636				2
2025.04.01	00:16:51.168	0.95635				2
2025.04.01	00:16:52.870	0.95633	0.95765			6
2025.04.01	00:16:57.116	0.95632				2
2025.04.01	00:17:00.973	0.95632				2
2025.04.01	00:17:03.497		0.95766			4
2025.04.01	00:17:28.101	0.95631	0.95767			6
2025.04.01	00:17:48.309	0.95629	0.95762			6
2025.04.01	00:17:48.796		0.95761			4
2025.04.01	00:17:53.897		0.95760			4
2025.04.01	00:17:56.905		0.95761			4
2025.04.01	00:18:00.024	0.95629				2
2025.04.01	00:18:01.096	0.95628	0.95760			6
2025.04.01	00:18:13.096		0.95761			4
2025.04.01	00:18:15.907	0.95626	0.95757			6
2025.04.01	00:18:16.348	0.95625	0.95754			6
2025.04.01	00:18:18.496		0.95755			4
2025.04.01	00:18:21.976	0.95626				2
2025.04.01	00:18:27.337	0.95625				2
2025.04.01	00:18:29.156		0.95758			4
2025.04.01	00:19:01.066	0.95627	0.95761			6
2025.04.01	00:19:01.395		0.95764			4
2025.04.01	00:19:02.817		0.95765			4
2025.04.01	00:19:07.330		0.95763			4
2025.04.01	00:19:39.196		0.95764			4
2025.04.01	00:20:00.497	0.95627				2
2025.04.01	00:20:01.401		0.95766			4
2025.04.01	00:20:01.984	0.95625	0.95767			6
2025.04.01	00:20:07.698		0.95766			4
2025.04.01	00:20:14.600		0.95767			4
2025.04.01	00:20:46.997	0.95626	0.95766			6
2025.04.01	00:21:00.163	0.95626				2
2025.04.01	00:21:13.706		0.95765			4
2025.04.01	00:21:14.134		0.95766			4
2025.04.01	00:21:35.432		0.95767			4
2025.04.01	00:21:49.695	0.95625				2
2025.04.01	00:22:01.022	0.95625				2
2025.04.01	00:22:06.260	0.95626				2
2025.04.01	00:22:36.797		0.95767			4
2025.04.01	00:22:46.697	0.95625	0.95768			6
2025.04.01	00:23:06.392	0.95625				2
2025.04.01	00:23:28.036	0.95631	0.95762			6
2025.04.01	00:24:00.197	0.95631				2
2025.04.01	00:24:29.297		0.95762			4
2025.04.01	00:25:00.313	0.95631				2
2025.04.01	00:25:09.804	0.95630				2
2025.04.01	00:25:10.997		0.95763			4
2025.04.01	00:25:19.321	0.95632	0.95771			6
2025.04.01	00:25:19.847	0.95633	0.95770			6
2025.04.01	00:25:22.096	0.95634	0.95769			6
2025.04.01	00:25:56.297	0.95633	0.95770			6
2025.04.01	00:26:00.616	0.95633				2
2025.04.01	00:26:01.026	0.95634	0.95769			6
2025.04.01	00:26:04.167	0.95637	0.95779			6
2025.04.01	00:26:05.847	0.95636				2
2025.04.01	00:26:06.416		0.95763			4
2025.04.01	00:26:24.800	0.95637				2
2025.04.01	00:26:39.114		0.95760			4
2025.04.01	00:26:39.688	0.95629				2
2025.04.01	00:26:45.459		0.95766			4
2025.04.01	00:27:01.488	0.95629				2
2025.04.01	00:27:20.967	0.95635	0.95774			6
2025.04.01	00:27:22.335		0.95773			4
2025.04.01	00:27:25.404		0.95767			4
2025.04.01	00:27:43.854	0.95629	0.95753			6
2025.04.01	00:27:45.992	0.95635	0.95767			6
2025.04.01	00:27:57.494	0.95634				2
2025.04.01	00:28:00.466	0.95634				2
2025.04.01	00:28:02.670	0.95636	0.95776			6
2025.04.01	00:28:15.522		0.95772			4
2025.04.01	00:28:37.157	0.95614	0.95754			6
2025.04.01	00:28:38.360	0.95615	0.95753			6
2025.04.01	00:28:39.918		0.95751			4
2025.04.01	00:28:48.250	0.95616				2
2025.04.01	00:29:00.373	0.95616				2
2025.04.01	00:29:08.354	0.95615				2
2025.04.01	00:29:36.796	0.95616				2
2025.04.01	00:29:39.171		0.95749			4
2025.04.01	00:30:00.378	0.95616				2
2025.04.01	00:30:18.119		0.95750			4
2025.04.01	00:30:22.692	0.95582	0.95701			6
2025.04.01	00:30:35.388	0.95597				2
2025.04.01	00:30:36.340		0.95690			4
2025.04.01	00:30:43.264		0.95696			4
2025.04.01	00:30:48.984	0.95591	0.95680			6
2025.04.01	00:30:51.416		0.95683			4
2025.04.01	00:30:53.309	0.95590				2
2025.04.01	00:30:59.598		0.95679			4
2025.04.01	00:31:00.046	0.95590				2
2025.04.01	00:31:04.102		0.95685			4
2025.04.01	00:31:53.395	0.95589				2
2025.04.01	00:32:00.853	0.95589				2
2025.04.01	00:32:04.701		0.95685			4
2025.04.01	00:32:26.356		0.95692			4
2025.04.01	00:32:30.466	0.95574	0.95695			6
2025.04.01	00:32:30.871	0.95563	0.95694			6
2025.04.01	00:32:32.781	0.95601	0.95701			6
2025.04.01	00:32:41.903	0.95602				2
2025.04.01	00:32:50.596	0.95605				2
2025.04.01	00:33:00.195	0.95605				2
2025.04.01	00:33:15.884	0.95602				2
2025.04.01	00:33:17.296	0.95604				2
2025.04.01	00:33:18.497	0.95605				2
2025.04.01	00:33:26.597	0.95606				2
2025.04.01	00:33:29.923	0.95605				2
2025.04.01	00:33:33.206	0.95606	0.95701			6
2025.04.01	00:34:01.489	0.95606				2
2025.04.01	00:34:04.396	0.95607				2
2025.04.01	00:34:22.436	0.95605	0.95695			6
2025.04.01	00:34:22.944		0.95701			4
2025.04.01	00:34:23.900	0.95604				2
2025.04.01	00:34:27.797	0.95605				2
2025.04.01	00:34:43.289	0.95607	0.95700			6
2025.04.01	00:34:43.587	0.95608	0.95701			6
2025.04.01	00:34:51.531	0.95605				2
2025.04.01	00:34:55.925	0.95606				2
2025.04.01	00:35:00.397	0.95606				2
2025.04.01	00:35:00.798	0.95605				2
2025.04.01	00:35:06.522	0.95606				2
2025.04.01	00:35:13.486	0.95591				2
2025.04.01	00:35:13.796	0.95592				2
2025.04.01	00:35:17.106	0.95591				2
2025.04.01	00:35:17.951		0.95700			4
2025.04.01	00:35:22.703	0.95589				2
2025.04.01	00:35:31.824	0.95588				2
2025.04.01	00:35:32.240	0.95591				2
2025.04.01	00:35:35.560	0.95592				2
2025.04.01	00:35:42.197	0.95591				2
2025.04.01	00:35:43.936	0.95590				2
2025.04.01	00:36:00.798	0.95590				2
2025.04.01	00:36:19.697		0.95700			4
2025.04.01	00:37:01.451	0.95590				2
2025.04.01	00:37:20.315		0.95700			4
2025.04.01	00:37:36.741	0.95595				2
2025.04.01	00:37:39.798	0.95596				2
2025.04.01	00:37:42.912	0.95592	0.95701			6
2025.04.01	00:37:43.322	0.95588				2
2025.04.01	00:37:43.704	0.95587				2
2025.04.01	00:37:44.348	0.95586				2
2025.04.01	00:38:00.300	0.95592				2
2025.04.01	00:38:01.017	0.95594				2
2025.04.01	00:38:24.747	0.95593				2
2025.04.01	00:38:32.606	0.95596				2
2025.04.01	00:38:41.296	0.95593				2
2025.04.01	00:38:43.099		0.95701			4
2025.04.01	00:39:05.873	0.95589				2
2025.04.01	00:39:06.303	0.95594				2
2025.04.01	00:39:10.315	0.95592				2
2025.04.01	00:39:11.599	0.95593				2
2025.04.01	00:39:15.455	0.95591				2
2025.04.01	00:39:21.975	0.95593				2
2025.04.01	00:39:38.297	0.95592				2
2025.04.01	00:39:46.800		0.95701			4
2025.04.01	00:40:03.714	0.95592				2
2025.04.01	00:40:43.377	0.95591				2
2025.04.01	00:40:46.867		0.95701			4
2025.04.01	00:41:10.096	0.95591				2
2025.04.01	00:41:35.386	0.95590				2
2025.04.01	00:41:48.328		0.95701			4
2025.04.01	00:41:50.304	0.95592				2
2025.04.01	00:42:08.352	0.95592				2
2025.04.01	00:42:08.770	0.95594				2
2025.04.01	00:42:10.466	0.95595				2
2025.04.01	00:42:24.110	0.95594				2
2025.04.01	00:42:25.099	0.95593				2
2025.04.01	00:42:30.899	0.95594				2
2025.04.01	00:42:38.756	0.95593	0.95702			6
2025.04.01	00:42:53.897	0.95592	0.95703			6
2025.04.01	00:43:01.652	0.95591	0.95704			6
2025.04.01	00:43:19.950	0.95590				2
2025.04.01	00:43:20.895	0.95591				2
2025.04.01	00:44:00.591	0.95591				2
2025.04.01	00:44:02.215		0.95704			4
2025.04.01	00:44:02.597	0.95590	0.95705			6
2025.04.01	00:44:35.299	0.95591				2
2025.04.01	00:44:46.864		0.95704			4
2025.04.01	00:45:02.109	0.95597	0.95718			6
2025.04.01	00:45:04.272	0.95591	0.95704			6
2025.04.01	00:45:09.613	0.95609	0.95686			6
2025.04.01	00:45:10.856	0.95608	0.95687			6
2025.04.01	00:45:21.174	0.95633	0.95700			6
2025.04.01	00:46:01.488	0.95633				2
2025.04.01	00:46:26.844		0.95700			4
2025.04.01	00:46:40.565		0.95699			4
2025.04.01	00:47:02.094	0.95622	0.95707			6
2025.04.01	00:47:04.246	0.95633	0.95699			6
2025.04.01	00:47:06.944	0.95625	0.95692			6
2025.04.01	00:47:55.867	0.95626				2
2025.04.01	00:48:01.466	0.95626				2
2025.04.01	00:48:07.362		0.95692			4
2025.04.01	00:48:52.446	0.95636	0.95702			6
2025.04.01	00:48:55.280		0.95701			4
2025.04.01	00:49:01.269	0.95636				2
2025.04.01	00:49:14.440	0.95637	0.95699			6
2025.04.01	00:49:26.696	0.95636				2
2025.04.01	00:50:03.798	0.95636				2
2025.04.01	00:50:05.165	0.95637				2
2025.04.01	00:50:20.297		0.95699			4
2025.04.01	00:50:28.699	0.95636				2
2025.04.01	00:50:55.684	0.95637				2
2025.04.01	00:51:00.616	0.95637				2
2025.04.01	00:51:15.259		0.95703			4
2025.04.01	00:51:26.779	0.95638				2
2025.04.01	00:51:28.400	0.95637	0.95704			6
2025.04.01	00:51:38.597		0.95703			4
2025.04.01	00:51:42.505	0.95638				2
2025.04.01	00:51:50.595	0.95637				2
2025.04.01	00:52:10.096	0.95638				2
2025.04.01	00:52:21.718		0.95702			4
2025.04.01	00:52:22.982	0.95637	0.95703			6
2025.04.01	00:52:40.142	0.95638				2
2025.04.01	00:52:47.906		0.95702			4
2025.04.01	00:52:55.704		0.95703			4
2025.04.01	00:53:06.492	0.95638				2
2025.04.01	00:53:10.095	0.95637				2
2025.04.01	00:53:24.470		0.95704			4
2025.04.01	00:53:32.596		0.95703			4
2025.04.01	00:53:33.864	0.95638				2
2025.04.01	00:53:40.404		0.95702			4
2025.04.01	00:54:02.936	0.95638				2
2025.04.01	00:54:24.466	0.95637	0.95703			6
2025.04.01	00:54:29.425	0.95632	0.95708			6
2025.04.01	00:54:35.896	0.95633				2
2025.04.01	00:54:38.601	0.95632	0.95709			6
2025.04.01	00:54:48.221	0.95624	0.95693			6
2025.04.01	00:55:00.041	0.95620				2
2025.04.01	00:55:00.453	0.95621				2
2025.04.01	00:55:00.791	0.95619				2
2025.04.01	00:55:01.617	0.95621				2
2025.04.01	00:55:01.997	0.95622				2
2025.04.01	00:55:07.316	0.95623				2
2025.04.01	00:55:25.396	0.95622				2
2025.04.01	00:55:27.783	0.95621				2
2025.04.01	00:55:29.796	0.95622				2
2025.04.01	00:55:32.109	0.95621				2
2025.04.01	00:55:40.016	0.95609	0.95701			6
2025.04.01	00:55:40.866	0.95611	0.95700			6
2025.04.01	00:55:42.292		0.95699			4
2025.04.01	00:55:42.647	0.95614	0.95697			6
2025.04.01	00:55:45.279	0.95616	0.95707			6
2025.04.01	00:55:46.876		0.95699			4
2025.04.01	00:55:47.300		0.95697			4
2025.04.01	00:55:48.294		0.95698			4
2025.04.01	00:55:48.641	0.95615				2
2025.04.01	00:55:49.581	0.95614	0.95708			6
2025.04.01	00:55:50.838	0.95615				2
2025.04.01	00:55:53.270		0.95699			4
2025.04.01	00:55:54.055	0.95613	0.95700			6
2025.04.01	00:55:56.898	0.95617	0.95705			6
2025.04.01	00:56:00.431	0.95615	0.95707			6
2025.04.01	00:56:02.005	0.95616				2
2025.04.01	00:56:02.365	0.95617	0.95702			6
2025.04.01	00:56:04.409		0.95695			4
2025.04.01	00:56:18.721		0.95696			4
2025.04.01	00:56:27.956		0.95706			4
2025.04.01	00:56:29.604	0.95616				2
2025.04.01	00:56:29.956		0.95697			4
2025.04.01	00:56:32.295		0.95703			4
2025.04.01	00:56:32.597		0.95696			4
2025.04.01	00:56:34.066		0.95697			4
2025.04.01	00:56:34.487		0.95698			4
2025.04.01	00:56:37.004	0.95615	0.95710			6
2025.04.01	00:56:37.649	0.95620	0.95693			6
2025.04.01	00:56:37.984	0.95627	0.95699			6
2025.04.01	00:56:38.305	0.95624	0.95698			6
2025.04.01	00:56:40.849	0.95625	0.95699			6
2025.04.01	00:56:42.186	0.95626				2
2025.04.01	00:56:44.364	0.95629	0.95703			6
2025.04.01	00:56:44.681	0.95630	0.95704			6
2025.04.01	00:56:45.143	0.95627	0.95700			6
2025.04.01	00:56:45.479	0.95626	0.95699			6
2025.04.01	00:56:47.800	0.95624	0.95697			6
2025.04.01	00:56:48.196	0.95625	0.95698			6
2025.04.01	00:56:49.408	0.95624	0.95697			6
2025.04.01	00:56:49.755	0.95625	0.95698			6
2025.04.01	00:56:53.458	0.95626				2
2025.04.01	00:56:53.766	0.95625				2
2025.04.01	00:56:56.301	0.95628	0.95709			6
2025.04.01	00:56:58.027	0.95631	0.95715			6
2025.04.01	00:56:58.455	0.95628	0.95717			6
2025.04.01	00:56:58.771		0.95719			4
2025.04.01	00:57:02.326	0.95631	0.95716			6
2025.04.01	00:57:06.572	0.95628	0.95718			6
2025.04.01	00:57:06.927		0.95719			4
2025.04.01	00:57:10.913	0.95631	0.95716			6
2025.04.01	00:57:11.295		0.95717			4
2025.04.01	00:57:12.308		0.95716			4
2025.04.01	00:57:15.210	0.95627	0.95717			6
2025.04.01	00:57:19.095		0.95718			4
2025.04.01	00:57:19.508	0.95631	0.95716			6
2025.04.01	00:57:23.808	0.95628	0.95720			6
2025.04.01	00:57:28.107	0.95631	0.95717			6
2025.04.01	00:57:32.386	0.95628	0.95720			6
2025.04.01	00:57:33.430	0.95627				2
2025.04.01	00:57:36.684	0.95631	0.95717			6
2025.04.01	00:57:40.977	0.95628	0.95720			6
2025.04.01	00:57:44.599	0.95627				2
2025.04.01	00:57:45.274	0.95630	0.95717			6
2025.04.01	00:57:47.441	0.95622	0.95726			6
2025.04.01	00:57:48.653	0.95621				2
2025.04.01	00:57:49.568	0.95617	0.95727			6
2025.04.01	00:57:49.943	0.95616				2
2025.04.01	00:57:51.583	0.95615				2
2025.04.01	00:57:58.191	0.95617	0.95730			6
2025.04.01	00:58:00.386	0.95617	0.95729			6
2025.04.01	00:58:00.877	0.95618				2
2025.04.01	00:58:02.304	0.95616	0.95727			6
2025.04.01	00:58:03.140	0.95615				2
2025.04.01	00:58:05.006	0.95617	0.95730			6
2025.04.01	00:58:06.386	0.95618				2
2025.04.01	00:58:06.748	0.95614	0.95727			6
2025.04.01	00:58:07.699	0.95616				2
2025.04.01	00:58:08.061	0.95619				2
2025.04.01	00:58:09.215	0.95622	0.95725			6
2025.04.01	00:58:11.041	0.95624	0.95722			6
2025.04.01	00:58:15.281	0.95627	0.95726			6
2025.04.01	00:58:15.977	0.95631	0.95722			6
2025.04.01	00:58:19.636	0.95633	0.95720			6
2025.04.01	00:58:22.359	0.95627	0.95714			6
2025.04.01	00:58:23.935	0.95632	0.95711			6
2025.04.01	00:58:24.270	0.95633				2
2025.04.01	00:58:24.733	0.95634	0.95709			6
2025.04.01	00:58:25.470	0.95633	0.95710			6
2025.04.01	00:58:25.775	0.95634				2
2025.04.01	00:58:26.730	0.95633	0.95711			6
2025.04.01	00:58:27.182	0.95634				2
2025.04.01	00:58:27.890		0.95708			4
2025.04.01	00:58:28.366	0.95633	0.95710			6
2025.04.01	00:58:33.973	0.95634	0.95708			6
2025.04.01	00:58:34.293		0.95709			4
2025.04.01	00:58:34.828		0.95714			4
2025.04.01	00:58:41.089		0.95713			4
2025.04.01	00:58:44.264	0.95632	0.95708			6
2025.04.01	00:58:44.586	0.95633	0.95712			6
2025.04.01	00:58:44.905		0.95714			4
2025.04.01	00:58:47.154	0.95634	0.95713			6
2025.04.01	00:58:48.286	0.95632	0.95708			6
2025.04.01	00:58:48.620		0.95707			4
2025.04.01	00:58:49.016	0.95631	0.95708			6
2025.04.01	00:58:52.328	0.95630	0.95705			6
2025.04.01	00:58:53.019		0.95704			4
2025.04.01	00:58:56.329	0.95629				2
2025.04.01	00:58:58.829		0.95703			4
2025.04.01	00:59:00.332	0.95628	0.95705			6
2025.04.01	00:59:00.829	0.95629	0.95704			6
2025.04.01	00:59:01.835	0.95628	0.95705			6
2025.04.01	00:59:02.153	0.95629	0.95704			6
2025.04.01	00:59:05.717		0.95703			4
2025.04.01	00:59:08.664	0.95632	0.95706			6
2025.04.01	00:59:09.041	0.95631				2
2025.04.01	00:59:10.636	0.95632	0.95707			6
2025.04.01	00:59:10.947		0.95706			4
2025.04.01	00:59:12.054	0.95631	0.95712			6
2025.04.01	00:59:12.506	0.95632				2
2025.04.01	00:59:13.873	0.95631	0.95713			6
2025.04.01	00:59:14.893	0.95632	0.95712			6
2025.04.01	00:59:15.891	0.95631	0.95713			6
2025.04.01	00:59:17.391	0.95632	0.95712			6
2025.04.01	00:59:17.738	0.95631	0.95713			6
2025.04.01	00:59:20.213		0.95714			4
2025.04.01	00:59:20.769		0.95712			4
2025.04.01	00:59:21.074		0.95713			4
2025.04.01	00:59:21.661		0.95712			4
2025.04.01	00:59:23.322		0.95713			4
2025.04.01	00:59:26.321	0.95632	0.95712			6
2025.04.01	00:59:27.838	0.95630	0.95714			6
2025.04.01	00:59:28.322	0.95631	0.95713			6
2025.04.01	00:59:33.195	0.95638	0.95707			6
2025.04.01	00:59:33.506		0.95710			4
2025.04.01	00:59:33.822	0.95635	0.95713			6
2025.04.01	00:59:37.837	0.95637	0.95712			6
2025.04.01	00:59:40.085	0.95636				2
2025.04.01	00:59:47.436	0.95626	0.95722			6
2025.04.01	00:59:47.848	0.95621	0.95727			6
2025.04.01	00:59:48.603	0.95620	0.95728			6
2025.04.01	00:59:49.092	0.95621	0.95727			6
2025.04.01	00:59:54.795		0.95726			4
2025.04.01	00:59:56.253	0.95620	0.95727			6
2025.04.01	01:00:00.309	0.95636	0.95709			6
2025.04.01	01:00:00.629	0.95637	0.95722			6
2025.04.01	01:00:00.963	0.95634	0.95717			6
2025.04.01	01:00:01.288	0.95636	0.95713			6
2025.04.01	01:00:01.592	0.95638	0.95719			6
2025.04.01	01:00:01.897	0.95637	0.95716			6
2025.04.01	01:00:02.204	0.95625	0.95698			6
2025.04.01	01:00:02.529	0.95627	0.95703			6
2025.04.01	01:00:02.839	0.95626	0.95702			6
2025.04.01	01:00:03.144	0.95627				2
2025.04.01	01:00:04.656	0.95605	0.95694			6
2025.04.01	01:00:04.999	0.95597	0.95695			6
2025.04.01	01:00:06.449	0.95598	0.95694			6
2025.04.01	01:00:07.094	0.95597				2
2025.04.01	01:00:08.094	0.95596	0.95689			6
2025.04.01	01:00:11.594	0.95592	0.95686			6
2025.04.01	01:00:12.798	0.95596	0.95687			6
2025.04.01	01:00:14.051	0.95654				2
2025.04.01	01:00:14.360	0.95637				2
2025.04.01	01:00:15.681	0.95635				2
2025.04.01	01:00:18.249	0.95636				2
2025.04.01	01:00:18.725	0.95640				2
2025.04.01	01:00:19.104	0.95639				2
2025.04.01	01:00:19.948	0.95624	0.95679			6
2025.04.01	01:00:20.308	0.95623				2
2025.04.01	01:00:20.670	0.95636	0.95661			6
2025.04.01	01:00:22.790	0.95641				2
2025.04.01	01:00:23.407		0.95662			4
2025.04.01	01:00:24.364		0.95664			4
2025.04.01	01:00:24.965		0.95666			4
2025.04.01	01:00:26.349		0.95662			4
2025.04.01	01:00:26.809		0.95663			4
2025.04.01	01:00:28.357		0.95664			4
2025.04.01	01:00:30.868	0.95639	0.95669			6
2025.04.01	01:00:34.812	0.95638	0.95677			6
2025.04.01	01:00:35.276		0.95678			4
2025.04.01	01:00:36.386		0.95679			4
2025.04.01	01:00:37.706	0.95641	0.95673			6
2025.04.01	01:00:39.926	0.95656				2
2025.04.01	01:00:40.983	0.95645				2
2025.04.01	01:00:41.286	0.95648				2
2025.04.01	01:00:41.924	0.95645				2
2025.04.01	01:00:42.380	0.95646				2
2025.04.01	01:00:43.099	0.95642				2
2025.04.01	01:00:45.873	0.95644				2
2025.04.01	01:00:46.204	0.95648				2
2025.04.01	01:00:46.506	0.95644				2
2025.04.01	01:00:46.825	0.95647				2
2025.04.01	01:00:47.189	0.95651				2
2025.04.01	01:00:47.489	0.95649				2
2025.04.01	01:00:47.790	0.95648				2
2025.04.01	01:00:51.423	0.95645				2
2025.04.01	01:00:52.772	0.95649				2
2025.04.01	01:00:53.079	0.95650	0.95674			6
2025.04.01	01:00:53.407	0.95651				2
2025.04.01	01:00:56.363	0.95653				2
2025.04.01	01:00:56.896	0.95652				2
2025.04.01	01:00:57.203	0.95653				2
2025.04.01	01:01:00.264	0.95653				2
2025.04.01	01:01:01.037	0.95654				2
2025.04.01	01:01:02.034	0.95645				2
2025.04.01	01:01:02.603	0.95650	0.95673			6
2025.04.01	01:01:02.979	0.95651				2
2025.04.01	01:01:03.294	0.95652				2
2025.04.01	01:01:03.610	0.95649				2
2025.04.01	01:01:03.933	0.95653				2
2025.04.01	01:01:05.371	0.95651				2
2025.04.01	01:01:06.352	0.95653				2
2025.04.01	01:01:07.035	0.95651				2
2025.04.01	01:01:07.407	0.95652				2
2025.04.01	01:01:08.040	0.95651				2
2025.04.01	01:01:08.404	0.95655				2
2025.04.01	01:01:08.705	0.95653				2
2025.04.01	01:01:10.613	0.95654				2
2025.04.01	01:01:12.035	0.95650				2
2025.04.01	01:01:12.398	0.95646	0.95677			6
2025.04.01	01:01:12.706	0.95645	0.95675			6
2025.04.01	01:01:13.008	0.95644				2
2025.04.01	01:01:13.351		0.95676			4
2025.04.01	01:01:14.790		0.95675			4
2025.04.01	01:01:15.129		0.95674			4
2025.04.01	01:01:16.631	0.95652				2
2025.04.01	01:01:16.938	0.95654				2
2025.04.01	01:01:17.269	0.95651				2
2025.04.01	01:01:18.272	0.95646				2
2025.04.01	01:01:18.618	0.95645				2
2025.04.01	01:01:18.965	0.95636	0.95654			6
2025.04.01	01:01:20.005	0.95641	0.95670			6
2025.04.01	01:01:20.908	0.95642				2
2025.04.01	01:01:22.403	0.95638	0.95665			6
2025.04.01	01:01:24.498	0.95637				2
2025.04.01	01:01:25.222	0.95638				2
2025.04.01	01:01:26.080	0.95637				2
2025.04.01	01:01:26.897	0.95636				2
2025.04.01	01:01:27.228	0.95637				2
2025.04.01	01:01:27.579	0.95635	0.95664			6
2025.04.01	01:01:27.899	0.95634	0.95665			6
2025.04.01	01:01:28.228	0.95641				2
2025.04.01	01:01:28.572	0.95642	0.95664			6
2025.04.01	01:01:28.874	0.95644				2
2025.04.01	01:01:29.195	0.95646	0.95666			6
2025.04.01	01:01:29.598	0.95642				2
2025.04.01	01:01:30.365	0.95644				2
2025.04.01	01:01:30.799		0.95665			4
2025.04.01	01:01:31.840	0.95645	0.95663			6
2025.04.01	01:01:32.353	0.95646				2
2025.04.01	01:01:32.965	0.95649	0.95674			6
2025.04.01	01:01:34.577	0.95651				2
2025.04.01	01:01:35.460	0.95650				2
2025.04.01	01:01:38.034	0.95649	0.95675			6
2025.04.01	01:01:38.337	0.95650				2
2025.04.01	01:01:38.811	0.95653	0.95678			6
2025.04.01	01:01:39.490	0.95654				2
2025.04.01	01:01:39.807	0.95646				2
2025.04.01	01:01:40.157	0.95644	0.95675			6
2025.04.01	01:01:43.966	0.95645				2
2025.04.01	01:01:45.021	0.95646	0.95670			6
2025.04.01	01:01:45.326	0.95643	0.95675			6
2025.04.01	01:01:45.681	0.95644				2
2025.04.01	01:01:46.001	0.95645				2
2025.04.01	01:01:48.418	0.95657	0.95685			6
2025.04.01	01:01:48.816	0.95672				2
2025.04.01	01:01:49.137	0.95664				2
2025.04.01	01:01:50.357	0.95661				2
2025.04.01	01:01:51.034		0.95686			4
2025.04.01	01:01:51.337		0.95685			4
2025.04.01	01:01:54.036	0.95663				2
2025.04.01	01:01:55.461	0.95661				2
2025.04.01	01:01:57.945	0.95652	0.95684			6
2025.04.01	01:01:59.296	0.95661				2
2025.04.01	01:01:59.616	0.95653				2
2025.04.01	01:02:00.364	0.95655				2
2025.04.01	01:02:01.156	0.95652				2
2025.04.01	01:02:01.531	0.95653				2
2025.04.01	01:02:03.512	0.95652				2
2025.04.01	01:02:04.417	0.95653				2
2025.04.01	01:02:04.966	0.95652				2
2025.04.01	01:02:07.653	0.95641	0.95672			6
2025.04.01	01:02:08.922	0.95651	0.95684			6
2025.04.01	01:02:14.326	0.95653	0.95683			6
2025.04.01	01:02:29.294	0.95655	0.95682			6
2025.04.01	01:02:32.711	0.95653				2
2025.04.01	01:02:37.164	0.95655				2
2025.04.01	01:02:45.045	0.95648	0.95668			6
2025.04.01	01:02:45.937	0.95651	0.95678			6
2025.04.01	01:02:47.026		0.95679			4
2025.04.01	01:02:49.743		0.95675			4
2025.04.01	01:03:00.447	0.95653				2
2025.04.01	01:03:05.513	0.95652	0.95673			6
2025.04.01	01:03:12.196	0.95650	0.95670			6
2025.04.01	01:03:12.509	0.95649	0.95672			6
2025.04.01	01:03:12.812	0.95647	0.95671			6
2025.04.01	01:03:16.612		0.95670			4
2025.04.01	01:03:35.236	0.95645	0.95671			6
2025.04.01	01:03:35.985	0.95647	0.95670			6
2025.04.01	01:03:36.318	0.95645	0.95671			6
2025.04.01	01:03:36.979	0.95647	0.95670			6
2025.04.01	01:03:41.537	0.95652	0.95673			6
2025.04.01	01:03:41.862	0.95651				2
2025.04.01	01:03:44.111	0.95646	0.95674			6
2025.04.01	01:03:44.686	0.95650	0.95673			6
2025.04.01	01:03:46.910	0.95646	0.95674			6
2025.04.01	01:03:47.602	0.95649	0.95673			6
2025.04.01	01:03:53.324	0.95647				2
2025.04.01	01:03:59.215	0.95648	0.95674			6
2025.04.01	01:04:00.470	0.95650				2
2025.04.01	01:04:03.197	0.95649	0.95669			6
2025.04.01	01:04:03.907		0.95668			4
2025.04.01	01:04:12.929	0.95647				2
2025.04.01	01:04:15.144	0.95646	0.95665			6
2025.04.01	01:04:16.892	0.95645				2
2025.04.01	01:04:30.080	0.95646				2
2025.04.01	01:04:32.543		0.95670			4
2025.04.01	01:04:56.813	0.95647				2
2025.04.01	01:05:00.197	0.95647				2
2025.04.01	01:05:13.399	0.95648				2
2025.04.01	01:05:14.273	0.95651	0.95672			6
2025.04.01	01:05:14.595	0.95649	0.95671			6
2025.04.01	01:05:14.897	0.95648				2
2025.04.01	01:05:20.271	0.95646	0.95665			6
2025.04.01	01:05:20.673	0.95645				2
2025.04.01	01:05:23.035		0.95666			4
2025.04.01	01:05:24.109		0.95665			4
2025.04.01	01:05:25.525	0.95644	0.95664			6
2025.04.01	01:05:27.159		0.95663			4
2025.04.01	01:06:00.210	0.95644				2
2025.04.01	01:06:06.894	0.95643	0.95661			6
2025.04.01	01:06:10.134	0.95644	0.95665			6
2025.04.01	01:06:10.996		0.95666			4
2025.04.01	01:06:11.386	0.95648	0.95670			6
2025.04.01	01:06:14.778		0.95669			4
2025.04.01	01:06:16.164		0.95667			4
2025.04.01	01:06:27.783		0.95669			4
2025.04.01	01:06:33.791		0.95666			4
2025.04.01	01:06:35.382		0.95667			4
2025.04.01	01:06:42.496	0.95647				2
2025.04.01	01:06:44.001	0.95648				2
2025.04.01	01:06:50.504	0.95649	0.95671			6
2025.04.01	01:06:50.922	0.95650				2
2025.04.01	01:06:52.128		0.95674			4
2025.04.01	01:06:58.431	0.95651	0.95672			6
2025.04.01	01:07:01.995	0.95651				2
2025.04.01	01:07:16.017	0.95650				2
2025.04.01	01:07:20.612	0.95651				2
2025.04.01	01:07:30.408	0.95663				2
2025.04.01	01:07:31.067	0.95651	0.95668			6
2025.04.01	01:07:31.851	0.95663	0.95672			6
2025.04.01	01:07:32.748	0.95651	0.95668			6
2025.04.01	01:07:33.093	0.95663	0.95672			6
2025.04.01	01:07:34.110	0.95651				2
2025.04.01	01:07:48.115	0.95649	0.95669			6
2025.04.01	01:07:49.997	0.95648				2
2025.04.01	01:07:56.073		0.95668			4
2025.04.01	01:08:00.195	0.95650	0.95670			6
2025.04.01	01:08:00.506	0.95651	0.95673			6
2025.04.01	01:08:00.929	0.95650				2
2025.04.01	01:08:08.246		0.95672			4
2025.04.01	01:08:12.734	0.95651				2
2025.04.01	01:08:15.626	0.95652				2
2025.04.01	01:08:16.997	0.95651				2
2025.04.01	01:08:21.050	0.95648	0.95666			6
2025.04.01	01:08:26.744		0.95667			4
2025.04.01	01:08:27.249	0.95645				2
2025.04.01	01:08:27.592	0.95646				2
2025.04.01	01:08:27.922		0.95668			4
2025.04.01	01:08:28.299		0.95667			4
2025.04.01	01:08:31.687		0.95668			4
2025.04.01	01:08:32.370	0.95653	0.95670			6
2025.04.01	01:08:32.697	0.95652	0.95672			6
2025.04.01	01:08:36.366	0.95651	0.95673			6
2025.04.01	01:08:38.666		0.95674			4
2025.04.01	01:08:43.966		0.95671			4
2025.04.01	01:08:45.460		0.95672			4
2025.04.01	01:08:47.639		0.95674			4
2025.04.01	01:08:51.564	0.95652	0.95673			6
2025.04.01	01:08:52.698		0.95674			4
2025.04.01	01:08:53.898		0.95673			4
2025.04.01	01:08:56.297	0.95651	0.95674			6
2025.04.01	01:09:00.248	0.95651				2
2025.04.01	01:09:02.433	0.95652	0.95676			6
2025.04.01	01:09:02.762		0.95677			4
2025.04.01	01:09:04.696	0.95651	0.95674			6
2025.04.01	01:09:13.273	0.95652				2
2025.04.01	01:09:24.962		0.95673			4
2025.04.01	01:09:45.199		0.95672			4
2025.04.01	01:10:00.305	0.95652	0.95671			6
2025.04.01	01:10:27.499		0.95672			4
2025.04.01	01:11:00.637	0.95652				2
2025.04.01	01:11:05.524		0.95673			4
2025.04.01	01:11:06.088	0.95651	0.95671			6
2025.04.01	01:11:29.825	0.95648	0.95668			6
2025.04.01	01:11:30.197	0.95646				2
2025.04.01	01:11:33.272	0.95651				2
2025.04.01	01:11:35.431	0.95650				2
2025.04.01	01:11:39.285	0.95645	0.95665			6
2025.04.01	01:11:46.414		0.95666			4
2025.04.01	01:11:54.616	0.95643	0.95660			6
2025.04.01	01:12:00.570	0.95643				2
2025.04.01	01:12:02.896	0.95642				2
2025.04.01	01:12:16.664		0.95658			4
2025.04.01	01:12:19.567	0.95635	0.95655			6
2025.04.01	01:12:20.867	0.95633				2
2025.04.01	01:12:22.450		0.95654			4
2025.04.01	01:12:23.601	0.95632				2
2025.04.01	01:12:26.595		0.95655			4
2025.04.01	01:12:30.496	0.95633	0.95658			6
2025.04.01	01:12:35.007	0.95636				2
2025.04.01	01:12:42.842	0.95639				2
2025.04.01	01:13:00.613	0.95639				2
2025.04.01	01:13:05.233	0.95643	0.95661			6
2025.04.01	01:13:10.998	0.95640	0.95660			6
2025.04.01	01:14:00.237	0.95640				2
2025.04.01	01:14:09.938	0.95642				2
2025.04.01	01:14:11.485		0.95660			4
2025.04.01	01:14:15.958	0.95640	0.95657			6
2025.04.01	01:14:21.797	0.95641				2
2025.04.01	01:14:45.796	0.95640				2
2025.04.01	01:15:00.384	0.95640				2
2025.04.01	01:15:01.031	0.95636	0.95654			6
2025.04.01	01:15:01.442		0.95652			4
2025.04.01	01:15:01.758	0.95634				2
2025.04.01	01:15:04.035	0.95635				2
2025.04.01	01:15:11.619	0.95637	0.95650			6
2025.04.01	01:15:16.562	0.95634				2
2025.04.01	01:15:18.196		0.95652			4
2025.04.01	01:15:21.732	0.95637				2
2025.04.01	01:15:25.036		0.95651			4
2025.04.01	01:15:41.898	0.95635				2
2025.04.01	01:15:45.460		0.95652			4
2025.04.01	01:15:49.284		0.95653			4
2025.04.01	01:15:50.546	0.95637	0.95652			6
2025.04.01	01:15:51.197	0.95636				2
2025.04.01	01:15:57.497	0.95635				2
2025.04.01	01:15:57.916	0.95636				2
2025.04.01	01:16:00.005	0.95634				2
2025.04.01	01:16:00.795	0.95636				2
2025.04.01	01:16:01.696	0.95634				2
2025.04.01	01:16:06.962		0.95653			4
2025.04.01	01:16:07.395		0.95654			4
2025.04.01	01:16:12.708	0.95638	0.95655			6
2025.04.01	01:16:14.495	0.95639				2
2025.04.01	01:16:15.710	0.95638				2
2025.04.01	01:16:16.059	0.95637	0.95648			6
2025.04.01	01:16:17.185	0.95634				2
2025.04.01	01:16:19.196	0.95633				2
2025.04.01	01:16:19.514	0.95634				2
2025.04.01	01:16:20.322		0.95647			4
2025.04.01	01:16:24.058	0.95633	0.95648			6
2025.04.01	01:16:24.371	0.95634				2
2025.04.01	01:16:26.597	0.95638	0.95653			6
2025.04.01	01:16:40.917		0.95652			4
2025.04.01	01:16:53.039	0.95639	0.95655			6
2025.04.01	01:16:53.348		0.95656			4
2025.04.01	01:16:53.707	0.95640				2
2025.04.01	01:16:54.543	0.95641	0.95657			6
2025.04.01	01:16:55.740	0.95640				2
2025.04.01	01:16:57.654	0.95639				2
2025.04.01	01:16:58.044	0.95640				2
2025.04.01	01:17:00.117	0.95640				2
2025.04.01	01:17:00.517	0.95641				2
2025.04.01	01:17:02.867		0.95655			4
2025.04.01	01:17:04.314	0.95640				2
2025.04.01	01:17:04.650	0.95641				2
2025.04.01	01:17:04.971	0.95640	0.95656			6
2025.04.01	01:17:06.110		0.95653			4
2025.04.01	01:17:11.796	0.95641				2
2025.04.01	01:17:12.826	0.95642	0.95656			6
2025.04.01	01:17:13.531	0.95641				2
2025.04.01	01:17:27.120	0.95640				2
2025.04.01	01:17:27.767		0.95655			4
2025.04.01	01:17:31.201	0.95639				2
2025.04.01	01:17:32.546		0.95653			4
2025.04.01	01:17:33.322	0.95638				2
2025.04.01	01:17:36.459	0.95635	0.95647			6
2025.04.01	01:17:38.296	0.95634				2
2025.04.01	01:17:39.794	0.95633				2
2025.04.01	01:17:40.619		0.95648			4
2025.04.01	01:17:41.693	0.95634				2
2025.04.01	01:17:51.457	0.95632				2
2025.04.01	01:17:53.578	0.95634				2
2025.04.01	01:18:00.455	0.95634				2
2025.04.01	01:18:05.518	0.95632				2
2025.04.01	01:18:06.197	0.95634				2
2025.04.01	01:18:11.634	0.95633	0.95646			6
2025.04.01	01:18:26.542	0.95631	0.95645			6
2025.04.01	01:18:27.806	0.95630				2
2025.04.01	01:18:31.552	0.95634	0.95648			6
2025.04.01	01:18:31.995	0.95635				2
2025.04.01	01:18:32.338		0.95649			4
2025.04.01	01:18:33.158	0.95634				2
2025.04.01	01:18:34.295	0.95633	0.95648			6
2025.04.01	01:18:34.650	0.95634				2
2025.04.01	01:18:35.001	0.95632				2
2025.04.01	01:18:35.374	0.95634	0.95649			6
2025.04.01	01:18:39.270	0.95632				2
2025.04.01	01:18:41.357	0.95635	0.95652			6
2025.04.01	01:18:42.350	0.95637	0.95651			6
2025.04.01	01:18:42.775	0.95631	0.95649			6
2025.04.01	01:18:43.085	0.95635				2
2025.04.01	01:18:44.336	0.95632				2
2025.04.01	01:18:45.377	0.95631				2
2025.04.01	01:18:45.797	0.95632				2
2025.04.01	01:18:46.681	0.95635				2
2025.04.01	01:18:49.996	0.95634				2
2025.04.01	01:18:50.984	0.95635				2
2025.04.01	01:18:51.801	0.95636	0.95650			6
2025.04.01	01:18:52.324	0.95637	0.95651			6
2025.04.01	01:18:57.887	0.95635	0.95649			6
2025.04.01	01:18:58.211	0.95636	0.95651			6
2025.04.01	01:19:00.197	0.95636				2
2025.04.01	01:19:00.557	0.95634	0.95650			6
2025.04.01	01:19:01.094		0.95651			4
2025.04.01	01:19:01.465	0.95632	0.95650			6
2025.04.01	01:19:04.537	0.95635	0.95651			6
2025.04.01	01:19:04.997	0.95636				2
2025.04.01	01:19:12.295	0.95638	0.95652			6
2025.04.01	01:19:18.338	0.95635	0.95650			6
2025.04.01	01:19:19.694	0.95636				2
2025.04.01	01:19:28.153	0.95637	0.95651			6
2025.04.01	01:19:29.183	0.95635	0.95648			6
2025.04.01	01:19:31.097	0.95634	0.95649			6
2025.04.01	01:19:33.498	0.95635				2
2025.04.01	01:19:34.502	0.95632				2
2025.04.01	01:19:40.708	0.95635				2
2025.04.01	01:19:45.446	0.95633	0.95648			6
2025.04.01	01:19:47.755	0.95635				2
2025.04.01	01:20:00.032	0.95635				2
2025.04.01	01:20:00.574	0.95636				2
2025.04.01	01:20:00.933	0.95637				2
2025.04.01	01:20:01.877		0.95651			4
2025.04.01	01:20:11.918		0.95648			4
2025.04.01	01:20:13.697	0.95636				2
2025.04.01	01:20:17.068		0.95651			4
2025.04.01	01:20:18.497	0.95637				2
2025.04.01	01:20:21.241	0.95636				2
2025.04.01	01:20:22.098	0.95637	0.95648			6
2025.04.01	01:20:25.461		0.95651			4
2025.04.01	01:20:45.214	0.95634	0.95648			6
2025.04.01	01:20:45.738	0.95637				2
2025.04.01	01:20:47.215		0.95651			4
2025.04.01	01:20:47.968		0.95648			4
2025.04.01	01:20:49.399	0.95636				2
2025.04.01	01:20:51.197	0.95637				2
2025.04.01	01:20:55.876		0.95650			4
2025.04.01	01:20:57.198	0.95638				2
2025.04.01	01:21:00.472	0.95638	0.95651			6
2025.04.01	01:21:01.170	0.95639	0.95654			6
2025.04.01	01:21:01.571	0.95640	0.95655			6
2025.04.01	01:21:19.768		0.95656			4
2025.04.01	01:21:26.673	0.95642	0.95657			6
2025.04.01	01:21:27.825	0.95643	0.95658			6
2025.04.01	01:21:34.547		0.95659			4
2025.04.01	01:21:40.602		0.95657			4
2025.04.01	01:21:41.107		0.95658			4
2025.04.01	01:21:48.488	0.95642				2
2025.04.01	01:21:50.288	0.95643	0.95657			6
2025.04.01	01:21:50.591	0.95642				2
2025.04.01	01:21:51.196	0.95643				2
2025.04.01	01:21:52.298	0.95648	0.95661			6
2025.04.01	01:21:55.999	0.95649				2
2025.04.01	01:22:00.475	0.95650	0.95664			6
2025.04.01	01:22:01.996	0.95649				2
2025.04.01	01:22:05.083	0.95650	0.95663			6
2025.04.01	01:22:05.895	0.95649				2
2025.04.01	01:22:07.203	0.95650				2
2025.04.01	01:22:08.243	0.95649				2
2025.04.01	01:22:08.567	0.95651	0.95664			6
2025.04.01	01:22:10.241	0.95652	0.95665			6
2025.04.01	01:22:12.376	0.95653				2
2025.04.01	01:22:12.921	0.95650				2
2025.04.01	01:22:13.397	0.95652				2
2025.04.01	01:22:20.644		0.95666			4
2025.04.01	01:22:39.796	0.95653				2
2025.04.01	01:22:41.710		0.95665			4
2025.04.01	01:22:43.035	0.95649	0.95663			6
2025.04.01	01:22:44.597	0.95650				2
2025.04.01	01:22:45.468		0.95662			4
2025.04.01	01:22:49.095	0.95649				2
2025.04.01	01:22:57.496	0.95650				2
2025.04.01	01:23:00.264	0.95649				2
2025.04.01	01:23:25.010		0.95660			4
2025.04.01	01:23:27.761	0.95650	0.95662			6
2025.04.01	01:23:30.340	0.95649	0.95661			6
2025.04.01	01:23:31.100	0.95650				2
2025.04.01	01:23:35.685	0.95649				2
2025.04.01	01:24:00.462	0.95649				2
2025.04.01	01:24:12.063	0.95648	0.95660			6
2025.04.01	01:24:18.468	0.95645	0.95658			6
2025.04.01	01:24:18.775	0.95647				2
2025.04.01	01:24:19.998	0.95646				2
2025.04.01	01:25:04.996	0.95646				2
2025.04.01	01:25:16.159	0.95642	0.95654			6
2025.04.01	01:25:19.565	0.95641				2
2025.04.01	01:25:20.295	0.95642				2
2025.04.01	01:25:20.653	0.95641				2
2025.04.01	01:25:21.500	0.95642				2
2025.04.01	01:25:28.995	0.95641				2
2025.04.01	01:25:29.496	0.95643	0.95657			6
2025.04.01	01:25:29.868	0.95644				2
2025.04.01	01:25:30.361	0.95645	0.95658			6
2025.04.01	01:25:30.912	0.95643	0.95657			6
2025.04.01	01:25:32.566	0.95644				2
2025.04.01	01:25:33.576	0.95646	0.95658			6
2025.04.01	01:25:35.604	0.95645				2
2025.04.01	01:25:52.167	0.95646				2
2025.04.01	01:25:53.967	0.95645				2
2025.04.01	01:25:57.262	0.95646				2
2025.04.01	01:26:00.428	0.95648	0.95659			6
2025.04.01	01:26:00.754		0.95661			4
2025.04.01	01:26:02.564	0.95646	0.95660			6
2025.04.01	01:26:02.870	0.95648	0.95659			6
2025.04.01	01:26:03.196	0.95646				2
2025.04.01	01:26:06.365	0.95649	0.95661			6
2025.04.01	01:26:09.799	0.95648				2
2025.04.01	01:26:17.295	0.95650				2
2025.04.01	01:26:20.508	0.95649				2
2025.04.01	01:26:20.833	0.95650	0.95659			6
2025.04.01	01:26:21.134	0.95646				2
2025.04.01	01:26:22.111	0.95647	0.95661			6
2025.04.01	01:26:23.896	0.95648				2
2025.04.01	01:26:24.713	0.95647				2
2025.04.01	01:26:29.069	0.95649	0.95660			6
2025.04.01	01:26:29.384	0.95647	0.95659			6
2025.04.01	01:26:30.408	0.95646				2
2025.04.01	01:26:31.096	0.95647				2
2025.04.01	01:26:31.810	0.95646				2
2025.04.01	01:26:35.621	0.95648	0.95660			6
2025.04.01	01:26:48.260		0.95661			4
2025.04.01	01:27:00.443	0.95648				2
2025.04.01	01:27:00.788	0.95649				2
2025.04.01	01:27:04.249	0.95648				2
2025.04.01	01:27:07.721	0.95649				2
2025.04.01	01:27:10.558	0.95648				2
2025.04.01	01:27:48.815		0.95661			4
2025.04.01	01:27:55.092	0.95650	0.95663			6
2025.04.01	01:28:03.720	0.95650				2
2025.04.01	01:28:05.244	0.95649	0.95662			6
2025.04.01	01:28:07.363	0.95650				2
2025.04.01	01:28:08.442	0.95649				2
2025.04.01	01:28:12.440	0.95650				2
2025.04.01	01:28:15.499	0.95651				2
2025.04.01	01:28:24.496	0.95650				2
2025.04.01	01:28:29.553		0.95664			4
2025.04.01	01:28:30.260		0.95663			4
2025.04.01	01:28:56.599	0.95649				2
2025.04.01	01:28:57.410	0.95650				2
2025.04.01	01:29:00.458	0.95650				2
2025.04.01	01:29:16.344		0.95664			4
2025.04.01	01:29:17.966	0.95651				2
2025.04.01	01:29:19.887	0.95650				2
2025.04.01	01:29:23.385	0.95651				2
2025.04.01	01:29:27.165		0.95665			4
2025.04.01	01:29:28.125	0.95649	0.95664			6
2025.04.01	01:29:29.273	0.95651				2
2025.04.01	01:29:35.470	0.95649	0.95662			6
2025.04.01	01:29:38.504		0.95664			4
2025.04.01	01:29:40.303	0.95647	0.95658			6
2025.04.01	01:30:00.307	0.95647				2
2025.04.01	01:30:00.989		0.95657			4
2025.04.01	01:30:02.135	0.95651				2
2025.04.01	01:30:04.271	0.95647				2
2025.04.01	01:30:04.616	0.95646				2
2025.04.01	01:30:06.315	0.95648				2
2025.04.01	01:30:07.099	0.95647				2
2025.04.01	01:30:11.927		0.95656			4
2025.04.01	01:30:16.988	0.95646				2
2025.04.01	01:30:17.296	0.95647				2
2025.04.01	01:30:18.795	0.95646				2
2025.04.01	01:30:19.996	0.95647				2
2025.04.01	01:30:22.041	0.95646				2
2025.04.01	01:30:22.394	0.95647				2
2025.04.01	01:30:24.084	0.95645	0.95655			6
2025.04.01	01:30:38.897		0.95656			4
2025.04.01	01:30:48.426	0.95646				2
2025.04.01	01:30:49.218	0.95644				2
2025.04.01	01:30:51.018	0.95645	0.95655			6
2025.04.01	01:30:55.322	0.95647				2
2025.04.01	01:31:00.192	0.95647				2
2025.04.01	01:31:01.999	0.95645				2
2025.04.01	01:31:02.306	0.95640	0.95652			6
2025.04.01	01:31:03.485	0.95642	0.95653			6
2025.04.01	01:31:04.291	0.95643	0.95655			6
2025.04.01	01:31:07.113		0.95653			4
2025.04.01	01:31:08.896	0.95642				2
2025.04.01	01:31:18.142	0.95643	0.95656			6
2025.04.01	01:31:29.815	0.95642				2
2025.04.01	01:31:40.832	0.95639	0.95652			6
2025.04.01	01:31:41.524		0.95651			4
2025.04.01	01:31:44.255		0.95652			4
2025.04.01	01:32:00.119	0.95639				2
2025.04.01	01:32:14.839	0.95641	0.95651			6
2025.04.01	01:32:15.141	0.95639	0.95649			6
2025.04.01	01:32:15.633		0.95647			4
2025.04.01	01:32:18.195	0.95641	0.95649			6
2025.04.01	01:32:19.660	0.95639	0.95648			6
2025.04.01	01:32:24.993		0.95649			4
2025.04.01	01:32:28.177		0.95648			4
2025.04.01	01:32:29.925	0.95637	0.95647			6
2025.04.01	01:32:39.193	0.95638				2
2025.04.01	01:32:39.685	0.95637				2
2025.04.01	01:32:40.217	0.95638				2
2025.04.01	01:32:40.696	0.95637				2
2025.04.01	01:32:42.287	0.95638	0.95649			6
2025.04.01	01:33:00.255	0.95638				2
2025.04.01	01:33:17.263	0.95639				2
2025.04.01	01:33:42.534		0.95649			4
2025.04.01	01:33:45.508	0.95638				2
2025.04.01	01:33:46.547	0.95639				2
2025.04.01	01:34:00.064	0.95639				2
2025.04.01	01:34:15.009		0.95647			4
2025.04.01	01:34:18.655	0.95638				2
2025.04.01	01:34:20.414	0.95639				2
2025.04.01	01:34:21.380		0.95649			4
2025.04.01	01:34:21.876	0.95638				2
2025.04.01	01:34:22.963	0.95639				2
2025.04.01	01:34:33.916	0.95634	0.95646			6
2025.04.01	01:34:34.357	0.95633				2
2025.04.01	01:34:34.695	0.95634				2
2025.04.01	01:34:37.880		0.95645			4
2025.04.01	01:34:45.392	0.95633				2
2025.04.01	01:35:01.045	0.95633				2
2025.04.01	01:35:04.673	0.95638	0.95649			6
2025.04.01	01:35:08.654	0.95640	0.95650			6
2025.04.01	01:35:11.074	0.95639				2
2025.04.01	01:35:20.005		0.95649			4
2025.04.01	01:35:38.029		0.95650			4
2025.04.01	01:35:39.240	0.95640				2
2025.04.01	01:36:00.144	0.95640				2
2025.04.01	01:36:31.466	0.95639	0.95648			6
2025.04.01	01:36:37.412	0.95640				2
2025.04.01	01:36:38.773		0.95649			4
2025.04.01	01:36:39.197	0.95639				2
2025.04.01	01:36:40.297	0.95640				2
2025.04.01	01:36:41.896	0.95639				2
2025.04.01	01:36:43.682	0.95640				2
2025.04.01	01:36:45.740	0.95639				2
2025.04.01	01:36:46.779	0.95640				2
2025.04.01	01:36:48.195	0.95639				2
2025.04.01	01:36:50.891	0.95640				2
2025.04.01	01:36:52.395	0.95639				2
2025.04.01	01:36:54.071	0.95640				2
2025.04.01	01:36:54.948	0.95639				2
2025.04.01	01:36:56.074	0.95640				2
2025.04.01	01:36:57.798	0.95639				2
2025.04.01	01:37:00.075	0.95639				2
2025.04.01	01:37:00.951	0.95640				2
2025.04.01	01:37:07.881		0.95650			4
2025.04.01	01:37:33.770		0.95649			4
2025.04.01	01:37:35.577	0.95639	0.95650			6
2025.04.01	01:37:35.907		0.95649			4
2025.04.01	01:37:36.774	0.95640				2
2025.04.01	01:37:37.846	0.95641	0.95651			6
2025.04.01	01:37:38.295		0.95650			4
2025.04.01	01:37:38.596	0.95639	0.95648			6
2025.04.01	01:37:49.094	0.95640				2
2025.04.01	01:38:00.003	0.95640				2
2025.04.01	01:38:07.483		0.95649			4
2025.04.01	01:38:25.525	0.95639				2
2025.04.01	01:38:26.545	0.95640				2
2025.04.01	01:38:28.341	0.95639				2
2025.04.01	01:38:28.812	0.95640				2
2025.04.01	01:38:29.196	0.95639				2
2025.04.01	01:38:29.861	0.95640				2
2025.04.01	01:38:30.242	0.95639				2
2025.04.01	01:38:31.949	0.95640				2
2025.04.01	01:38:33.075	0.95639				2
2025.04.01	01:38:34.558	0.95640				2
2025.04.01	01:38:34.949	0.95639				2
2025.04.01	01:38:35.901	0.95640	0.95652			6
2025.04.01	01:38:36.582		0.95651			4
2025.04.01	01:38:37.673		0.95652			4
2025.04.01	01:38:38.736		0.95651			4
2025.04.01	01:38:40.770		0.95652			4
2025.04.01	01:38:41.772		0.95651			4
2025.04.01	01:38:48.045	0.95639	0.95652			6
2025.04.01	01:38:48.728	0.95640	0.95651			6
2025.04.01	01:38:51.151	0.95639	0.95652			6
2025.04.01	01:38:52.308	0.95640	0.95651			6
2025.04.01	01:38:53.564	0.95639	0.95652			6
2025.04.01	01:38:53.975	0.95640	0.95651			6
2025.04.01	01:38:54.817		0.95652			4
2025.04.01	01:38:57.908		0.95651			4
2025.04.01	01:39:00.038	0.95640				2
2025.04.01	01:39:01.080	0.95639	0.95652			6
2025.04.01	01:39:02.125	0.95640	0.95651			6
2025.04.01	01:39:04.911	0.95639				2
2025.04.01	01:39:13.295		0.95650			4
2025.04.01	01:39:28.955		0.95651			4
2025.04.01	01:39:36.149		0.95650			4
2025.04.01	01:39:37.348		0.95649			4
2025.04.01	01:39:43.416	0.95637	0.95648			6
2025.04.01	01:39:43.728	0.95640	0.95651			6
2025.04.01	01:39:44.929	0.95639	0.95650			6
2025.04.01	01:39:47.624	0.95640				2
2025.04.01	01:39:51.708		0.95651			4
2025.04.01	01:40:01.098	0.95640				2
2025.04.01	01:40:02.284	0.95639				2
2025.04.01	01:40:04.698	0.95640				2
2025.04.01	01:40:05.760	0.95639				2
2025.04.01	01:40:10.997	0.95640				2
2025.04.01	01:40:16.736	0.95641				2
2025.04.01	01:40:19.330	0.95644	0.95650			6
2025.04.01	01:40:19.707		0.95648			4
2025.04.01	01:40:20.978	0.95640				2
2025.04.01	01:40:37.493	0.95639				2
2025.04.01	01:40:49.135	0.95640				2
2025.04.01	01:41:00.469	0.95640				2
2025.04.01	01:41:13.902	0.95639				2
2025.04.01	01:41:19.710		0.95648			4
2025.04.01	01:41:24.953	0.95638				2
2025.04.01	01:41:25.628	0.95639				2
2025.04.01	01:41:27.025	0.95638				2
2025.04.01	01:41:27.772	0.95639				2
2025.04.01	01:41:28.099	0.95638				2
2025.04.01	01:41:28.904	0.95639				2
2025.04.01	01:41:41.204		0.95647			4
2025.04.01	01:41:41.508	0.95637	0.95649			6
2025.04.01	01:41:42.359	0.95638				2
2025.04.01	01:41:42.676	0.95637				2
2025.04.01	01:41:44.475	0.95638				2
2025.04.01	01:41:46.764	0.95637				2
2025.04.01	01:41:47.414		0.95648			4
2025.04.01	01:41:48.665	0.95638				2
2025.04.01	01:41:49.990	0.95637				2
2025.04.01	01:41:50.631	0.95638				2
2025.04.01	01:41:51.047	0.95637				2
2025.04.01	01:41:51.679	0.95638				2
2025.04.01	01:41:51.992	0.95637				2
2025.04.01	01:41:54.822	0.95639	0.95650			6
2025.04.01	01:42:00.015	0.95639				2
2025.04.01	01:42:28.587	0.95640	0.95651			6
2025.04.01	01:42:28.907		0.95647			4
2025.04.01	01:42:29.673		0.95644			4
2025.04.01	01:42:31.765		0.95645			4
2025.04.01	01:42:34.693		0.95646			4
2025.04.01	01:42:37.017	0.95634	0.95641			6
2025.04.01	01:42:37.320	0.95633				2
2025.04.01	01:42:45.117	0.95634	0.95644			6
2025.04.01	01:42:45.797	0.95636				2
2025.04.01	01:42:56.754		0.95642			4
2025.04.01	01:42:57.081	0.95634	0.95643			6
2025.04.01	01:42:57.497	0.95636				2
2025.04.01	01:43:00.014	0.95636				2
2025.04.01	01:43:05.847	0.95635	0.95642			6
2025.04.01	01:43:06.925	0.95632	0.95639			6
2025.04.01	01:43:07.230	0.95631				2
2025.04.01	01:43:10.817	0.95632	0.95642			6
2025.04.01	01:43:13.395	0.95633				2
2025.04.01	01:43:33.962	0.95632				2
2025.04.01	01:43:34.267	0.95633				2
2025.04.01	01:43:35.952	0.95632				2
2025.04.01	01:43:36.294	0.95633				2
2025.04.01	01:43:40.301	0.95632				2
2025.04.01	01:43:42.424	0.95633				2
2025.04.01	01:44:00.036	0.95632				2
2025.04.01	01:44:01.695	0.95634				2
2025.04.01	01:44:11.252		0.95642			4
2025.04.01	01:44:13.903	0.95633				2
2025.04.01	01:44:23.879	0.95632				2
2025.04.01	01:44:24.186	0.95628	0.95637			6
2025.04.01	01:44:25.928	0.95629				2
2025.04.01	01:44:26.881	0.95628				2
2025.04.01	01:44:40.604	0.95627	0.95638			6
2025.04.01	01:44:41.897	0.95628				2
2025.04.01	01:44:45.096	0.95627				2
2025.04.01	01:44:47.028	0.95628	0.95637			6
2025.04.01	01:44:49.938	0.95627	0.95639			6
2025.04.01	01:44:51.752	0.95628	0.95637			6
2025.04.01	01:45:00.720	0.95628				2
2025.04.01	01:45:09.824	0.95629	0.95639			6
2025.04.01	01:45:10.126	0.95627				2
2025.04.01	01:45:13.097	0.95628				2
2025.04.01	01:45:15.905	0.95629	0.95640			6
2025.04.01	01:45:33.856	0.95631	0.95642			6
2025.04.01	01:45:35.394		0.95644			4
2025.04.01	01:45:49.216		0.95643			4
2025.04.01	01:45:50.348	0.95630				2
2025.04.01	01:45:52.515		0.95644			4
2025.04.01	01:45:57.931	0.95628	0.95642			6
2025.04.01	01:45:58.644	0.95627				2
2025.04.01	01:45:59.897	0.95629				2
2025.04.01	01:46:00.456	0.95627				2
2025.04.01	01:46:00.775	0.95629				2
2025.04.01	01:46:01.953		0.95639			4
2025.04.01	01:46:02.369	0.95630				2
2025.04.01	01:46:03.279	0.95628				2
2025.04.01	01:46:04.196	0.95629				2
2025.04.01	01:46:07.495	0.95628				2
2025.04.01	01:46:12.563		0.95637			4
2025.04.01	01:46:13.627	0.95627				2
2025.04.01	01:46:13.953		0.95639			4
2025.04.01	01:46:30.057	0.95628	0.95638			6
2025.04.01	01:46:36.245		0.95639			4
2025.04.01	01:46:49.230	0.95629				2
2025.04.01	01:46:52.696	0.95628				2
2025.04.01	01:47:00.196	0.95629				2
2025.04.01	01:47:20.682	0.95628	0.95636			6
2025.04.01	01:47:21.241	0.95627				2
2025.04.01	01:47:22.393		0.95637			4
2025.04.01	01:47:31.586	0.95628				2
2025.04.01	01:47:36.219	0.95626	0.95635			6
2025.04.01	01:47:41.961	0.95627				2
2025.04.01	01:47:43.395	0.95626				2
2025.04.01	01:47:51.641	0.95622	0.95634			6
2025.04.01	01:47:52.479	0.95620				2
2025.04.01	01:47:53.299	0.95622				2
2025.04.01	01:48:01.060	0.95622				2
2025.04.01	01:48:01.563	0.95621				2
2025.04.01	01:48:10.461		0.95635			4
2025.04.01	01:48:44.936	0.95622	0.95633			6
2025.04.01	01:48:47.029	0.95624	0.95632			6
2025.04.01	01:48:50.691		0.95633			4
2025.04.01	01:48:56.262	0.95623				2
2025.04.01	01:49:00.059	0.95623	0.95632			6
2025.04.01	01:49:00.410	0.95622				2
2025.04.01	01:49:02.001	0.95620				2
2025.04.01	01:49:03.745	0.95621				2
2025.04.01	01:49:04.095	0.95623				2
2025.04.01	01:49:04.701	0.95621				2
2025.04.01	01:49:11.491	0.95624	0.95634			6
2025.04.01	01:49:12.855	0.95625	0.95637			6
2025.04.01	01:49:19.105	0.95628	0.95638			6
2025.04.01	01:49:22.696	0.95629				2
2025.04.01	01:49:23.905		0.95639			4
2025.04.01	01:49:35.595	0.95628				2
2025.04.01	01:49:37.675	0.95627	0.95638			6
2025.04.01	01:49:39.521	0.95626	0.95637			6
2025.04.01	01:49:41.502	0.95628	0.95639			6
2025.04.01	01:49:41.805	0.95626	0.95637			6
2025.04.01	01:49:55.598		0.95636			4
2025.04.01	01:49:58.310	0.95628	0.95639			6
2025.04.01	01:49:58.632	0.95630				2
2025.04.01	01:49:59.600	0.95627	0.95636			6
2025.04.01	01:50:00.482	0.95627				2
2025.04.01	01:50:00.915	0.95626	0.95637			6
2025.04.01	01:50:01.457	0.95627				2
2025.04.01	01:50:02.147	0.95626	0.95636			6
2025.04.01	01:50:04.654	0.95627				2
2025.04.01	01:50:07.374	0.95626	0.95638			6
2025.04.01	01:50:31.429	0.95627				2
2025.04.01	01:50:41.149		0.95637			4
2025.04.01	01:50:49.097	0.95626				2
2025.04.01	01:50:51.304	0.95627				2
2025.04.01	01:50:54.601	0.95626				2
2025.04.01	01:50:56.864	0.95627				2
2025.04.01	01:51:01.695	0.95627				2
2025.04.01	01:51:03.553	0.95626	0.95640			6
2025.04.01	01:51:03.884	0.95627				2
2025.04.01	01:51:05.424		0.95637			4
2025.04.01	01:51:07.029		0.95636			4
2025.04.01	01:51:07.345	0.95625	0.95637			6
2025.04.01	01:51:10.739	0.95628				2
2025.04.01	01:51:17.339	0.95629				2
2025.04.01	01:51:20.634		0.95636			4
2025.04.01	01:51:29.029	0.95628	0.95635			6
2025.04.01	01:51:34.497		0.95638			4
2025.04.01	01:51:35.296	0.95627				2
2025.04.01	01:51:39.496	0.95628				2
2025.04.01	01:51:39.837	0.95627				2
2025.04.01	01:51:42.259	0.95629	0.95639			6
2025.04.01	01:51:46.722	0.95628				2
2025.04.01	01:51:51.814		0.95640			4
2025.04.01	01:51:54.725	0.95627				2
2025.04.01	01:51:55.096	0.95628				2
2025.04.01	01:51:55.697	0.95627				2
2025.04.01	01:51:56.295	0.95628				2
2025.04.01	01:52:00.622	0.95628				2
2025.04.01	01:52:02.385		0.95639			4
2025.04.01	01:52:03.558	0.95629				2
2025.04.01	01:52:17.603	0.95628				2
2025.04.01	01:52:25.505	0.95627				2
2025.04.01	01:52:25.965	0.95629	0.95640			6
2025.04.01	01:52:26.305	0.95627				2
2025.04.01	01:52:26.669	0.95628				2
2025.04.01	01:52:37.695	0.95627				2
2025.04.01	01:52:45.465	0.95628				2
2025.04.01	01:52:47.552	0.95627				2
2025.04.01	01:52:49.600	0.95629				2
2025.04.01	01:52:50.745	0.95628				2
2025.04.01	01:52:52.096	0.95629				2
2025.04.01	01:52:52.712	0.95628				2
2025.04.01	01:53:00.197	0.95628				2
2025.04.01	01:53:09.983	0.95629				2
2025.04.01	01:53:10.584	0.95628	0.95642			6
2025.04.01	01:53:10.983	0.95629				2
2025.04.01	01:53:11.598	0.95627	0.95640			6
2025.04.01	01:53:12.100	0.95630	0.95642			6
2025.04.01	01:53:20.421		0.95641			4
2025.04.01	01:53:23.376		0.95640			4
2025.04.01	01:53:23.752		0.95641			4
2025.04.01	01:53:32.074	0.95629				2
2025.04.01	01:53:33.499	0.95630	0.95640			6
2025.04.01	01:53:42.329	0.95632	0.95644			6
2025.04.01	01:53:43.237		0.95645			4
2025.04.01	01:53:46.648	0.95633				2
2025.04.01	01:53:58.094	0.95632				2
2025.04.01	01:54:00.220	0.95632				2
2025.04.01	01:54:01.315	0.95629	0.95641			6
2025.04.01	01:54:26.013	0.95627	0.95638			6
2025.04.01	01:54:31.125	0.95626				2
2025.04.01	01:54:34.985	0.95623	0.95635			6
2025.04.01	01:54:35.594	0.95624				2
2025.04.01	01:54:40.378		0.95636			4
2025.04.01	01:54:40.731	0.95625	0.95637			6
2025.04.01	01:54:43.162	0.95626				2
2025.04.01	01:54:43.620	0.95622	0.95635			6
2025.04.01	01:54:44.534	0.95623				2
2025.04.01	01:54:45.383	0.95622	0.95636			6
2025.04.01	01:54:51.755		0.95637			4
2025.04.01	01:54:54.992	0.95621				2
2025.04.01	01:54:55.697	0.95624				2
2025.04.01	01:54:59.382		0.95638			4
2025.04.01	01:55:01.428	0.95624				2
2025.04.01	01:55:01.861	0.95621				2
2025.04.01	01:55:06.796	0.95622				2
2025.04.01	01:55:08.504	0.95623				2
2025.04.01	01:55:19.655		0.95637			4
2025.04.01	01:55:23.383	0.95624				2
2025.04.01	01:55:27.316		0.95638			4
2025.04.01	01:55:31.909	0.95623				2
2025.04.01	01:55:49.207		0.95639			4
2025.04.01	01:55:55.243	0.95627	0.95642			6
2025.04.01	01:56:00.476	0.95627				2
2025.04.01	01:56:20.625		0.95641			4
2025.04.01	01:56:28.680		0.95642			4
2025.04.01	01:56:29.485	0.95626				2
2025.04.01	01:56:33.798	0.95627				2
2025.04.01	01:56:38.529	0.95626				2
2025.04.01	01:56:41.896	0.95627				2
2025.04.01	01:56:53.166	0.95628				2
2025.04.01	01:56:55.804	0.95627				2
2025.04.01	01:57:00.613	0.95627				2
2025.04.01	01:57:03.975		0.95643			4
2025.04.01	01:57:08.298	0.95626				2
2025.04.01	01:57:08.908	0.95627				2
2025.04.01	01:57:13.417	0.95626				2
2025.04.01	01:57:14.678	0.95628	0.95642			6
2025.04.01	01:57:18.740		0.95643			4
2025.04.01	01:57:21.797	0.95629				2
2025.04.01	01:57:32.580	0.95627				2
2025.04.01	01:57:33.197	0.95629				2
2025.04.01	01:57:33.854	0.95627				2
2025.04.01	01:57:36.796	0.95629				2
2025.04.01	01:57:37.695	0.95627				2
2025.04.01	01:57:39.514	0.95628				2
2025.04.01	01:57:39.881	0.95629				2
2025.04.01	01:57:41.899	0.95627				2
2025.04.01	01:57:42.496	0.95629				2
2025.04.01	01:57:52.096	0.95630				2
2025.04.01	01:57:55.776	0.95629				2
2025.04.01	01:57:56.285	0.95631				2
2025.04.01	01:58:00.939	0.95630				2
2025.04.01	01:58:01.434	0.95629				2
2025.04.01	01:58:09.130	0.95628				2
2025.04.01	01:58:15.617	0.95630				2
2025.04.01	01:58:20.198	0.95629	0.95643			6
2025.04.01	01:58:20.938	0.95630	0.95646			6
2025.04.01	01:58:25.865	0.95632				2
2025.04.01	01:58:26.595	0.95633				2
2025.04.01	01:58:28.024	0.95632				2
2025.04.01	01:58:28.489	0.95633	0.95644			6
2025.04.01	01:58:30.067	0.95631	0.95646			6
2025.04.01	01:58:38.194		0.95645			4
2025.04.01	01:58:38.929	0.95632	0.95647			6
2025.04.01	01:58:46.731	0.95633	0.95648			6
2025.04.01	01:58:47.497	0.95634				2
2025.04.01	01:58:52.421	0.95633				2
2025.04.01	01:58:54.196	0.95635				2
2025.04.01	01:58:54.972	0.95633				2
2025.04.01	01:58:55.347	0.95634				2
2025.04.01	01:59:00.494	0.95635				2
2025.04.01	01:59:02.121	0.95636	0.95647			6
2025.04.01	01:59:02.761	0.95645				2
2025.04.01	01:59:03.119	0.95646	0.95648			6
2025.04.01	01:59:03.616	0.95645	0.95647			6
2025.04.01	01:59:04.074	0.95636				2
2025.04.01	01:59:04.609	0.95646	0.95648			6
2025.04.01	01:59:05.396	0.95636	0.95647			6
2025.04.01	01:59:32.120	0.95637				2
2025.04.01	02:00:00.358	0.95637	0.95646			6
2025.04.01	02:00:02.970	0.95636				2
2025.04.01	02:00:03.727	0.95637	0.95648			6
2025.04.01	02:00:04.068	0.95636				2
2025.04.01	02:00:06.368	0.95640	0.95651			6
2025.04.01	02:00:06.683	0.95638	0.95650			6
2025.04.01	02:00:07.868	0.95637				2
2025.04.01	02:00:08.171	0.95638	0.95647			6
2025.04.01	02:00:10.093	0.95637	0.95648			6
2025.04.01	02:00:10.396	0.95638				2
2025.04.01	02:00:11.492		0.95647			4
2025.04.01	02:00:13.688	0.95637				2
2025.04.01	02:00:15.596	0.95638	0.95648			6
2025.04.01	02:00:17.750	0.95636	0.95646			6
2025.04.01	02:00:24.496	0.95635	0.95645			6
2025.04.01	02:00:24.805	0.95636	0.95646			6
2025.04.01	02:00:37.060	0.95634				2
2025.04.01	02:00:39.502	0.95636				2
2025.04.01	02:00:50.617	0.95635	0.95645			6
2025.04.01	02:00:50.921	0.95636				2
2025.04.01	02:00:54.814	0.95634				2
2025.04.01	02:00:57.856	0.95632	0.95644			6
2025.04.01	02:01:00.752	0.95632				2
2025.04.01	02:01:01.941	0.95633				2
2025.04.01	02:01:02.250	0.95630	0.95643			6
2025.04.01	02:01:02.560	0.95628	0.95641			6
2025.04.01	02:01:04.215		0.95642			4
2025.04.01	02:01:09.022	0.95633	0.95646			6
2025.04.01	02:01:09.340	0.95637				2
2025.04.01	02:01:17.246	0.95635				2
2025.04.01	02:01:18.303	0.95634				2
2025.04.01	02:01:19.396	0.95635				2
2025.04.01	02:01:28.674	0.95633				2
2025.04.01	02:01:31.456	0.95635				2
2025.04.01	02:01:33.383	0.95634				2
2025.04.01	02:01:35.380	0.95635				2
2025.04.01	02:01:36.826	0.95633	0.95644			6
2025.04.01	02:01:41.502	0.95635				2
2025.04.01	02:01:49.315	0.95633	0.95645			6
2025.04.01	02:01:55.053	0.95634				2
2025.04.01	02:01:57.348	0.95635				2
2025.04.01	02:02:00.612	0.95633				2
2025.04.01	02:02:14.216	0.95632				2
2025.04.01	02:02:14.982	0.95633				2
2025.04.01	02:02:21.148	0.95635				2
2025.04.01	02:02:26.367	0.95637	0.95646			6
2025.04.01	02:02:27.311	0.95638	0.95647			6
2025.04.01	02:02:28.523	0.95635	0.95645			6
2025.04.01	02:02:29.297	0.95634				2
2025.04.01	02:02:37.696	0.95635				2
2025.04.01	02:02:42.214		0.95646			4
2025.04.01	02:02:59.596	0.95636				2
2025.04.01	02:03:00.796	0.95636	0.95648			6
2025.04.01	02:03:04.995	0.95637				2
2025.04.01	02:03:07.508	0.95636				2
2025.04.01	02:03:22.858	0.95637	0.95646			6
2025.04.01	02:03:23.247	0.95634				2
2025.04.01	02:03:25.250	0.95635				2
2025.04.01	02:03:26.206	0.95636				2
2025.04.01	02:03:32.466	0.95635				2
2025.04.01	02:03:37.512	0.95636				2
2025.04.01	02:03:56.392	0.95635	0.95647			6
2025.04.01	02:03:56.705	0.95637				2
2025.04.01	02:04:00.166	0.95637	0.95649			6
2025.04.01	02:04:00.488	0.95639	0.95648			6
2025.04.01	02:04:01.394		0.95649			4
2025.04.01	02:04:01.707	0.95635	0.95644			6
2025.04.01	02:04:04.515	0.95633	0.95642			6
2025.04.01	02:04:05.395	0.95629	0.95640			6
2025.04.01	02:04:07.096	0.95630				2
2025.04.01	02:04:10.782	0.95629				2
2025.04.01	02:04:11.632	0.95632	0.95642			6
2025.04.01	02:04:12.285	0.95630				2
2025.04.01	02:04:12.608	0.95631				2
2025.04.01	02:04:15.305	0.95630				2
2025.04.01	02:04:19.920		0.95643			4
2025.04.01	02:04:21.580	0.95635	0.95644			6
2025.04.01	02:04:23.259	0.95634	0.95645			6
2025.04.01	02:04:28.010	0.95635				2
2025.04.01	02:04:28.784		0.95644			4
2025.04.01	02:04:32.599	0.95636	0.95645			6
2025.04.01	02:04:33.780	0.95638	0.95649			6
2025.04.01	02:04:35.121	0.95639				2
2025.04.01	02:04:37.077	0.95638				2
2025.04.01	02:04:37.396	0.95639				2
2025.04.01	02:04:41.116	0.95637	0.95648			6
2025.04.01	02:04:42.202		0.95650			4
2025.04.01	02:04:44.642	0.95636	0.95648			6
2025.04.01	02:04:46.398	0.95637				2
2025.04.01	02:04:46.803	0.95636				2
2025.04.01	02:04:53.638	0.95640	0.95650			6
2025.04.01	02:04:56.092	0.95637	0.95648			6
2025.04.01	02:04:59.380	0.95636	0.95649			6
2025.04.01	02:04:59.839	0.95637				2
2025.04.01	02:05:02.599	0.95637				2
2025.04.01	02:05:04.698	0.95639	0.95648			6
2025.04.01	02:05:05.188	0.95638				2
2025.04.01	02:05:06.129	0.95637	0.95645			6
2025.04.01	02:05:07.998	0.95636				2
2025.04.01	02:05:09.879	0.95634	0.95644			6
2025.04.01	02:05:14.981	0.95633				2
2025.04.01	02:05:16.866	0.95632				2
2025.04.01	02:05:17.298	0.95631				2
2025.04.01	02:05:17.741	0.95632				2
2025.04.01	02:05:18.945	0.95633	0.95645			6
2025.04.01	02:05:20.080	0.95636	0.95646			6
2025.04.01	02:05:21.310	0.95634	0.95644			6
2025.04.01	02:05:22.221	0.95633				2
2025.04.01	02:05:26.547	0.95635	0.95645			6
2025.04.01	02:05:29.271	0.95634	0.95644			6
2025.04.01	02:05:32.146	0.95636	0.95646			6
2025.04.01	02:05:33.988	0.95637				2
2025.04.01	02:05:54.383	0.95636				2
2025.04.01	02:05:55.262	0.95637				2
2025.04.01	02:05:56.340	0.95636	0.95647			6
2025.04.01	02:05:59.362	0.95638				2
2025.04.01	02:06:00.408	0.95638				2
2025.04.01	02:06:02.324	0.95637				2
2025.04.01	02:06:06.436	0.95638				2
2025.04.01	02:06:08.539	0.95637				2
2025.04.01	02:06:09.405	0.95640	0.95649			6
2025.04.01	02:06:13.377		0.95650			4
2025.04.01	02:06:14.596	0.95641				2
2025.04.01	02:06:17.185	0.95640				2
2025.04.01	02:06:19.196	0.95644	0.95653			6
2025.04.01	02:06:19.670		0.95654			4
2025.04.01	02:06:20.495		0.95653			4
2025.04.01	02:06:32.786	0.95643				2
2025.04.01	02:06:34.026	0.95646	0.95656			6
2025.04.01	02:06:36.845	0.95647				2
2025.04.01	02:07:00.126	0.95647				2
2025.04.01	02:07:08.444		0.95655			4
2025.04.01	02:07:08.795	0.95645				2
2025.04.01	02:07:11.690	0.95643				2
2025.04.01	02:07:12.278	0.95644				2
2025.04.01	02:07:13.099	0.95643				2
2025.04.01	02:07:22.449	0.95644				2
2025.04.01	02:07:23.012	0.95643				2
2025.04.01	02:07:27.278	0.95645				2
2025.04.01	02:07:28.685	0.95644				2
2025.04.01	02:07:29.006		0.95654			4
2025.04.01	02:07:32.208	0.95646				2
2025.04.01	02:07:32.526	0.95643	0.95656			6
2025.04.01	02:07:32.865	0.95645				2
2025.04.01	02:07:35.867	0.95646	0.95657			6
2025.04.01	02:07:36.718	0.95648	0.95658			6
2025.04.01	02:07:40.653	0.95647				2
2025.04.01	02:07:49.302	0.95648				2
2025.04.01	02:08:00.047	0.95648				2
2025.04.01	02:08:14.598		0.95661			4
2025.04.01	02:08:15.994	0.95649	0.95662			6
2025.04.01	02:08:19.382	0.95648	0.95661			6
2025.04.01	02:08:25.634		0.95659			4
2025.04.01	02:08:28.599	0.95647				2
2025.04.01	02:08:33.799	0.95648				2
2025.04.01	02:08:35.030	0.95647	0.95658			6
2025.04.01	02:08:40.183	0.95649	0.95660			6
2025.04.01	02:08:40.487	0.95646	0.95658			6
2025.04.01	02:08:41.477	0.95648	0.95660			6
2025.04.01	02:08:47.385		0.95661			4
2025.04.01	02:08:47.716	0.95649				2
2025.04.01	02:08:50.295	0.95650				2
2025.04.01	02:08:51.337	0.95648	0.95658			6
2025.04.01	02:08:53.552		0.95656			4
2025.04.01	02:09:00.505	0.95648				2
2025.04.01	02:09:01.265		0.95657			4
2025.04.01	02:09:02.774	0.95645	0.95652			6
2025.04.01	02:09:03.085	0.95640				2
2025.04.01	02:09:04.502	0.95639				2
2025.04.01	02:09:04.806	0.95641	0.95654			6
2025.04.01	02:09:05.263	0.95640	0.95652			6
2025.04.01	02:09:05.622	0.95641	0.95651			6
2025.04.01	02:09:08.500	0.95639				2
2025.04.01	02:09:08.837	0.95640				2
2025.04.01	02:09:09.411		0.95649			4
2025.04.01	02:09:12.962	0.95642	0.95652			6
2025.04.01	02:09:19.962	0.95638	0.95646			6
2025.04.01	02:09:20.336	0.95639				2
2025.04.01	02:09:24.068	0.95637				2
2025.04.01	02:09:24.487	0.95635	0.95645			6
2025.04.01	02:09:25.527	0.95634	0.95644			6
2025.04.01	02:09:27.697	0.95635				2
2025.04.01	02:09:40.010		0.95645			4
2025.04.01	02:09:40.757		0.95644			4
2025.04.01	02:09:47.664	0.95634				2
2025.04.01	02:09:55.580	0.95635				2
2025.04.01	02:10:00.771	0.95635				2
2025.04.01	02:10:03.023	0.95636	0.95645			6
2025.04.01	02:10:05.478		0.95644			4
2025.04.01	02:10:08.271		0.95646			4
2025.04.01	02:10:20.597	0.95637				2
2025.04.01	02:10:45.349		0.95647			4
2025.04.01	02:10:53.379	0.95638	0.95648			6
2025.04.01	02:11:03.194	0.95638	0.95647			6
2025.04.01	02:11:06.483	0.95637				2
2025.04.01	02:11:06.798	0.95638				2
2025.04.01	02:11:53.601		0.95648			4
2025.04.01	02:11:55.132	0.95639				2
2025.04.01	02:12:00.921	0.95639				2
2025.04.01	02:12:01.963	0.95638				2
2025.04.01	02:12:06.652	0.95639				2
2025.04.01	02:12:16.050		0.95651			4
2025.04.01	02:12:17.911	0.95638				2
2025.04.01	02:12:18.286	0.95639				2
2025.04.01	02:12:19.696	0.95638				2
2025.04.01	02:12:25.035	0.95640				2
2025.04.01	02:12:31.156		0.95649			4
2025.04.01	02:12:32.406		0.95651			4
2025.04.01	02:12:32.737	0.95639				2
2025.04.01	02:12:33.735	0.95640				2
2025.04.01	02:12:42.843		0.95649			4
2025.04.01	02:12:57.580	0.95638	0.95647			6
2025.04.01	02:12:57.889	0.95637	0.95648			6
2025.04.01	02:12:59.254	0.95639				2
2025.04.01	02:12:59.595	0.95638				2
2025.04.01	02:13:05.144	0.95638				2
2025.04.01	02:13:14.178		0.95649			4
2025.04.01	02:13:18.354		0.95648			4
2025.04.01	02:13:29.038	0.95637				2
2025.04.01	02:13:32.173	0.95638				2
2025.04.01	02:13:34.215	0.95637				2
2025.04.01	02:13:35.224	0.95638				2
2025.04.01	02:14:00.317	0.95638				2
2025.04.01	02:14:18.683		0.95648			4
2025.04.01	02:14:21.485	0.95636	0.95647			6
2025.04.01	02:14:23.213	0.95637	0.95648			6
2025.04.01	02:14:23.597	0.95638				2
2025.04.01	02:14:55.008	0.95637	0.95647			6
2025.04.01	02:15:01.841	0.95638				2
2025.04.01	02:15:22.661		0.95646			4
2025.04.01	02:15:23.527		0.95647			4
2025.04.01	02:15:27.442	0.95639	0.95648			6
2025.04.01	02:15:42.298	0.95640	0.95649			6
2025.04.01	02:15:51.601	0.95639	0.95647			6
2025.04.01	02:15:51.950	0.95638	0.95648			6
2025.04.01	02:15:59.861	0.95639				2
2025.04.01	02:16:01.676	0.95639				2
2025.04.01	02:16:04.341		0.95649			4
2025.04.01	02:16:04.997	0.95638				2
2025.04.01	02:16:05.436		0.95648			4
2025.04.01	02:16:12.851	0.95637	0.95649			6
2025.04.01	02:16:17.152	0.95638				2
2025.04.01	02:16:26.601	0.95639				2
2025.04.01	02:16:47.922	0.95640				2
2025.04.01	02:16:52.227		0.95650			4
2025.04.01	02:17:04.379	0.95640				2
2025.04.01	02:17:20.528	0.95638	0.95648			6
2025.04.01	02:17:49.057	0.95639	0.95650			6
2025.04.01	02:17:51.708	0.95640				2
2025.04.01	02:18:00.994	0.95640				2
2025.04.01	02:18:09.186	0.95636	0.95646			6
2025.04.01	02:18:11.246	0.95637				2
2025.04.01	02:18:24.852	0.95636				2
2025.04.01	02:18:37.733	0.95635	0.95645			6
2025.04.01	02:18:43.154	0.95636				2
2025.04.01	02:18:44.848	0.95635				2
2025.04.01	02:18:45.796	0.95636				2
2025.04.01	02:18:49.096	0.95635				2
2025.04.01	02:18:50.296	0.95636				2
2025.04.01	02:18:53.486	0.95635				2
2025.04.01	02:19:00.011	0.95635				2
2025.04.01	02:19:10.233	0.95634				2
2025.04.01	02:19:17.542	0.95633	0.95644			6
2025.04.01	02:19:27.671	0.95634				2
2025.04.01	02:19:30.749	0.95633	0.95642			6
2025.04.01	02:19:31.232	0.95632				2
2025.04.01	02:19:31.795	0.95633				2
2025.04.01	02:19:38.006	0.95634				2
2025.04.01	02:19:41.036		0.95643			4
2025.04.01	02:20:00.037	0.95634				2
2025.04.01	02:20:09.433	0.95625	0.95634			6
2025.04.01	02:20:12.089	0.95626	0.95635			6
2025.04.01	02:20:16.534	0.95625				2
2025.04.01	02:20:19.035	0.95624	0.95633			6
2025.04.01	02:20:28.141	0.95625	0.95634			6
2025.04.01	02:20:29.607	0.95624				2
2025.04.01	02:20:36.994	0.95623	0.95632			6
2025.04.01	02:20:51.476	0.95624				2
2025.04.01	02:20:58.282	0.95623				2
2025.04.01	02:21:00.693	0.95623				2
2025.04.01	02:21:03.795	0.95622				2
2025.04.01	02:21:04.559	0.95623				2
2025.04.01	02:21:18.371	0.95624				2
2025.04.01	02:21:19.763		0.95633			4
2025.04.01	02:21:20.433		0.95634			4
2025.04.01	02:21:23.185	0.95627	0.95637			6
2025.04.01	02:21:30.969		0.95636			4
2025.04.01	02:21:31.324	0.95626				2
2025.04.01	02:21:32.535	0.95627				2
2025.04.01	02:21:38.132	0.95626				2
2025.04.01	02:21:42.089	0.95627				2
2025.04.01	02:21:44.124	0.95624	0.95633			6
2025.04.01	02:21:44.428	0.95623				2
2025.04.01	02:21:51.496	0.95622				2
2025.04.01	02:21:54.660	0.95623				2
2025.04.01	02:22:00.486	0.95622				2
2025.04.01	02:22:01.153		0.95632			4
2025.04.01	02:22:01.479		0.95631			4
2025.04.01	02:22:02.321		0.95632			4
2025.04.01	02:22:05.703	0.95621	0.95631			6
2025.04.01	02:22:08.274	0.95622	0.95632			6
2025.04.01	02:22:09.766	0.95621				2
2025.04.01	02:22:10.084		0.95631			4
2025.04.01	02:22:12.496	0.95622	0.95632			6
2025.04.01	02:22:13.105	0.95621				2
2025.04.01	02:22:16.395	0.95622				2
2025.04.01	02:22:21.515	0.95623	0.95633			6
2025.04.01	02:22:37.951	0.95625	0.95636			6
2025.04.01	02:22:38.894		0.95635			4
2025.04.01	02:22:43.105	0.95627	0.95637			6
2025.04.01	02:22:48.492		0.95636			4
2025.04.01	02:22:49.166		0.95637			4
2025.04.01	02:22:50.790		0.95638			4
2025.04.01	02:22:55.263		0.95636			4
2025.04.01	02:23:02.369	0.95626				2
2025.04.01	02:23:02.677	0.95627				2
2025.04.01	02:23:04.040	0.95625	0.95635			6
2025.04.01	02:23:23.373	0.95621	0.95631			6
2025.04.01	02:23:24.292	0.95622	0.95632			6
2025.04.01	02:23:24.796	0.95623	0.95633			6
2025.04.01	02:23:36.878		0.95632			4
2025.04.01	02:23:40.209	0.95626				2
2025.04.01	02:23:40.876	0.95623	0.95631			6
2025.04.01	02:23:42.037	0.95622	0.95632			6
2025.04.01	02:23:42.348		0.95631			4
2025.04.01	02:23:42.715	0.95621				2
2025.04.01	02:23:43.166	0.95625				2
2025.04.01	02:23:43.618	0.95621				2
2025.04.01	02:23:47.323	0.95622	0.95632			6
2025.04.01	02:23:51.878	0.95621	0.95631			6
2025.04.01	02:24:00.471	0.95621				2
2025.04.01	02:24:02.002	0.95622	0.95632			6
2025.04.01	02:24:02.414	0.95623				2
2025.04.01	02:24:04.816		0.95633			4
2025.04.01	02:24:06.797	0.95624				2
2025.04.01	02:24:09.414	0.95620	0.95630			6
2025.04.01	02:24:11.530	0.95619	0.95629			6
2025.04.01	02:24:17.573		0.95630			4
2025.04.01	02:24:36.386	0.95620				2
2025.04.01	02:25:00.348	0.95620				2
2025.04.01	02:25:02.456		0.95631			4
2025.04.01	02:25:02.996		0.95630			4
2025.04.01	02:25:16.558	0.95619	0.95629			6
2025.04.01	02:25:32.726	0.95618				2
2025.04.01	02:25:37.858		0.95627			4
2025.04.01	02:25:51.595	0.95619	0.95628			6
2025.04.01	02:25:51.959		0.95629			4
2025.04.01	02:25:54.028		0.95630			4
2025.04.01	02:25:59.599		0.95629			4
2025.04.01	02:26:00.378	0.95619				2
2025.04.01	02:26:01.696	0.95620	0.95630			6
2025.04.01	02:26:07.853	0.95619	0.95629			6
2025.04.01	02:26:14.775	0.95620	0.95630			6
2025.04.01	02:26:16.856		0.95629			4
2025.04.01	02:26:21.376		0.95630			4
2025.04.01	02:26:22.694	0.95619				2
2025.04.01	02:26:54.464	0.95618	0.95628			6
2025.04.01	02:26:54.796		0.95627			4
2025.04.01	02:27:00.800	0.95618				2
2025.04.01	02:27:03.050	0.95615	0.95624			6
2025.04.01	02:27:03.773	0.95614				2
2025.04.01	02:27:24.574		0.95623			4
2025.04.01	02:27:29.785	0.95611	0.95622			6
2025.04.01	02:27:32.962	0.95613	0.95623			6
2025.04.01	02:27:38.432		0.95624			4
2025.04.01	02:27:40.310	0.95614				2
2025.04.01	02:28:00.321	0.95614				2
2025.04.01	02:28:10.457	0.95613	0.95623			6
2025.04.01	02:28:12.058	0.95615	0.95625			6
2025.04.01	02:28:17.600	0.95614	0.95624			6
2025.04.01	02:28:27.483	0.95615	0.95625			6
2025.04.01	02:28:41.439	0.95614				2
2025.04.01	02:28:43.695	0.95615				2
2025.04.01	02:28:51.869	0.95616	0.95626			6
2025.04.01	02:28:53.605	0.95615				2
2025.04.01	02:29:01.459	0.95616				2
2025.04.01	02:29:02.240	0.95615	0.95627			6
2025.04.01	02:29:13.641		0.95628			4
2025.04.01	02:29:44.079	0.95616	0.95627			6
2025.04.01	02:29:47.787		0.95628			4
2025.04.01	02:29:49.114	0.95617	0.95627			6
2025.04.01	02:29:51.100	0.95616				2
2025.04.01	02:30:00.274	0.95616				2
2025.04.01	02:30:01.099	0.95615	0.95628			6
2025.04.01	02:30:08.794	0.95616				2
2025.04.01	02:30:11.937	0.95615				2
2025.04.01	02:30:12.712	0.95616	0.95627			6
2025.04.01	02:30:15.486	0.95618	0.95629			6
2025.04.01	02:30:15.876		0.95628			4
2025.04.01	02:30:16.292	0.95616	0.95627			6
2025.04.01	02:30:27.906	0.95615	0.95624			6
2025.04.01	02:30:30.227	0.95614				2
2025.04.01	02:30:33.212	0.95615	0.95625			6
2025.04.01	02:30:42.652		0.95624			4
2025.04.01	02:30:43.604	0.95612	0.95623			6
2025.04.01	02:30:45.179	0.95611	0.95622			6
2025.04.01	02:30:55.179	0.95612	0.95623			6
2025.04.01	02:31:00.269	0.95613				2
2025.04.01	02:31:01.266	0.95610	0.95621			6
2025.04.01	02:31:03.428	0.95621	0.95631			6
2025.04.01	02:31:03.732	0.95622	0.95633			6
2025.04.01	02:31:04.679	0.95627	0.95638			6
2025.04.01	02:31:04.987	0.95625	0.95636			6
2025.04.01	02:31:05.295	0.95626				2
2025.04.01	02:31:06.007		0.95637			4
2025.04.01	02:31:07.082	0.95627	0.95638			6
2025.04.01	02:31:08.650		0.95637			4
2025.04.01	02:31:08.971	0.95626	0.95638			6
2025.04.01	02:31:09.899	0.95625				2
2025.04.01	02:31:10.323	0.95626	0.95637			6
2025.04.01	02:31:13.915	0.95617	0.95628			6
2025.04.01	02:31:14.578	0.95616	0.95627			6
2025.04.01	02:31:15.512	0.95615	0.95626			6
2025.04.01	02:31:18.877		0.95625			4
2025.04.01	02:31:20.805		0.95626			4
2025.04.01	02:31:26.353	0.95614	0.95625			6
2025.04.01	02:31:27.978		0.95624			4
2025.04.01	02:31:28.436	0.95613	0.95623			6
2025.04.01	02:31:29.022	0.95612	0.95622			6
2025.04.01	02:31:29.599	0.95611	0.95621			6
2025.04.01	02:31:33.293	0.95613	0.95624			6
2025.04.01	02:31:36.524	0.95612	0.95622			6
2025.04.01	02:31:37.457	0.95610				2
2025.04.01	02:31:49.775	0.95611	0.95621			6
2025.04.01	02:31:52.783		0.95623			4
2025.04.01	02:31:53.133	0.95614	0.95624			6
2025.04.01	02:31:53.498	0.95613				2
2025.04.01	02:31:54.540	0.95618	0.95627			6
2025.04.01	02:32:00.835	0.95618				2
2025.04.01	02:32:02.296		0.95629			4
2025.04.01	02:32:02.911	0.95619	0.95630			6
2025.04.01	02:32:04.773	0.95618				2
2025.04.01	02:32:05.170	0.95619				2
2025.04.01	02:32:19.304	0.95620				2
2025.04.01	02:32:23.489	0.95622	0.95633			6
2025.04.01	02:32:23.795	0.95624	0.95634			6
2025.04.01	02:32:26.889	0.95620	0.95631			6
2025.04.01	02:32:29.746	0.95617	0.95628			6
2025.04.01	02:32:30.306	0.95615				2
2025.04.01	02:32:32.005		0.95627			4
2025.04.01	02:32:41.238	0.95614	0.95625			6
2025.04.01	02:32:46.349	0.95613	0.95624			6
2025.04.01	02:32:53.367	0.95612				2
2025.04.01	02:32:54.183	0.95613	0.95625			6
2025.04.01	02:32:58.346	0.95612	0.95624			6
2025.04.01	02:32:59.275		0.95625			4
2025.04.01	02:33:00.043	0.95612				2
2025.04.01	02:33:00.848	0.95614				2
2025.04.01	02:33:02.966	0.95613				2
2025.04.01	02:33:04.935	0.95614				2
2025.04.01	02:33:05.485	0.95613	0.95624			6
2025.04.01	02:33:07.046	0.95614	0.95625			6
2025.04.01	02:33:07.372	0.95613	0.95624			6
2025.04.01	02:33:10.850	0.95612				2
2025.04.01	02:33:11.619	0.95613				2
2025.04.01	02:33:16.683	0.95614	0.95625			6
2025.04.01	02:33:17.167	0.95615				2
2025.04.01	02:33:18.173	0.95614				2
2025.04.01	02:33:18.798	0.95613	0.95624			6
2025.04.01	02:33:21.453		0.95625			4
2025.04.01	02:33:22.995	0.95612	0.95623			6
2025.04.01	02:33:26.006		0.95624			4
2025.04.01	02:33:38.674	0.95611	0.95623			6
2025.04.01	02:33:41.844	0.95612	0.95624			6
2025.04.01	02:33:50.178	0.95613				2
2025.04.01	02:33:53.597	0.95612				2
2025.04.01	02:33:55.999		0.95625			4
2025.04.01	02:33:56.348	0.95613	0.95626			6
2025.04.01	02:33:56.655	0.95616				2
2025.04.01	02:34:00.210	0.95616	0.95627			6
2025.04.01	02:34:05.216	0.95618	0.95629			6
2025.04.01	02:34:07.398		0.95630			4
2025.04.01	02:34:07.899	0.95615	0.95626			6
2025.04.01	02:34:11.428	0.95616	0.95628			6
2025.04.01	02:34:16.937	0.95617	0.95629			6
2025.04.01	02:34:19.138	0.95616	0.95627			6
2025.04.01	02:34:19.652		0.95628			4
2025.04.01	02:34:22.999	0.95617				2
2025.04.01	02:34:25.866	0.95618				2
2025.04.01	02:34:26.283		0.95630			4
2025.04.01	02:34:40.717	0.95617	0.95629			6
2025.04.01	02:34:44.017	0.95616				2
2025.04.01	02:34:44.600	0.95617				2
2025.04.01	02:34:53.171	0.95616	0.95626			6
2025.04.01	02:34:54.354	0.95613	0.95624			6
2025.04.01	02:34:57.353	0.95614				2
2025.04.01	02:34:58.791	0.95613				2
2025.04.01	02:35:00.431	0.95614				2
2025.04.01	02:35:07.467	0.95608	0.95619			6
2025.04.01	02:35:07.840	0.95607				2
2025.04.01	02:35:08.850	0.95605	0.95618			6
2025.04.01	02:35:10.262	0.95604	0.95617			6
2025.04.01	02:35:55.900	0.95602	0.95614			6
2025.04.01	02:36:00.046	0.95602				2
2025.04.01	02:36:00.434		0.95613			4
2025.04.01	02:36:01.106	0.95607	0.95619			6
2025.04.01	02:36:01.413	0.95608				2
2025.04.01	02:36:12.613		0.95618			4
2025.04.01	02:36:12.925	0.95606				2
2025.04.01	02:36:15.922	0.95607				2
2025.04.01	02:36:20.349	0.95608				2
2025.04.01	02:36:44.071	0.95607				2
2025.04.01	02:37:00.709	0.95607				2
2025.04.01	02:37:01.319	0.95609	0.95619			6
2025.04.01	02:37:01.777		0.95620			4
2025.04.01	02:37:08.380		0.95619			4
2025.04.01	02:37:11.295	0.95608				2
2025.04.01	02:37:12.497	0.95609				2
2025.04.01	02:37:12.820		0.95620			4
2025.04.01	02:37:14.221	0.95606	0.95617			6
2025.04.01	02:37:14.875		0.95616			4
2025.04.01	02:37:15.195		0.95617			4
2025.04.01	02:37:16.696	0.95605	0.95616			6
2025.04.01	02:37:17.411	0.95606	0.95618			6
2025.04.01	02:37:19.556		0.95616			4
2025.04.01	02:37:19.928		0.95617			4
2025.04.01	02:37:20.843		0.95616			4
2025.04.01	02:37:22.013		0.95617			4
2025.04.01	02:37:22.995		0.95616			4
2025.04.01	02:37:23.313		0.95617			4
2025.04.01	02:37:33.155	0.95607	0.95618			6
2025.04.01	02:37:35.074	0.95608				2
2025.04.01	02:37:39.382		0.95619			4
2025.04.01	02:37:50.897	0.95612	0.95623			6
2025.04.01	02:37:52.279	0.95610	0.95621			6
2025.04.01	02:37:55.725		0.95622			4
2025.04.01	02:38:00.413	0.95611	0.95621			6
2025.04.01	02:38:02.515		0.95622			4
2025.04.01	02:38:03.276	0.95610				2
2025.04.01	02:38:05.309		0.95621			4
2025.04.01	02:38:08.898		0.95622			4
2025.04.01	02:38:09.241	0.95609	0.95620			6
2025.04.01	02:38:12.590	0.95606	0.95618			6
2025.04.01	02:38:12.906	0.95605				2
2025.04.01	02:38:13.890	0.95607				2
2025.04.01	02:38:14.596	0.95608	0.95619			6
2025.04.01	02:38:21.469		0.95620			4
2025.04.01	02:38:25.155		0.95619			4
2025.04.01	02:38:29.597	0.95609	0.95620			6
2025.04.01	02:38:32.114	0.95607	0.95619			6
2025.04.01	02:38:33.156		0.95618			4
2025.04.01	02:38:35.123	0.95605	0.95617			6
2025.04.01	02:38:35.446		0.95616			4
2025.04.01	02:38:40.832		0.95617			4
2025.04.01	02:38:41.985	0.95606	0.95618			6
2025.04.01	02:38:48.276	0.95607				2
2025.04.01	02:38:57.022		0.95619			4
2025.04.01	02:39:00.500	0.95607				2
2025.04.01	02:39:32.972	0.95608				2
2025.04.01	02:39:34.623	0.95607	0.95618			6
2025.04.01	02:39:36.121	0.95609	0.95619			6
2025.04.01	02:39:37.669		0.95620			4
2025.04.01	02:39:40.709	0.95610				2
2025.04.01	02:39:42.329		0.95621			4
2025.04.01	02:39:49.189	0.95609	0.95620			6
2025.04.01	02:39:56.596	0.95610	0.95621			6
2025.04.01	02:40:00.272	0.95610				2
2025.04.01	02:40:01.348	0.95611	0.95622			6
2025.04.01	02:40:02.569	0.95617	0.95628			6
2025.04.01	02:40:02.946		0.95627			4
2025.04.01	02:40:03.768	0.95616				2
2025.04.01	02:40:07.809	0.95617	0.95628			6
2025.04.01	02:40:14.661	0.95616	0.95627			6
2025.04.01	02:40:16.347	0.95615	0.95626			6
2025.04.01	02:40:20.673	0.95617	0.95628			6
2025.04.01	02:40:21.693	0.95618	0.95629			6
2025.04.01	02:40:29.062	0.95617	0.95628			6
2025.04.01	02:40:35.679	0.95616	0.95627			6
2025.04.01	02:40:36.495	0.95617	0.95628			6
2025.04.01	02:40:49.782	0.95616	0.95627			6
2025.04.01	02:41:01.962	0.95616				2
2025.04.01	02:41:02.473	0.95617				2
2025.04.01	02:41:02.788	0.95616				2
2025.04.01	02:41:03.522	0.95617	0.95628			6
2025.04.01	02:41:07.182		0.95627			4
2025.04.01	02:41:07.631	0.95618	0.95629			6
2025.04.01	02:41:11.599		0.95630			4
2025.04.01	02:41:13.670	0.95619				2
2025.04.01	02:41:17.597	0.95618				2
2025.04.01	02:41:18.334	0.95614	0.95627			6
2025.04.01	02:41:28.470	0.95615				2
2025.04.01	02:41:31.665	0.95614				2
2025.04.01	02:41:34.345	0.95613	0.95624			6
2025.04.01	02:41:38.344	0.95614	0.95626			6
2025.04.01	02:41:38.649	0.95613	0.95624			6
2025.04.01	02:41:49.437		0.95625			4
2025.04.01	02:41:53.597	0.95614				2
2025.04.01	02:42:00.975	0.95614				2
2025.04.01	02:42:01.410	0.95615	0.95626			6
2025.04.01	02:42:05.478	0.95616	0.95627			6
2025.04.01	02:42:08.831	0.95615	0.95625			6
2025.04.01	02:42:11.477	0.95614				2
2025.04.01	02:42:12.451	0.95613	0.95624			6
2025.04.01	02:42:19.383	0.95612				2
2025.04.01	02:42:28.368	0.95614	0.95625			6
2025.04.01	02:42:29.450		0.95626			4
2025.04.01	02:42:31.295	0.95615				2
2025.04.01	02:42:39.231	0.95614				2
2025.04.01	02:42:55.653		0.95625			4
2025.04.01	02:43:07.252	0.95614				2
2025.04.01	02:43:19.698		0.95626			4
2025.04.01	02:43:24.843		0.95625			4
2025.04.01	02:43:26.225	0.95612				2
2025.04.01	02:43:30.876	0.95615	0.95627			6
2025.04.01	02:43:35.147	0.95614	0.95625			6
2025.04.01	02:43:36.434	0.95618	0.95629			6
2025.04.01	02:43:56.598		0.95630			4
2025.04.01	02:43:57.605		0.95629			4
2025.04.01	02:44:00.492	0.95619	0.95630			6
2025.04.01	02:44:05.597	0.95618	0.95629			6
2025.04.01	02:44:35.833	0.95617	0.95628			6
2025.04.01	02:44:47.684	0.95618	0.95629			6
2025.04.01	02:44:50.785	0.95617	0.95628			6
2025.04.01	02:45:00.295	0.95617				2
2025.04.01	02:45:01.177	0.95618	0.95629			6
2025.04.01	02:45:18.550	0.95617	0.95628			6
2025.04.01	02:45:21.860	0.95618	0.95629			6
2025.04.01	02:45:22.194	0.95616	0.95627			6
2025.04.01	02:45:23.621	0.95617	0.95628			6
2025.04.01	02:45:28.110	0.95616	0.95627			6
2025.04.01	02:45:32.597	0.95617	0.95628			6
2025.04.01	02:45:49.167	0.95616				2
2025.04.01	02:45:49.921	0.95617	0.95629			6
2025.04.01	02:45:52.643	0.95618				2
2025.04.01	02:45:55.387	0.95617	0.95628			6
2025.04.01	02:46:00.225	0.95617				2
2025.04.01	02:46:04.019	0.95616	0.95627			6
2025.04.01	02:46:12.359	0.95614	0.95626			6
2025.04.01	02:46:12.842	0.95615				2
2025.04.01	02:46:28.550	0.95617	0.95628			6
2025.04.01	02:46:33.800		0.95627			4
2025.04.01	02:46:39.358		0.95628			4
2025.04.01	02:46:44.594	0.95618				2
2025.04.01	02:46:51.215	0.95617				2
2025.04.01	02:46:53.074	0.95615	0.95626			6
2025.04.01	02:46:56.595	0.95616	0.95627			6
2025.04.01	02:46:58.362	0.95617	0.95628			6
2025.04.01	02:47:00.711	0.95614	0.95625			6
2025.04.01	02:47:04.284	0.95611	0.95623			6
2025.04.01	02:47:09.904	0.95612				2
2025.04.01	02:47:34.539	0.95611				2
2025.04.01	02:47:35.381	0.95612				2
2025.04.01	02:47:39.839	0.95614	0.95625			6
2025.04.01	02:47:40.826	0.95615	0.95626			6
2025.04.01	02:47:52.774		0.95625			4
2025.04.01	02:48:00.653	0.95615				2
2025.04.01	02:48:04.559	0.95614	0.95624			6
2025.04.01	02:48:21.879	0.95615				2
2025.04.01	02:48:23.959	0.95610	0.95621			6
2025.04.01	02:48:27.442	0.95614				2
2025.04.01	02:48:28.342	0.95610				2
2025.04.01	02:48:30.084	0.95614				2
2025.04.01	02:48:30.979	0.95610				2
2025.04.01	02:48:38.600	0.95609				2
2025.04.01	02:48:44.724	0.95611				2
2025.04.01	02:48:45.283	0.95610				2
2025.04.01	02:48:55.748	0.95609	0.95620			6
2025.04.01	02:49:00.273	0.95608				2
2025.04.01	02:49:05.686	0.95605	0.95616			6
2025.04.01	02:49:06.584	0.95608	0.95619			6
2025.04.01	02:49:24.375	0.95609				2
2025.04.01	02:49:24.718		0.95620			4
2025.04.01	02:49:28.751	0.95610	0.95621			6
2025.04.01	02:49:39.740		0.95619			4
2025.04.01	02:49:42.511		0.95620			4
2025.04.01	02:50:00.478	0.95610				2
2025.04.01	02:50:03.476	0.95606	0.95616			6
2025.04.01	02:50:06.476	0.95607	0.95617			6
2025.04.01	02:50:16.441		0.95618			4
2025.04.01	02:50:27.494	0.95606	0.95617			6
2025.04.01	02:50:30.292	0.95607				2
2025.04.01	02:50:41.532		0.95618			4
2025.04.01	02:50:45.100	0.95609	0.95619			6
2025.04.01	02:50:46.124	0.95607	0.95618			6
2025.04.01	02:50:55.286	0.95609	0.95620			6
2025.04.01	02:51:00.380	0.95609				2
2025.04.01	02:51:00.870	0.95608	0.95619			6
2025.04.01	02:51:06.195	0.95609				2
2025.04.01	02:51:17.039	0.95608				2
2025.04.01	02:51:17.346	0.95610	0.95620			6
2025.04.01	02:51:19.998		0.95621			4
2025.04.01	02:51:34.417	0.95612	0.95622			6
2025.04.01	02:51:39.318		0.95623			4
2025.04.01	02:51:40.095		0.95622			4
2025.04.01	02:51:47.535		0.95621			4
2025.04.01	02:51:50.888	0.95610				2
2025.04.01	02:52:00.424	0.95607	0.95618			6
2025.04.01	02:52:01.925	0.95609	0.95620			6
2025.04.01	02:52:03.109	0.95610	0.95621			6
2025.04.01	02:52:07.807		0.95620			4
2025.04.01	02:52:12.854		0.95621			4
2025.04.01	02:52:27.545		0.95620			4
2025.04.01	02:52:28.389	0.95611	0.95622			6
2025.04.01	02:52:28.998	0.95612	0.95623			6
2025.04.01	02:52:29.903		0.95622			4
2025.04.01	02:52:33.055	0.95609	0.95620			6
2025.04.01	02:52:37.555		0.95619			4
2025.04.01	02:52:38.628	0.95612	0.95623			6
2025.04.01	02:52:39.826	0.95609	0.95619			6
2025.04.01	02:52:43.009	0.95610				2
2025.04.01	02:52:44.205		0.95620			4
2025.04.01	02:52:44.508		0.95619			4
2025.04.01	02:52:44.958	0.95609				2
2025.04.01	02:52:49.238	0.95610				2
2025.04.01	02:52:50.312	0.95611	0.95622			6
2025.04.01	02:52:53.051	0.95612	0.95623			6
2025.04.01	02:52:54.058		0.95621			4
2025.04.01	02:52:54.367	0.95610	0.95620			6
2025.04.01	02:52:54.708	0.95609				2
2025.04.01	02:52:58.957	0.95611	0.95622			6
2025.04.01	02:52:59.301	0.95612	0.95623			6
2025.04.01	02:53:00.008	0.95612				2
2025.04.01	02:53:06.405	0.95611				2
2025.04.01	02:53:06.711	0.95610	0.95620			6
2025.04.01	02:53:07.660		0.95621			4
2025.04.01	02:53:19.615		0.95620			4
2025.04.01	02:53:26.568	0.95611	0.95622			6
2025.04.01	02:53:34.687	0.95609	0.95620			6
2025.04.01	02:53:37.058	0.95610				2
2025.04.01	02:53:42.628		0.95621			4
2025.04.01	02:53:47.826	0.95611	0.95622			6
2025.04.01	02:53:50.348	0.95610	0.95621			6
2025.04.01	02:53:50.685	0.95611	0.95622			6
2025.04.01	02:54:00.317	0.95611				2
2025.04.01	02:54:01.228	0.95610				2
2025.04.01	02:54:03.316		0.95621			4
2025.04.01	02:54:23.599		0.95622			4
2025.04.01	02:54:34.152		0.95621			4
2025.04.01	02:54:34.462	0.95611	0.95622			6
2025.04.01	02:54:37.047	0.95610	0.95621			6
2025.04.01	02:54:40.488	0.95611	0.95622			6
2025.04.01	02:54:41.104	0.95612				2
2025.04.01	02:54:41.963	0.95609	0.95619			6
2025.04.01	02:54:46.122	0.95612	0.95622			6
2025.04.01	02:54:57.674	0.95613				2
2025.04.01	02:54:58.472	0.95611				2
2025.04.01	02:55:00.590	0.95611				2
2025.04.01	02:55:04.197	0.95610				2
2025.04.01	02:55:26.747		0.95621			4
2025.04.01	02:55:37.844		0.95619			4
2025.04.01	02:55:40.434	0.95609	0.95620			6
2025.04.01	02:55:55.097	0.95610				2
2025.04.01	02:55:57.361	0.95609				2
2025.04.01	02:56:00.148	0.95610				2
2025.04.01	02:56:11.577	0.95609				2
2025.04.01	02:56:22.508		0.95619			4
2025.04.01	02:56:26.163	0.95610				2
2025.04.01	02:56:27.575	0.95609				2
2025.04.01	02:56:31.791		0.95620			4
2025.04.01	02:56:33.461	0.95606	0.95616			6
2025.04.01	02:56:33.768	0.95605	0.95615			6
2025.04.01	02:56:34.107	0.95607	0.95617			6
2025.04.01	02:56:37.546		0.95618			4
2025.04.01	02:56:37.872		0.95617			4
2025.04.01	02:56:38.842		0.95618			4
2025.04.01	02:56:43.960	0.95609	0.95620			6
2025.04.01	02:56:44.268	0.95610				2
2025.04.01	02:56:44.597	0.95609				2
2025.04.01	02:56:47.439	0.95610	0.95621			6
2025.04.01	02:56:48.500		0.95620			4
2025.04.01	02:56:49.504		0.95621			4
2025.04.01	02:56:49.824	0.95611				2
2025.04.01	02:56:50.343	0.95608	0.95620			6
2025.04.01	02:56:56.954	0.95609	0.95621			6
2025.04.01	02:56:58.105		0.95620			4
2025.04.01	02:57:01.346	0.95611	0.95621			6
2025.04.01	02:57:01.702	0.95609				2
2025.04.01	02:57:02.038		0.95620			4
2025.04.01	02:57:09.698	0.95610	0.95621			6
2025.04.01	02:57:14.493	0.95611	0.95622			6
2025.04.01	02:57:21.458	0.95610	0.95621			6
2025.04.01	02:57:26.205		0.95622			4
2025.04.01	02:57:26.612	0.95611				2
2025.04.01	02:57:27.875	0.95610	0.95621			6
2025.04.01	02:57:35.288	0.95611	0.95622			6
2025.04.01	02:57:35.591	0.95612	0.95623			6
2025.04.01	02:57:38.734	0.95613	0.95624			6
2025.04.01	02:57:44.399	0.95614	0.95626			6
2025.04.01	02:57:44.707		0.95625			4
2025.04.01	02:57:49.593		0.95626			4
2025.04.01	02:58:00.322	0.95614				2
2025.04.01	02:58:05.574	0.95616				2
2025.04.01	02:58:12.796	0.95615				2
2025.04.01	02:58:18.058		0.95627			4
2025.04.01	02:58:23.309	0.95613				2
2025.04.01	02:58:23.896	0.95612	0.95625			6
2025.04.01	02:58:24.208	0.95611				2
2025.04.01	02:58:29.149	0.95612				2
2025.04.01	02:58:29.474		0.95623			4
2025.04.01	02:58:30.223	0.95613	0.95624			6
2025.04.01	02:58:33.754	0.95614				2
2025.04.01	02:58:35.618	0.95613	0.95625			6
2025.04.01	02:58:42.735	0.95614	0.95624			6
2025.04.01	02:58:43.088	0.95613				2
2025.04.01	02:58:44.926		0.95625			4
2025.04.01	02:58:45.247		0.95624			4
2025.04.01	02:58:48.578		0.95625			4
2025.04.01	02:58:48.948		0.95624			4
2025.04.01	02:58:55.176	0.95612				2
2025.04.01	02:58:57.882	0.95611	0.95621			6
2025.04.01	02:58:58.283	0.95610				2
2025.04.01	02:59:00.766	0.95610				2
2025.04.01	02:59:03.952	0.95608	0.95619			6
2025.04.01	02:59:05.511	0.95607	0.95620			6
2025.04.01	02:59:07.698	0.95608				2
2025.04.01	02:59:10.109		0.95618			4
2025.04.01	02:59:15.850	0.95610	0.95620			6
2025.04.01	02:59:17.334	0.95611	0.95621			6
2025.04.01	02:59:18.397	0.95612	0.95622			6
2025.04.01	02:59:20.430		0.95623			4
2025.04.01	02:59:22.348		0.95624			4
2025.04.01	02:59:24.000		0.95623			4
2025.04.01	02:59:25.402	0.95613				2
2025.04.01	02:59:32.509	0.95612				2
2025.04.01	02:59:34.994	0.95613				2
2025.04.01	02:59:39.627		0.95624			4
2025.04.01	02:59:41.725	0.95612	0.95625			6
2025.04.01	02:59:45.617	0.95613	0.95624			6
2025.04.01	02:59:55.563	0.95614				2
2025.04.01	02:59:58.482	0.95613	0.95625			6
2025.04.01	03:00:00.202	0.95615				2
2025.04.01	03:00:00.542	0.95616				2
2025.04.01	03:00:00.850	0.95614	0.95624			6
2025.04.01	03:00:01.189	0.95615	0.95625			6
2025.04.01	03:00:01.593	0.95613	0.95621			6
2025.04.01	03:00:01.946	0.95615	0.95624			6
2025.04.01	03:00:02.329		0.95625			4
2025.04.01	03:00:02.650	0.95616				2
2025.04.01	03:00:03.205	0.95615	0.95624			6
2025.04.01	03:00:04.024	0.95616				2
2025.04.01	03:00:04.816		0.95625			4
2025.04.01	03:00:05.755		0.95624			4
2025.04.01	03:00:06.547	0.95613	0.95622			6
2025.04.01	03:00:08.081	0.95612	0.95621			6
2025.04.01	03:00:08.520		0.95622			4
2025.04.01	03:00:08.838	0.95611				2
2025.04.01	03:00:09.147	0.95610	0.95620			6
2025.04.01	03:00:09.783	0.95615	0.95625			6
2025.04.01	03:00:10.099	0.95614	0.95624			6
2025.04.01	03:00:10.417	0.95613	0.95622			6
2025.04.01	03:00:10.740	0.95612				2
2025.04.01	03:00:11.051	0.95613	0.95623			6
2025.04.01	03:00:12.638	0.95609	0.95618			6
2025.04.01	03:00:12.997	0.95610				2
2025.04.01	03:00:14.388	0.95609				2
2025.04.01	03:00:14.717	0.95610				2
2025.04.01	03:00:17.595	0.95613	0.95620			6
2025.04.01	03:00:17.955	0.95614	0.95621			6
2025.04.01	03:00:18.312	0.95612				2
2025.04.01	03:00:20.092	0.95613				2
2025.04.01	03:00:20.461		0.95623			4
2025.04.01	03:00:21.184	0.95612	0.95622			6
2025.04.01	03:00:21.520	0.95615	0.95625			6
2025.04.01	03:00:22.144	0.95612	0.95623			6
2025.04.01	03:00:22.650	0.95614				2
2025.04.01	03:00:23.675	0.95617	0.95624			6
2025.04.01	03:00:24.061	0.95616	0.95625			6
2025.04.01	03:00:24.589	0.95614	0.95623			6
2025.04.01	03:00:25.364	0.95615	0.95622			6
2025.04.01	03:00:25.719	0.95614				2
2025.04.01	03:00:26.376	0.95615				2
2025.04.01	03:00:26.825	0.95614				2
2025.04.01	03:00:27.425	0.95613				2
2025.04.01	03:00:28.044	0.95612	0.95620			6
2025.04.01	03:00:28.853		0.95621			4
2025.04.01	03:00:29.328		0.95620			4
2025.04.01	03:00:29.747	0.95611				2
2025.04.01	03:00:30.378	0.95613	0.95621			6
2025.04.01	03:00:30.795		0.95622			4
2025.04.01	03:00:33.480	0.95614				2
2025.04.01	03:00:33.880		0.95621			4
2025.04.01	03:00:34.214	0.95613	0.95620			6
2025.04.01	03:00:35.610	0.95615	0.95622			6
2025.04.01	03:00:35.925	0.95614				2
2025.04.01	03:00:36.361	0.95613	0.95621			6
2025.04.01	03:00:36.675	0.95612				2
2025.04.01	03:00:37.096		0.95620			4
2025.04.01	03:00:38.698	0.95609	0.95619			6
2025.04.01	03:00:39.564	0.95608	0.95618			6
2025.04.01	03:00:40.295		0.95619			4
2025.04.01	03:00:41.002		0.95618			4
2025.04.01	03:00:41.646	0.95607	0.95617			6
2025.04.01	03:00:43.703	0.95608				2
2025.04.01	03:00:44.006	0.95605	0.95612			6
2025.04.01	03:00:44.373		0.95613			4
2025.04.01	03:00:44.814		0.95612			4
2025.04.01	03:00:45.858	0.95604				2
2025.04.01	03:00:46.177	0.95605				2
2025.04.01	03:00:46.764		0.95613			4
2025.04.01	03:00:48.652	0.95604				2
2025.04.01	03:00:49.228	0.95601	0.95611			6
2025.04.01	03:00:49.557	0.95604	0.95612			6
2025.04.01	03:00:49.908	0.95603				2
2025.04.01	03:00:50.783		0.95613			4
2025.04.01	03:00:51.544		0.95614			4
2025.04.01	03:00:51.939		0.95613			4
2025.04.01	03:00:52.734	0.95604				2
2025.04.01	03:00:53.059	0.95598	0.95609			6
2025.04.01	03:00:53.366	0.95606	0.95614			6
2025.04.01	03:00:53.676		0.95615			4
2025.04.01	03:00:54.046	0.95605				2
2025.04.01	03:00:54.358	0.95604				2
2025.04.01	03:00:55.650	0.95605				2
2025.04.01	03:00:56.053	0.95606				2
2025.04.01	03:00:56.415	0.95605				2
2025.04.01	03:00:57.001	0.95606				2
2025.04.01	03:00:57.358	0.95605	0.95617			6
2025.04.01	03:00:58.311	0.95606	0.95618			6
2025.04.01	03:00:58.640	0.95607				2
2025.04.01	03:00:58.965		0.95617			4
2025.04.01	03:00:59.278		0.95618			4
2025.04.01	03:00:59.640	0.95606	0.95617			6
2025.04.01	03:01:00.005	0.95607	0.95618			6
2025.04.01	03:01:01.123	0.95606	0.95617			6
2025.04.01	03:01:01.566		0.95616			4
2025.04.01	03:01:02.226	0.95605				2
2025.04.01	03:01:02.604		0.95617			4
2025.04.01	03:01:02.974		0.95616			4
2025.04.01	03:01:04.769	0.95606	0.95617			6
2025.04.01	03:01:05.298	0.95605				2
2025.04.01	03:01:06.944		0.95616			4
2025.04.01	03:01:07.289		0.95615			4
2025.04.01	03:01:08.326	0.95604	0.95614			6
2025.04.01	03:01:08.655	0.95603				2
2025.04.01	03:01:10.615	0.95604				2
2025.04.01	03:01:10.948	0.95603	0.95613			6
2025.04.01	03:01:11.938		0.95611			4
2025.04.01	03:01:12.280	0.95604	0.95614			6
2025.04.01	03:01:12.609	0.95603				2
2025.04.01	03:01:14.940	0.95600	0.95611			6
2025.04.01	03:01:15.253	0.95601	0.95610			6
2025.04.01	03:01:15.556	0.95599				2
2025.04.01	03:01:15.866	0.95600				2
2025.04.01	03:01:16.174	0.95599				2
2025.04.01	03:01:17.485		0.95609			4
2025.04.01	03:01:18.069		0.95610			4
2025.04.01	03:01:18.457		0.95609			4
2025.04.01	03:01:20.373	0.95601	0.95610			6
2025.04.01	03:01:20.699	0.95602				2
2025.04.01	03:01:21.064	0.95601				2
2025.04.01	03:01:22.669	0.95600				2
2025.04.01	03:01:23.022	0.95601				2
2025.04.01	03:01:25.580		0.95609			4
2025.04.01	03:01:27.276	0.95600				2
2025.04.01	03:01:27.596	0.95601				2
2025.04.01	03:01:27.943		0.95611			4
2025.04.01	03:01:28.597	0.95600	0.95610			6
2025.04.01	03:01:29.923	0.95601				2
2025.04.01	03:01:30.732	0.95600				2
2025.04.01	03:01:31.122	0.95601				2
2025.04.01	03:01:31.424	0.95600				2
2025.04.01	03:01:34.095		0.95611			4
2025.04.01	03:01:34.402	0.95603				2
2025.04.01	03:01:35.440	0.95602				2
2025.04.01	03:01:36.075		0.95613			4
2025.04.01	03:01:36.535	0.95603	0.95611			6
2025.04.01	03:01:36.933	0.95602				2
2025.04.01	03:01:38.306	0.95601				2
2025.04.01	03:01:39.187	0.95603	0.95610			6
2025.04.01	03:01:40.390	0.95602	0.95611			6
2025.04.01	03:01:40.696	0.95603				2
2025.04.01	03:01:41.301	0.95602				2
2025.04.01	03:01:41.965		0.95612			4
2025.04.01	03:01:42.352		0.95611			4
2025.04.01	03:01:42.656	0.95601	0.95610			6
2025.04.01	03:01:44.292	0.95602				2
2025.04.01	03:01:45.127	0.95603				2
2025.04.01	03:01:46.859	0.95601	0.95611			6
2025.04.01	03:01:52.449	0.95600	0.95612			6
2025.04.01	03:01:53.237	0.95597	0.95608			6
2025.04.01	03:01:54.738	0.95596				2
2025.04.01	03:01:55.805	0.95599				2
2025.04.01	03:01:56.716	0.95598	0.95607			6
2025.04.01	03:01:57.025	0.95597				2
2025.04.01	03:01:57.382	0.95598				2
2025.04.01	03:01:58.374		0.95608			4
2025.04.01	03:01:58.959	0.95599	0.95607			6
2025.04.01	03:01:59.266	0.95598	0.95609			6
2025.04.01	03:02:00.235	0.95598				2
2025.04.01	03:02:00.554		0.95607			4
2025.04.01	03:02:01.777	0.95597				2
2025.04.01	03:02:03.419	0.95596	0.95604			6
2025.04.01	03:02:03.749	0.95594				2
2025.04.01	03:02:04.373	0.95595				2
2025.04.01	03:02:04.758	0.95594	0.95605			6
2025.04.01	03:02:05.069	0.95595				2
2025.04.01	03:02:06.471	0.95596	0.95604			6
2025.04.01	03:02:06.794	0.95595				2
2025.04.01	03:02:10.677		0.95605			4
2025.04.01	03:02:11.882	0.95596				2
2025.04.01	03:02:12.777	0.95599	0.95609			6
2025.04.01	03:02:13.092	0.95600				2
2025.04.01	03:02:14.365	0.95599				2
2025.04.01	03:02:14.776		0.95610			4
2025.04.01	03:02:16.515		0.95609			4
2025.04.01	03:02:17.437	0.95601				2
2025.04.01	03:02:17.834	0.95603	0.95611			6
2025.04.01	03:02:18.593	0.95601	0.95610			6
2025.04.01	03:02:20.838	0.95602				2
2025.04.01	03:02:21.150	0.95600	0.95608			6
2025.04.01	03:02:22.508	0.95601	0.95609			6
2025.04.01	03:02:23.565	0.95600				2
2025.04.01	03:02:23.878	0.95599				2
2025.04.01	03:02:24.186	0.95598				2
2025.04.01	03:02:24.576		0.95608			4
2025.04.01	03:02:26.324	0.95600	0.95609			6
2025.04.01	03:02:27.395		0.95608			4
2025.04.01	03:02:29.243		0.95609			4
2025.04.01	03:02:29.982	0.95601				2
2025.04.01	03:02:30.368		0.95611			4
2025.04.01	03:02:33.060		0.95610			4
2025.04.01	03:02:33.361	0.95600				2
2025.04.01	03:02:33.666	0.95601	0.95609			6
2025.04.01	03:02:34.832	0.95600				2
2025.04.01	03:02:35.211	0.95601				2
2025.04.01	03:02:35.586		0.95610			4
2025.04.01	03:02:36.632	0.95602				2
2025.04.01	03:02:37.032	0.95601				2
2025.04.01	03:02:37.555	0.95602				2
2025.04.01	03:02:43.912	0.95603				2
2025.04.01	03:02:44.659	0.95602				2
2025.04.01	03:02:45.684	0.95603	0.95611			6
2025.04.01	03:02:46.073		0.95612			4
2025.04.01	03:02:46.379	0.95604	0.95611			6
2025.04.01	03:02:46.688	0.95606	0.95614			6
2025.04.01	03:02:47.004		0.95615			4
2025.04.01	03:02:47.308	0.95605				2
2025.04.01	03:02:47.663	0.95606				2
2025.04.01	03:02:48.160	0.95604	0.95613			6
2025.04.01	03:02:48.530	0.95606	0.95614			6
2025.04.01	03:02:48.845	0.95607	0.95616			6
2025.04.01	03:02:49.165		0.95618			4
2025.04.01	03:02:50.318		0.95616			4
2025.04.01	03:02:52.543		0.95617			4
2025.04.01	03:02:52.873		0.95616			4
2025.04.01	03:02:53.430	0.95608	0.95617			6
2025.04.01	03:02:53.828	0.95607				2
2025.04.01	03:02:59.867		0.95615			4
2025.04.01	03:03:00.208	0.95607				2
2025.04.01	03:03:01.976	0.95605	0.95613			6
2025.04.01	03:03:03.022	0.95604				2
2025.04.01	03:03:05.164	0.95603	0.95610			6
2025.04.01	03:03:05.574	0.95602				2
2025.04.01	03:03:06.026	0.95605	0.95615			6
2025.04.01	03:03:07.580	0.95606				2
2025.04.01	03:03:07.950		0.95616			4
2025.04.01	03:03:10.064	0.95605				2
2025.04.01	03:03:11.508	0.95606				2
2025.04.01	03:03:17.385		0.95615			4
2025.04.01	03:03:17.713	0.95605				2
2025.04.01	03:03:18.390	0.95606				2
2025.04.01	03:03:20.044		0.95616			4
2025.04.01	03:03:21.867	0.95605	0.95614			6
2025.04.01	03:03:22.469		0.95615			4
2025.04.01	03:03:22.920	0.95606	0.95617			6
2025.04.01	03:03:23.283		0.95615			4
2025.04.01	03:03:23.596		0.95617			4
2025.04.01	03:03:25.200	0.95607				2
2025.04.01	03:03:25.509	0.95606				2
2025.04.01	03:03:28.069	0.95607				2
2025.04.01	03:03:28.453	0.95606				2
2025.04.01	03:03:31.226	0.95608	0.95618			6
2025.04.01	03:03:31.547	0.95610	0.95620			6
2025.04.01	03:03:31.859	0.95611				2
2025.04.01	03:03:34.730		0.95619			4
2025.04.01	03:03:37.615	0.95608				2
