<DATE>	<TIME>	<BID>	<ASK>	<LAST>	<VOLUME>	<FLAGS>
2025.02.17	00:00:41.783	0.94150	0.94315			6
2025.02.17	00:01:04.763	0.94150				2
2025.02.17	00:01:36.771	0.94142	0.94307			6
2025.02.17	00:02:08.165	0.94142				2
2025.02.17	00:02:11.159	0.94134	0.94294			6
2025.02.17	00:02:36.396	0.94124	0.94283			6
2025.02.17	00:02:48.355	0.94150	0.94278			6
2025.02.17	00:03:12.552	0.94150				2
2025.02.17	00:03:22.978		0.94307			4
2025.02.17	00:04:01.209	0.94150				2
2025.02.17	00:04:26.526		0.94307			4
2025.02.17	00:04:47.229		0.94328			4
2025.02.17	00:05:01.698	0.94150				2
2025.02.17	00:05:42.227	0.94147	0.94325			6
2025.02.17	00:06:00.359	0.94147				2
2025.02.17	00:06:20.741	0.94148				2
2025.02.17	00:06:30.472	0.94158				2
2025.02.17	00:06:34.452	0.94153	0.94339			6
2025.02.17	00:06:39.869	0.94160	0.94360			6
2025.02.17	00:06:57.701	0.94178				2
2025.02.17	00:07:08.345	0.94178				2
2025.02.17	00:07:20.351	0.94177	0.94381			6
2025.02.17	00:08:01.881	0.94177				2
2025.02.17	00:08:02.203	0.94179				2
2025.02.17	00:08:12.045	0.94202	0.94401			6
2025.02.17	00:08:33.920	0.94237	0.94406			6
2025.02.17	00:09:00.464	0.94237				2
2025.02.17	00:09:13.263		0.94385			4
2025.02.17	00:09:32.589	0.94238				2
2025.02.17	00:09:37.323	0.94240	0.94418			6
2025.02.17	00:09:43.270		0.94406			4
2025.02.17	00:09:50.519	0.94242	0.94418			6
2025.02.17	00:10:00.364	0.94250	0.94386			6
2025.02.17	00:10:01.731	0.94240	0.94426			6
2025.02.17	00:10:08.623		0.94427			4
2025.02.17	00:10:26.284	0.94230	0.94453			6
2025.02.17	00:10:29.708	0.94238	0.94454			6
2025.02.17	00:10:31.980	0.94243	0.94435			6
2025.02.17	00:10:42.827	0.94242				2
2025.02.17	00:10:43.557	0.94244	0.94438			6
2025.02.17	00:10:48.223	0.94245				2
2025.02.17	00:10:50.275	0.94247	0.94439			6
2025.02.17	00:10:51.523	0.94248				2
2025.02.17	00:10:54.374	0.94247	0.94440			6
2025.02.17	00:11:01.724	0.94247				2
2025.02.17	00:11:07.122	0.94248	0.94443			6
2025.02.17	00:11:07.470	0.94249	0.94446			6
2025.02.17	00:11:08.546		0.94447			4
2025.02.17	00:11:11.842		0.94443			4
2025.02.17	00:11:15.258		0.94448			4
2025.02.17	00:11:15.955	0.94251	0.94450			6
2025.02.17	00:11:22.289	0.94253	0.94457			6
2025.02.17	00:11:23.322	0.94247	0.94450			6
2025.02.17	00:11:24.222		0.94448			4
2025.02.17	00:11:25.423		0.94444			4
2025.02.17	00:11:30.416		0.94445			4
2025.02.17	00:11:31.726		0.94444			4
2025.02.17	00:11:32.923		0.94445			4
2025.02.17	00:11:57.844		0.94448			4
2025.02.17	00:12:00.521	0.94247				2
2025.02.17	00:12:05.818	0.94228	0.94445			6
2025.02.17	00:12:09.045	0.94213				2
2025.02.17	00:12:10.272	0.94215				2
2025.02.17	00:12:14.087	0.94208				2
2025.02.17	00:12:30.933	0.94209	0.94444			6
2025.02.17	00:12:37.354	0.94258	0.94380			6
2025.02.17	00:12:37.788	0.94280	0.94383			6
2025.02.17	00:12:38.224		0.94381			4
2025.02.17	00:12:46.096	0.94254	0.94382			6
2025.02.17	00:12:46.517	0.94271	0.94377			6
2025.02.17	00:12:46.878	0.94281	0.94372			6
2025.02.17	00:12:47.685	0.94282	0.94373			6
2025.02.17	00:12:48.316	0.94281				2
2025.02.17	00:12:48.936	0.94251	0.94366			6
2025.02.17	00:12:49.457	0.94250	0.94364			6
2025.02.17	00:12:50.316	0.94249	0.94367			6
2025.02.17	00:12:51.051	0.94254	0.94376			6
2025.02.17	00:12:52.241	0.94252	0.94380			6
2025.02.17	00:12:52.737		0.94378			4
2025.02.17	00:12:53.093		0.94375			4
2025.02.17	00:12:53.440	0.94250	0.94378			6
2025.02.17	00:12:54.823	0.94251				2
2025.02.17	00:12:55.653	0.94253	0.94380			6
2025.02.17	00:12:56.248	0.94254	0.94383			6
2025.02.17	00:12:56.856	0.94222	0.94378			6
2025.02.17	00:12:57.938		0.94377			4
2025.02.17	00:13:00.345	0.94222				2
2025.02.17	00:13:00.752	0.94207	0.94392			6
2025.02.17	00:13:02.452		0.94385			4
2025.02.17	00:13:03.215	0.94208				2
2025.02.17	00:13:03.653	0.94207				2
2025.02.17	00:13:03.962	0.94208	0.94386			6
2025.02.17	00:13:04.452	0.94219	0.94372			6
2025.02.17	00:13:05.674	0.94221	0.94373			6
2025.02.17	00:13:07.124		0.94369			4
2025.02.17	00:13:07.984	0.94220	0.94365			6
2025.02.17	00:13:08.824		0.94363			4
2025.02.17	00:13:09.125	0.94222	0.94361			6
2025.02.17	00:13:09.972		0.94358			4
2025.02.17	00:13:10.677		0.94354			4
2025.02.17	00:13:12.157		0.94350			4
2025.02.17	00:13:12.456		0.94345			4
2025.02.17	00:13:12.963		0.94343			4
2025.02.17	00:13:13.731		0.94342			4
2025.02.17	00:13:14.032	0.94223	0.94340			6
2025.02.17	00:13:15.127	0.94222				2
2025.02.17	00:13:15.472	0.94224	0.94345			6
2025.02.17	00:13:16.852	0.94225	0.94344			6
2025.02.17	00:13:18.076		0.94342			4
2025.02.17	00:13:19.337		0.94340			4
2025.02.17	00:13:20.951	0.94214	0.94342			6
2025.02.17	00:13:21.341	0.94216	0.94345			6
2025.02.17	00:13:21.806	0.94218	0.94337			6
2025.02.17	00:13:22.254	0.94219	0.94345			6
2025.02.17	00:13:22.574		0.94341			4
2025.02.17	00:13:22.987	0.94229	0.94349			6
2025.02.17	00:13:23.938	0.94230	0.94348			6
2025.02.17	00:13:24.538		0.94345			4
2025.02.17	00:13:24.950	0.94231				2
2025.02.17	00:13:25.313	0.94227	0.94338			6
2025.02.17	00:13:26.437	0.94226	0.94335			6
2025.02.17	00:13:26.753	0.94229	0.94332			6
2025.02.17	00:13:27.363		0.94331			4
2025.02.17	00:13:27.954		0.94330			4
2025.02.17	00:13:28.496		0.94329			4
2025.02.17	00:13:30.472		0.94327			4
2025.02.17	00:13:30.917	0.94230	0.94342			6
2025.02.17	00:13:31.834	0.94229				2
2025.02.17	00:13:32.135	0.94230	0.94341			6
2025.02.17	00:13:34.406	0.94210	0.94359			6
2025.02.17	00:13:34.802	0.94228	0.94343			6
2025.02.17	00:13:35.475	0.94232	0.94338			6
2025.02.17	00:13:35.976	0.94229	0.94334			6
2025.02.17	00:13:36.768		0.94333			4
2025.02.17	00:13:37.074		0.94330			4
2025.02.17	00:13:37.551	0.94222	0.94324			6
2025.02.17	00:13:38.446	0.94168	0.94404			6
2025.02.17	00:13:51.156	0.94169				2
2025.02.17	00:14:00.228	0.94169				2
2025.02.17	00:14:07.790	0.94168				2
2025.02.17	00:14:11.725	0.94183	0.94421			6
2025.02.17	00:14:13.086	0.94182	0.94420			6
2025.02.17	00:14:23.322	0.94169	0.94401			6
2025.02.17	00:14:30.974	0.94234	0.94343			6
2025.02.17	00:14:31.280	0.94225	0.94341			6
2025.02.17	00:14:31.708	0.94223	0.94337			6
2025.02.17	00:14:32.824	0.94229	0.94341			6
2025.02.17	00:14:33.819	0.94230	0.94343			6
2025.02.17	00:14:35.816	0.94229				2
2025.02.17	00:14:38.604	0.94230				2
2025.02.17	00:14:38.936	0.94229	0.94342			6
2025.02.17	00:14:39.407	0.94230	0.94343			6
2025.02.17	00:14:39.816	0.94224	0.94344			6
2025.02.17	00:14:40.116	0.94225				2
2025.02.17	00:14:40.924	0.94226				2
2025.02.17	00:14:41.224	0.94227	0.94345			6
2025.02.17	00:14:41.626	0.94228	0.94343			6
2025.02.17	00:14:42.135	0.94229	0.94344			6
2025.02.17	00:14:44.082	0.94228	0.94342			6
2025.02.17	00:14:44.385	0.94230	0.94344			6
2025.02.17	00:14:46.701	0.94157	0.94352			6
2025.02.17	00:14:47.609	0.94161				2
2025.02.17	00:14:49.121	0.94162				2
2025.02.17	00:14:53.722	0.94160	0.94356			6
2025.02.17	00:14:54.271	0.94158				2
2025.02.17	00:14:55.280	0.94159				2
2025.02.17	00:15:01.555	0.94159				2
2025.02.17	00:15:13.588	0.94163	0.94353			6
2025.02.17	00:15:26.486	0.94162				2
2025.02.17	00:15:26.987	0.94161				2
2025.02.17	00:15:30.225		0.94330			4
2025.02.17	00:15:40.124	0.94162				2
2025.02.17	00:15:43.628	0.94225	0.94339			6
2025.02.17	00:15:44.073	0.94223	0.94338			6
2025.02.17	00:15:46.818	0.94224				2
2025.02.17	00:15:48.028		0.94341			4
2025.02.17	00:15:51.697	0.94225	0.94342			6
2025.02.17	00:15:54.943	0.94227	0.94343			6
2025.02.17	00:15:55.714	0.94228	0.94344			6
2025.02.17	00:15:56.944	0.94229	0.94343			6
2025.02.17	00:15:57.491	0.94230	0.94345			6
2025.02.17	00:15:58.082		0.94344			4
2025.02.17	00:15:58.690	0.94231	0.94346			6
2025.02.17	00:15:59.674		0.94345			4
2025.02.17	00:16:00.818	0.94226	0.94348			6
2025.02.17	00:16:02.365	0.94227				2
2025.02.17	00:16:02.665	0.94228	0.94349			6
2025.02.17	00:16:02.971		0.94347			4
2025.02.17	00:16:07.654		0.94349			4
2025.02.17	00:16:08.568	0.94223	0.94351			6
2025.02.17	00:16:09.400	0.94224	0.94350			6
2025.02.17	00:16:10.645	0.94223	0.94351			6
2025.02.17	00:16:11.411	0.94224	0.94350			6
2025.02.17	00:16:13.745	0.94226	0.94351			6
2025.02.17	00:16:14.652	0.94227	0.94352			6
2025.02.17	00:16:15.184	0.94228				2
2025.02.17	00:16:18.426	0.94229				2
2025.02.17	00:16:21.468	0.94230				2
2025.02.17	00:16:22.345	0.94225	0.94354			6
2025.02.17	00:16:22.842		0.94346			4
2025.02.17	00:16:23.857	0.94222	0.94347			6
2025.02.17	00:16:24.663	0.94223				2
2025.02.17	00:16:29.868		0.94344			4
2025.02.17	00:16:31.476	0.94255	0.94363			6
2025.02.17	00:16:31.804		0.94361			4
2025.02.17	00:16:35.037	0.94254				2
2025.02.17	00:16:36.820	0.94249	0.94363			6
2025.02.17	00:16:40.165	0.94250	0.94364			6
2025.02.17	00:16:41.708	0.94251	0.94365			6
2025.02.17	00:16:43.021	0.94252				2
2025.02.17	00:16:57.562	0.94253	0.94364			6
2025.02.17	00:16:58.818	0.94246	0.94368			6
2025.02.17	00:16:59.188	0.94260	0.94363			6
2025.02.17	00:17:01.845	0.94260				2
2025.02.17	00:17:06.091		0.94364			4
2025.02.17	00:17:08.118		0.94363			4
2025.02.17	00:17:15.817	0.94248	0.94358			6
2025.02.17	00:17:16.404	0.94244	0.94356			6
2025.02.17	00:17:18.820	0.94246				2
2025.02.17	00:17:22.195	0.94254	0.94365			6
2025.02.17	00:17:28.759	0.94255				2
2025.02.17	00:17:30.261	0.94256				2
2025.02.17	00:17:33.744	0.94247	0.94368			6
2025.02.17	00:17:35.443	0.94249	0.94369			6
2025.02.17	00:17:37.675	0.94250				2
2025.02.17	00:17:37.994	0.94251	0.94368			6
2025.02.17	00:17:40.059	0.94252				2
2025.02.17	00:17:40.948	0.94253				2
2025.02.17	00:17:42.441	0.94255				2
2025.02.17	00:17:44.549	0.94256				2
2025.02.17	00:17:45.116	0.94257	0.94369			6
2025.02.17	00:17:48.193	0.94258				2
2025.02.17	00:17:49.076	0.94249	0.94374			6
2025.02.17	00:17:51.402	0.94252				2
2025.02.17	00:17:54.071	0.94253	0.94373			6
2025.02.17	00:18:01.550	0.94254	0.94372			6
2025.02.17	00:18:04.890	0.94255	0.94371			6
2025.02.17	00:18:06.565	0.94257	0.94373			6
2025.02.17	00:18:06.966		0.94371			4
2025.02.17	00:18:09.572	0.94258				2
2025.02.17	00:18:13.372	0.94259	0.94372			6
2025.02.17	00:18:23.615	0.94260				2
2025.02.17	00:18:27.595	0.94261	0.94371			6
2025.02.17	00:18:36.521	0.94262				2
2025.02.17	00:18:37.720	0.94263	0.94370			6
2025.02.17	00:18:42.701	0.94264	0.94371			6
2025.02.17	00:18:48.967	0.94269	0.94372			6
2025.02.17	00:18:55.035	0.94283	0.94380			6
2025.02.17	00:18:55.339	0.94278	0.94375			6
2025.02.17	00:19:06.640	0.94278				2
2025.02.17	00:19:12.122	0.94274	0.94373			6
2025.02.17	00:19:16.458	0.94275	0.94375			6
2025.02.17	00:19:16.759	0.94274	0.94372			6
2025.02.17	00:19:22.792	0.94281	0.94376			6
2025.02.17	00:19:25.414		0.94377			4
2025.02.17	00:19:26.515	0.94283	0.94379			6
2025.02.17	00:19:28.820	0.94282	0.94382			6
2025.02.17	00:19:31.860	0.94269	0.94376			6
2025.02.17	00:19:32.683	0.94268	0.94377			6
2025.02.17	00:19:37.571	0.94269	0.94378			6
2025.02.17	00:19:38.164		0.94376			4
2025.02.17	00:19:38.642		0.94375			4
2025.02.17	00:19:41.255	0.94271	0.94377			6
2025.02.17	00:19:46.308		0.94374			4
2025.02.17	00:19:46.691	0.94277	0.94378			6
2025.02.17	00:19:47.983		0.94377			4
2025.02.17	00:19:48.642		0.94378			4
2025.02.17	00:19:52.116	0.94272	0.94373			6
2025.02.17	00:20:00.251	0.94272	0.94372			6
2025.02.17	00:20:15.910	0.94264	0.94377			6
2025.02.17	00:20:18.650	0.94266				2
2025.02.17	00:20:19.361	0.94267	0.94378			6
2025.02.17	00:20:19.662	0.94266	0.94377			6
2025.02.17	00:20:20.466	0.94267				2
2025.02.17	00:20:22.953	0.94268	0.94375			6
2025.02.17	00:20:30.290	0.94270	0.94377			6
2025.02.17	00:20:31.005		0.94375			4
2025.02.17	00:20:34.818		0.94374			4
2025.02.17	00:20:36.742	0.94272	0.94375			6
2025.02.17	00:20:37.328	0.94273				2
2025.02.17	00:20:47.438	0.94275	0.94377			6
2025.02.17	00:20:51.459	0.94276	0.94378			6
2025.02.17	00:20:53.886		0.94377			4
2025.02.17	00:20:57.671		0.94376			4
2025.02.17	00:20:58.385	0.94277	0.94377			6
2025.02.17	00:21:04.734	0.94271	0.94386			6
2025.02.17	00:21:05.120	0.94286	0.94395			6
2025.02.17	00:21:11.851		0.94394			4
2025.02.17	00:21:14.623	0.94287				2
2025.02.17	00:21:17.416		0.94393			4
2025.02.17	00:21:17.979	0.94288				2
2025.02.17	00:21:19.901	0.94275	0.94387			6
2025.02.17	00:21:21.104	0.94278	0.94388			6
2025.02.17	00:21:22.000	0.94279				2
2025.02.17	00:21:24.439	0.94280	0.94389			6
2025.02.17	00:21:25.433	0.94281				2
2025.02.17	00:21:29.655	0.94282	0.94390			6
2025.02.17	00:21:38.991		0.94388			4
2025.02.17	00:21:39.956	0.94284	0.94389			6
2025.02.17	00:21:40.574		0.94388			4
2025.02.17	00:21:42.455	0.94285				2
2025.02.17	00:21:44.060	0.94286				2
2025.02.17	00:21:44.774	0.94287				2
2025.02.17	00:21:45.641	0.94297	0.94398			6
2025.02.17	00:21:45.990	0.94284	0.94399			6
2025.02.17	00:21:46.436	0.94285	0.94398			6
2025.02.17	00:21:47.585	0.94286				2
2025.02.17	00:21:51.315	0.94288	0.94399			6
2025.02.17	00:21:51.984		0.94393			4
2025.02.17	00:21:54.854	0.94289	0.94395			6
2025.02.17	00:21:55.912	0.94274	0.94406			6
2025.02.17	00:21:57.815	0.94292	0.94388			6
2025.02.17	00:22:03.051	0.94292	0.94389			6
2025.02.17	00:22:07.896	0.94290	0.94387			6
2025.02.17	00:22:12.043	0.94287	0.94392			6
2025.02.17	00:22:13.523	0.94280	0.94397			6
2025.02.17	00:22:13.915	0.94277				2
2025.02.17	00:22:14.581	0.94272	0.94403			6
2025.02.17	00:22:16.296	0.94274	0.94404			6
2025.02.17	00:22:17.377	0.94275	0.94401			6
2025.02.17	00:22:18.432	0.94277	0.94402			6
2025.02.17	00:22:18.857	0.94278	0.94401			6
2025.02.17	00:22:19.424	0.94227	0.94454			6
2025.02.17	00:22:29.322		0.94453			4
2025.02.17	00:22:38.921		0.94452			4
2025.02.17	00:22:53.921		0.94451			4
2025.02.17	00:23:01.121	0.94227				2
2025.02.17	00:23:04.723	0.94229	0.94452			6
2025.02.17	00:23:06.522		0.94451			4
2025.02.17	00:23:11.018	0.94250	0.94464			6
2025.02.17	00:23:16.126		0.94463			4
2025.02.17	00:23:24.524		0.94462			4
2025.02.17	00:23:33.821		0.94461			4
2025.02.17	00:23:44.924		0.94460			4
2025.02.17	00:23:55.425		0.94459			4
2025.02.17	00:24:01.124	0.94250				2
2025.02.17	00:24:06.522		0.94458			4
2025.02.17	00:24:23.629		0.94457			4
2025.02.17	00:24:33.524		0.94456			4
2025.02.17	00:24:39.087	0.94273	0.94466			6
2025.02.17	00:24:42.522		0.94465			4
2025.02.17	00:24:50.324		0.94464			4
2025.02.17	00:25:00.316	0.94273				2
2025.02.17	00:25:02.022		0.94463			4
2025.02.17	00:25:10.429		0.94462			4
2025.02.17	00:25:20.322		0.94461			4
2025.02.17	00:25:21.826		0.94462			4
2025.02.17	00:25:22.425		0.94461			4
2025.02.17	00:25:24.047	0.94269	0.94460			6
2025.02.17	00:25:27.546	0.94271	0.94462			6
2025.02.17	00:25:30.225		0.94461			4
2025.02.17	00:25:31.109		0.94471			4
2025.02.17	00:25:32.922		0.94470			4
2025.02.17	00:25:39.241	0.94261				2
2025.02.17	00:25:39.957	0.94247	0.94452			6
2025.02.17	00:25:49.121		0.94461			4
2025.02.17	00:25:54.532		0.94460			4
2025.02.17	00:26:00.815	0.94247				2
2025.02.17	00:26:05.624		0.94459			4
2025.02.17	00:26:12.664	0.94245	0.94402			6
2025.02.17	00:26:13.527		0.94368			4
2025.02.17	00:26:17.621	0.94235				2
2025.02.17	00:26:44.322	0.94177	0.94386			6
2025.02.17	00:26:44.643	0.94179				2
2025.02.17	00:26:47.925	0.94182				2
2025.02.17	00:26:50.623	0.94183	0.94360			6
2025.02.17	00:26:52.723	0.94184				2
2025.02.17	00:26:58.380	0.94174				2
2025.02.17	00:27:00.220	0.94174				2
2025.02.17	00:27:10.467	0.94178				2
2025.02.17	00:27:15.899	0.94181				2
2025.02.17	00:27:17.698	0.94180				2
2025.02.17	00:27:18.060	0.94181				2
2025.02.17	00:27:19.196	0.94182				2
2025.02.17	00:27:19.696	0.94181				2
2025.02.17	00:27:21.198	0.94182				2
2025.02.17	00:27:21.701	0.94181				2
2025.02.17	00:27:22.201	0.94182				2
2025.02.17	00:27:22.709	0.94181				2
2025.02.17	00:27:23.199	0.94182				2
2025.02.17	00:27:25.193	0.94183				2
2025.02.17	00:27:25.706	0.94182				2
2025.02.17	00:27:26.200	0.94183				2
2025.02.17	00:27:26.697	0.94182				2
2025.02.17	00:27:27.200	0.94183				2
2025.02.17	00:27:27.701	0.94182				2
2025.02.17	00:27:28.196	0.94183				2
2025.02.17	00:27:30.698	0.94182				2
2025.02.17	00:27:31.195	0.94183				2
2025.02.17	00:27:31.701	0.94182				2
2025.02.17	00:27:32.075	0.94183				2
2025.02.17	00:27:32.710	0.94182				2
2025.02.17	00:27:33.203	0.94183				2
2025.02.17	00:27:36.221	0.94184				2
2025.02.17	00:27:45.848	0.94182				2
2025.02.17	00:27:51.293		0.94360			4
2025.02.17	00:27:55.886	0.94183				2
2025.02.17	00:27:57.386	0.94182				2
2025.02.17	00:27:57.880	0.94183				2
2025.02.17	00:27:58.374	0.94182				2
2025.02.17	00:27:58.872	0.94183				2
2025.02.17	00:27:59.377	0.94182				2
2025.02.17	00:27:59.872	0.94183				2
2025.02.17	00:28:00.371	0.94183				2
2025.02.17	00:28:02.874	0.94184				2
2025.02.17	00:28:03.376	0.94183				2
2025.02.17	00:28:03.873	0.94184				2
2025.02.17	00:28:04.388	0.94183				2
2025.02.17	00:28:04.878	0.94184				2
2025.02.17	00:28:05.374	0.94183				2
2025.02.17	00:28:05.870	0.94184				2
2025.02.17	00:28:06.379	0.94183				2
2025.02.17	00:28:06.875	0.94184				2
2025.02.17	00:28:07.380	0.94183				2
2025.02.17	00:28:07.876	0.94184				2
2025.02.17	00:28:10.372	0.94183				2
2025.02.17	00:28:11.875	0.94184				2
2025.02.17	00:28:12.373	0.94183				2
2025.02.17	00:28:12.873	0.94184				2
2025.02.17	00:28:13.375	0.94183				2
2025.02.17	00:28:13.873	0.94184				2
2025.02.17	00:28:14.376	0.94183				2
2025.02.17	00:28:14.709	0.94184				2
2025.02.17	00:28:18.878	0.94185				2
2025.02.17	00:28:19.373	0.94184				2
2025.02.17	00:28:19.880	0.94185				2
2025.02.17	00:28:20.375	0.94184				2
2025.02.17	00:28:20.883	0.94185				2
2025.02.17	00:28:21.373	0.94184				2
2025.02.17	00:28:21.871	0.94185				2
2025.02.17	00:28:25.376	0.94184				2
2025.02.17	00:28:25.874	0.94185				2
2025.02.17	00:28:26.374	0.94184				2
2025.02.17	00:28:26.874	0.94185				2
2025.02.17	00:28:27.377	0.94184				2
2025.02.17	00:28:27.881	0.94185				2
2025.02.17	00:28:28.376	0.94184				2
2025.02.17	00:28:28.875	0.94185				2
2025.02.17	00:28:33.875	0.94186				2
2025.02.17	00:28:34.375	0.94185				2
2025.02.17	00:28:34.877	0.94186				2
2025.02.17	00:28:35.386	0.94185				2
2025.02.17	00:28:35.879	0.94186				2
2025.02.17	00:28:36.372	0.94185				2
2025.02.17	00:28:36.881	0.94186				2
2025.02.17	00:28:37.374	0.94185				2
2025.02.17	00:28:37.876	0.94186				2
2025.02.17	00:28:38.416	0.94182				2
2025.02.17	00:28:38.878	0.94183				2
2025.02.17	00:28:39.380	0.94182				2
2025.02.17	00:28:40.138	0.94178				2
2025.02.17	00:28:46.245	0.94176				2
2025.02.17	00:28:49.960	0.94160	0.94344			6
2025.02.17	00:28:50.353	0.94159				2
2025.02.17	00:28:51.298	0.94160				2
2025.02.17	00:28:56.323	0.94162				2
2025.02.17	00:29:00.226	0.94163				2
2025.02.17	00:29:12.822	0.94164				2
2025.02.17	00:29:25.723	0.94165				2
2025.02.17	00:29:39.521	0.94166				2
2025.02.17	00:29:44.958		0.94336			4
2025.02.17	00:29:53.010	0.94167				2
2025.02.17	00:29:53.532	0.94166				2
2025.02.17	00:30:00.225	0.94169				2
2025.02.17	00:30:01.507	0.94170				2
2025.02.17	00:30:02.265		0.94346			4
2025.02.17	00:30:02.627	0.94169				2
2025.02.17	00:30:10.436	0.94170				2
2025.02.17	00:30:21.522		0.94348			4
2025.02.17	00:30:23.022	0.94169	0.94346			6
2025.02.17	00:30:24.629		0.94348			4
2025.02.17	00:30:27.981	0.94171	0.94346			6
2025.02.17	00:30:28.367	0.94173				2
2025.02.17	00:30:30.304	0.94174				2
2025.02.17	00:30:35.635		0.94348			4
2025.02.17	00:30:35.981		0.94347			4
2025.02.17	00:30:37.126	0.94175				2
2025.02.17	00:30:38.331		0.94343			4
2025.02.17	00:30:44.709	0.94183				2
2025.02.17	00:30:47.340	0.94184				2
2025.02.17	00:30:48.338	0.94186				2
2025.02.17	00:30:49.335	0.94185				2
2025.02.17	00:30:53.623	0.94186				2
2025.02.17	00:30:53.947	0.94179				2
2025.02.17	00:30:54.338	0.94178				2
2025.02.17	00:30:55.915	0.94177				2
2025.02.17	00:31:00.224	0.94178				2
2025.02.17	00:31:02.369	0.94174				2
2025.02.17	00:31:02.906		0.94339			4
2025.02.17	00:31:08.999	0.94176	0.94341			6
2025.02.17	00:31:15.523	0.94177				2
2025.02.17	00:31:24.704	0.94180	0.94343			6
2025.02.17	00:31:41.023	0.94186				2
2025.02.17	00:31:47.715	0.94187				2
2025.02.17	00:32:01.425	0.94187				2
2025.02.17	00:32:01.762		0.94342			4
2025.02.17	00:32:04.725	0.94188				2
2025.02.17	00:32:08.362	0.94186	0.94343			6
2025.02.17	00:32:10.122		0.94341			4
2025.02.17	00:32:12.921	0.94187	0.94342			6
2025.02.17	00:32:13.721		0.94343			4
2025.02.17	00:32:26.624	0.94186				2
2025.02.17	00:32:29.324	0.94187				2
2025.02.17	00:32:35.925	0.94188				2
2025.02.17	00:32:38.802	0.94181	0.94341			6
2025.02.17	00:32:39.103	0.94175				2
2025.02.17	00:32:39.407	0.94179				2
2025.02.17	00:32:41.023	0.94180				2
2025.02.17	00:32:42.226	0.94181				2
2025.02.17	00:32:42.662	0.94182				2
2025.02.17	00:32:43.423	0.94185				2
2025.02.17	00:32:45.850	0.94184	0.94339			6
2025.02.17	00:32:47.332	0.94183				2
2025.02.17	00:32:58.721	0.94184				2
2025.02.17	00:33:01.123	0.94184				2
2025.02.17	00:33:04.830	0.94181	0.94379			6
2025.02.17	00:33:05.966	0.94179				2
2025.02.17	00:33:09.333	0.94180				2
2025.02.17	00:33:10.124	0.94181				2
2025.02.17	00:33:10.906	0.94184				2
2025.02.17	00:33:11.323	0.94185				2
2025.02.17	00:33:12.838	0.94188	0.94378			6
2025.02.17	00:33:13.292	0.94175	0.94375			6
2025.02.17	00:33:13.663		0.94369			4
2025.02.17	00:33:14.013	0.94176	0.94368			6
2025.02.17	00:33:14.324	0.94177	0.94364			6
2025.02.17	00:33:14.839	0.94179	0.94361			6
2025.02.17	00:33:15.373		0.94357			4
2025.02.17	00:33:16.006	0.94181	0.94356			6
2025.02.17	00:33:16.353	0.94182	0.94355			6
2025.02.17	00:33:17.245		0.94354			4
2025.02.17	00:33:18.521	0.94183				2
2025.02.17	00:33:19.718	0.94182				2
2025.02.17	00:33:20.026	0.94183				2
2025.02.17	00:33:20.749	0.94184				2
2025.02.17	00:33:21.821	0.94185	0.94353			6
2025.02.17	00:33:22.640	0.94186	0.94352			6
2025.02.17	00:33:23.646		0.94351			4
2025.02.17	00:33:24.352	0.94184	0.94353			6
2025.02.17	00:33:25.717	0.94185	0.94352			6
2025.02.17	00:33:26.021	0.94186	0.94350			6
2025.02.17	00:33:27.228	0.94187	0.94349			6
2025.02.17	00:33:27.565		0.94352			4
2025.02.17	00:33:28.098	0.94188	0.94350			6
2025.02.17	00:33:29.323		0.94349			4
2025.02.17	00:33:30.821	0.94189	0.94350			6
2025.02.17	00:33:32.025		0.94349			4
2025.02.17	00:33:32.922	0.94190				2
2025.02.17	00:33:33.523		0.94348			4
2025.02.17	00:33:34.425	0.94191				2
2025.02.17	00:33:35.926	0.94189	0.94350			6
2025.02.17	00:33:36.416	0.94191	0.94349			6
2025.02.17	00:33:37.122	0.94192	0.94346			6
2025.02.17	00:33:38.622		0.94347			4
2025.02.17	00:33:39.784	0.94193	0.94346			6
2025.02.17	00:33:40.424		0.94345			4
2025.02.17	00:33:41.923	0.94194	0.94344			6
2025.02.17	00:33:42.953	0.94193	0.94345			6
2025.02.17	00:33:44.081		0.94346			4
2025.02.17	00:33:44.799	0.94192	0.94347			6
2025.02.17	00:33:45.524	0.94193				2
2025.02.17	00:33:46.422		0.94345			4
2025.02.17	00:33:49.126		0.94346			4
2025.02.17	00:33:49.595	0.94195	0.94344			6
2025.02.17	00:33:50.826	0.94196	0.94342			6
2025.02.17	00:33:52.423	0.94198	0.94344			6
2025.02.17	00:34:00.823	0.94198				2
2025.02.17	00:34:03.311	0.94196	0.94346			6
2025.02.17	00:34:03.933	0.94197	0.94347			6
2025.02.17	00:34:08.515	0.94198				2
2025.02.17	00:34:09.822		0.94346			4
2025.02.17	00:34:22.125	0.94199				2
2025.02.17	00:34:23.952	0.94202	0.94349			6
2025.02.17	00:34:24.823	0.94205	0.94351			6
2025.02.17	00:34:52.357	0.94203	0.94348			6
2025.02.17	00:34:52.721	0.94202	0.94346			6
2025.02.17	00:34:53.023	0.94201	0.94344			6
2025.02.17	00:34:54.221	0.94202				2
2025.02.17	00:34:56.021	0.94203				2
2025.02.17	00:34:56.323	0.94204				2
2025.02.17	00:34:57.223	0.94208	0.94340			6
2025.02.17	00:35:02.790	0.94208				2
2025.02.17	00:35:04.122	0.94207	0.94339			6
2025.02.17	00:35:15.822		0.94340			4
2025.02.17	00:35:37.834	0.94204	0.94342			6
2025.02.17	00:35:38.922		0.94343			4
2025.02.17	00:35:41.843	0.94200	0.94347			6
2025.02.17	00:35:42.919	0.94193	0.94354			6
2025.02.17	00:35:43.384	0.94189	0.94359			6
2025.02.17	00:35:44.973		0.94360			4
2025.02.17	00:35:45.523		0.94361			4
2025.02.17	00:35:51.702	0.94193	0.94365			6
2025.02.17	00:35:52.122	0.94195	0.94362			6
2025.02.17	00:35:52.788	0.94200	0.94357			6
2025.02.17	00:35:59.021	0.94198	0.94358			6
2025.02.17	00:35:59.593	0.94196	0.94361			6
2025.02.17	00:36:00.362	0.94196				2
2025.02.17	00:36:00.824	0.94195	0.94362			6
2025.02.17	00:36:02.004	0.94193	0.94364			6
2025.02.17	00:36:02.735	0.94194	0.94363			6
2025.02.17	00:36:03.824	0.94193	0.94364			6
2025.02.17	00:36:05.324	0.94194	0.94363			6
2025.02.17	00:36:08.231	0.94191	0.94366			6
2025.02.17	00:36:09.823	0.94192				2
2025.02.17	00:36:10.439	0.94193	0.94365			6
2025.02.17	00:36:11.923	0.94192	0.94366			6
2025.02.17	00:36:13.123	0.94193	0.94365			6
2025.02.17	00:36:14.325		0.94366			4
2025.02.17	00:36:15.525		0.94365			4
2025.02.17	00:36:16.129	0.94194				2
2025.02.17	00:36:18.142	0.94193	0.94366			6
2025.02.17	00:36:23.021	0.94191	0.94368			6
2025.02.17	00:36:23.623	0.94192				2
2025.02.17	00:36:24.357	0.94195	0.94367			6
2025.02.17	00:36:28.422	0.94246				2
2025.02.17	00:36:29.938		0.94366			4
2025.02.17	00:36:31.124		0.94367			4
2025.02.17	00:36:32.025	0.94244	0.94368			6
2025.02.17	00:36:32.844		0.94369			4
2025.02.17	00:36:34.429	0.94243	0.94370			6
2025.02.17	00:36:35.629		0.94369			4
2025.02.17	00:36:36.821	0.94244				2
2025.02.17	00:36:38.663	0.94245				2
2025.02.17	00:36:41.323	0.94244				2
2025.02.17	00:36:45.751	0.94249	0.94364			6
2025.02.17	00:36:46.054	0.94247	0.94365			6
2025.02.17	00:36:46.605	0.94249	0.94364			6
2025.02.17	00:36:46.987	0.94245	0.94367			6
2025.02.17	00:36:47.940	0.94244	0.94369			6
2025.02.17	00:36:50.022	0.94245				2
2025.02.17	00:36:52.723		0.94368			4
2025.02.17	00:36:57.221	0.94246				2
2025.02.17	00:37:01.126	0.94247				2
2025.02.17	00:37:02.023	0.94246				2
2025.02.17	00:37:02.388		0.94369			4
2025.02.17	00:37:03.529		0.94368			4
2025.02.17	00:37:03.838	0.94243	0.94378			6
2025.02.17	00:37:04.331	0.94240	0.94381			6
2025.02.17	00:37:04.855	0.94236	0.94385			6
2025.02.17	00:37:05.854	0.94235	0.94386			6
2025.02.17	00:37:06.222	0.94234	0.94387			6
2025.02.17	00:37:07.730	0.94235	0.94386			6
2025.02.17	00:37:08.375	0.94234				2
2025.02.17	00:37:08.683		0.94387			4
2025.02.17	00:37:10.081	0.94235	0.94386			6
2025.02.17	00:37:20.781	0.94233	0.94388			6
2025.02.17	00:37:21.422	0.94231	0.94390			6
2025.02.17	00:37:22.033	0.94230	0.94391			6
2025.02.17	00:37:22.725		0.94392			4
2025.02.17	00:37:29.625	0.94231				2
2025.02.17	00:37:30.823	0.94230				2
2025.02.17	00:37:31.801	0.94231				2
2025.02.17	00:37:36.525	0.94236	0.94387			6
2025.02.17	00:37:37.723	0.94233	0.94390			6
2025.02.17	00:37:38.924	0.94237	0.94386			6
2025.02.17	00:37:40.551	0.94233	0.94390			6
2025.02.17	00:37:41.121	0.94243	0.94380			6
2025.02.17	00:37:41.514	0.94245	0.94378			6
2025.02.17	00:37:43.163	0.94254	0.94368			6
2025.02.17	00:37:43.661	0.94258	0.94365			6
2025.02.17	00:37:44.153	0.94260	0.94363			6
2025.02.17	00:37:44.975	0.94227	0.94377			6
2025.02.17	00:37:45.366	0.94250	0.94373			6
2025.02.17	00:37:46.405	0.94252	0.94371			6
2025.02.17	00:37:48.878	0.94245	0.94377			6
2025.02.17	00:37:50.150	0.94249	0.94374			6
2025.02.17	00:37:50.463	0.94248	0.94375			6
2025.02.17	00:37:50.842	0.94246	0.94376			6
2025.02.17	00:37:53.022		0.94377			4
2025.02.17	00:37:53.477	0.94247	0.94376			6
2025.02.17	00:37:54.199	0.94252	0.94371			6
2025.02.17	00:37:54.650	0.94255	0.94368			6
2025.02.17	00:37:55.097	0.94258	0.94365			6
2025.02.17	00:37:55.425	0.94260	0.94363			6
2025.02.17	00:37:56.751	0.94259	0.94364			6
2025.02.17	00:37:59.324	0.94260	0.94363			6
2025.02.17	00:38:00.823	0.94260				2
2025.02.17	00:38:04.723		0.94362			4
2025.02.17	00:38:08.441		0.94363			4
2025.02.17	00:38:09.048	0.94258	0.94364			6
2025.02.17	00:38:09.524	0.94259				2
2025.02.17	00:38:16.252	0.94258	0.94365			6
2025.02.17	00:38:16.723		0.94364			4
2025.02.17	00:38:19.723	0.94259				2
2025.02.17	00:38:21.647	0.94254	0.94368			6
2025.02.17	00:38:22.007	0.94255				2
2025.02.17	00:38:24.650	0.94256	0.94367			6
2025.02.17	00:38:26.878	0.94251	0.94365			6
2025.02.17	00:38:27.184	0.94252	0.94364			6
2025.02.17	00:38:28.108	0.94253	0.94362			6
2025.02.17	00:38:31.941	0.94254				2
2025.02.17	00:38:32.322	0.94253				2
2025.02.17	00:38:33.420		0.94363			4
2025.02.17	00:38:33.822	0.94255	0.94361			6
2025.02.17	00:38:34.162	0.94257	0.94358			6
2025.02.17	00:38:34.724	0.94258				2
2025.02.17	00:38:35.452	0.94259	0.94357			6
2025.02.17	00:38:35.787	0.94257	0.94358			6
2025.02.17	00:38:36.503		0.94359			4
2025.02.17	00:38:38.150	0.94253	0.94362			6
2025.02.17	00:38:38.621		0.94363			4
2025.02.17	00:38:39.427	0.94259	0.94356			6
2025.02.17	00:38:40.280	0.94256	0.94360			6
2025.02.17	00:38:40.848	0.94257	0.94359			6
2025.02.17	00:38:54.046	0.94251	0.94364			6
2025.02.17	00:38:54.444	0.94255	0.94361			6
2025.02.17	00:38:55.727	0.94254	0.94362			6
2025.02.17	00:38:57.525		0.94361			4
2025.02.17	00:38:58.721	0.94255				2
2025.02.17	00:39:00.222	0.94254				2
2025.02.17	00:39:02.924		0.94362			4
2025.02.17	00:39:03.951	0.94255	0.94361			6
2025.02.17	00:39:09.526	0.94252				2
2025.02.17	00:39:10.684	0.94250	0.94362			6
2025.02.17	00:39:11.302	0.94246	0.94366			6
2025.02.17	00:39:12.691	0.94252	0.94370			6
2025.02.17	00:39:13.075	0.94250	0.94372			6
2025.02.17	00:39:13.421	0.94249	0.94374			6
2025.02.17	00:39:14.174	0.94248				2
2025.02.17	00:39:15.669	0.94247	0.94375			6
2025.02.17	00:39:17.661	0.94246	0.94376			6
2025.02.17	00:39:19.122	0.94247				2
2025.02.17	00:39:20.622	0.94248	0.94375			6
2025.02.17	00:39:22.123	0.94247	0.94376			6
2025.02.17	00:39:23.923	0.94248	0.94375			6
2025.02.17	00:39:27.713	0.94254	0.94369			6
2025.02.17	00:39:28.121	0.94252	0.94371			6
2025.02.17	00:39:28.819	0.94249	0.94375			6
2025.02.17	00:39:29.627		0.94374			4
2025.02.17	00:39:32.843		0.94375			4
2025.02.17	00:39:33.992	0.94247	0.94376			6
2025.02.17	00:39:35.923		0.94377			4
2025.02.17	00:39:39.529		0.94376			4
2025.02.17	00:39:40.881	0.94253	0.94370			6
2025.02.17	00:39:43.881	0.94247	0.94375			6
2025.02.17	00:39:44.514	0.94244				2
2025.02.17	00:39:45.527	0.94245				2
2025.02.17	00:39:46.348		0.94374			4
2025.02.17	00:39:51.825	0.94251	0.94369			6
2025.02.17	00:39:52.376	0.94248	0.94371			6
2025.02.17	00:39:52.723	0.94249				2
2025.02.17	00:39:58.204	0.94248	0.94372			6
2025.02.17	00:39:59.325		0.94371			4
2025.02.17	00:40:00.221	0.94248	0.94372			6
2025.02.17	00:40:01.432		0.94371			4
2025.02.17	00:40:06.524	0.94249				2
2025.02.17	00:40:08.195	0.94248	0.94372			6
2025.02.17	00:40:08.595	0.94249	0.94371			6
2025.02.17	00:40:09.788	0.94250	0.94370			6
2025.02.17	00:40:10.101	0.94213	0.94365			6
2025.02.17	00:40:10.403	0.94219	0.94359			6
2025.02.17	00:40:10.711	0.94221	0.94357			6
2025.02.17	00:40:11.145	0.94218	0.94358			6
2025.02.17	00:40:11.621	0.94217				2
2025.02.17	00:40:12.348	0.94218	0.94357			6
2025.02.17	00:40:13.427	0.94219				2
2025.02.17	00:40:15.032	0.94217	0.94358			6
2025.02.17	00:40:16.001	0.94215	0.94361			6
2025.02.17	00:40:16.349	0.94214				2
2025.02.17	00:40:18.523	0.94213				2
2025.02.17	00:40:19.742	0.94215	0.94360			6
2025.02.17	00:40:23.438	0.94212	0.94363			6
2025.02.17	00:40:25.316	0.94214	0.94362			6
2025.02.17	00:40:26.629	0.94213				2
2025.02.17	00:40:30.824	0.94206				2
2025.02.17	00:40:35.024	0.94205				2
2025.02.17	00:40:36.529	0.94204	0.94363			6
2025.02.17	00:40:38.452	0.94203	0.94364			6
2025.02.17	00:40:39.695	0.94204	0.94363			6
2025.02.17	00:40:55.144	0.94208	0.94360			6
2025.02.17	00:40:56.321	0.94207	0.94361			6
2025.02.17	00:40:56.801	0.94206	0.94362			6
2025.02.17	00:40:59.333	0.94207				2
2025.02.17	00:41:00.522	0.94207				2
2025.02.17	00:41:01.726	0.94206				2
2025.02.17	00:41:03.823	0.94207				2
2025.02.17	00:41:05.172		0.94361			4
2025.02.17	00:41:06.927	0.94209	0.94360			6
2025.02.17	00:41:08.326	0.94208				2
2025.02.17	00:41:13.552		0.94359			4
2025.02.17	00:41:14.928	0.94207				2
2025.02.17	00:41:17.630	0.94208				2
2025.02.17	00:41:21.824	0.94206	0.94361			6
2025.02.17	00:41:27.222		0.94360			4
2025.02.17	00:41:32.982	0.94207				2
2025.02.17	00:41:34.767	0.94206				2
2025.02.17	00:41:35.167	0.94205	0.94361			6
2025.02.17	00:41:38.454	0.94206				2
2025.02.17	00:41:40.939	0.94214	0.94353			6
2025.02.17	00:41:43.723	0.94213				2
2025.02.17	00:41:46.715	0.94259	0.94358			6
2025.02.17	00:41:47.245		0.94359			4
2025.02.17	00:41:47.622	0.94289	0.94375			6
2025.02.17	00:41:47.933	0.94231	0.94397			6
2025.02.17	00:41:48.257	0.94242				2
2025.02.17	00:41:48.556	0.94245				2
2025.02.17	00:41:49.426	0.94246				2
2025.02.17	00:41:49.878	0.94245				2
2025.02.17	00:41:50.238	0.94246				2
2025.02.17	00:41:50.767	0.94256				2
2025.02.17	00:41:51.290	0.94249	0.94442			6
2025.02.17	00:41:51.602		0.94441			4
2025.02.17	00:41:51.908		0.94442			4
2025.02.17	00:41:52.221		0.94452			4
2025.02.17	00:41:52.522		0.94474			4
2025.02.17	00:41:52.827		0.94472			4
2025.02.17	00:41:54.345		0.94464			4
2025.02.17	00:41:55.726		0.94459			4
2025.02.17	00:41:57.102		0.94463			4
2025.02.17	00:41:57.443		0.94456			4
2025.02.17	00:41:57.760		0.94449			4
2025.02.17	00:41:58.088		0.94438			4
2025.02.17	00:41:59.237		0.94443			4
2025.02.17	00:41:59.645		0.94442			4
2025.02.17	00:42:00.441	0.94249	0.94443			6
2025.02.17	00:42:01.857	0.94223	0.94446			6
2025.02.17	00:42:02.163	0.94264	0.94494			6
2025.02.17	00:42:02.471	0.94262	0.94468			6
2025.02.17	00:42:02.777	0.94270	0.94400			6
2025.02.17	00:42:03.086	0.94266	0.94403			6
2025.02.17	00:42:03.403	0.94248	0.94422			6
2025.02.17	00:42:03.728	0.94294	0.94388			6
2025.02.17	00:42:04.039	0.94279	0.94371			6
2025.02.17	00:42:04.356	0.94298	0.94397			6
2025.02.17	00:42:04.657	0.94291	0.94383			6
2025.02.17	00:42:05.441	0.94289				2
2025.02.17	00:42:05.923	0.94219	0.94451			6
2025.02.17	00:42:06.382	0.94231	0.94438			6
2025.02.17	00:42:07.268	0.94240	0.94430			6
2025.02.17	00:42:07.943	0.94248	0.94422			6
2025.02.17	00:42:08.418	0.94247				2
2025.02.17	00:42:09.224	0.94257	0.94412			6
2025.02.17	00:42:10.245	0.94250	0.94419			6
2025.02.17	00:42:11.921	0.94240	0.94430			6
2025.02.17	00:42:12.223	0.94246	0.94423			6
2025.02.17	00:42:13.199	0.94248	0.94421			6
2025.02.17	00:42:14.620		0.94422			4
2025.02.17	00:42:15.821	0.94249	0.94420			6
2025.02.17	00:42:16.123	0.94251	0.94418			6
2025.02.17	00:42:18.048	0.94261	0.94408			6
2025.02.17	00:42:18.521	0.94251	0.94418			6
2025.02.17	00:42:18.826	0.94259	0.94410			6
2025.02.17	00:42:19.135	0.94264	0.94405			6
2025.02.17	00:42:19.453	0.94263				2
2025.02.17	00:42:19.765	0.94261	0.94408			6
2025.02.17	00:42:20.355	0.94259	0.94411			6
2025.02.17	00:42:20.899	0.94258				2
2025.02.17	00:42:22.137	0.94269	0.94401			6
2025.02.17	00:42:22.638	0.94267	0.94402			6
2025.02.17	00:42:24.380	0.94265	0.94404			6
2025.02.17	00:42:24.803	0.94262	0.94408			6
2025.02.17	00:42:25.134	0.94261	0.94409			6
2025.02.17	00:42:25.436	0.94249	0.94420			6
2025.02.17	00:42:25.911	0.94238	0.94432			6
2025.02.17	00:42:26.382	0.94221	0.94448			6
2025.02.17	00:42:26.722	0.94227	0.94442			6
2025.02.17	00:42:27.101	0.94266	0.94403			6
2025.02.17	00:42:27.454	0.94258	0.94412			6
2025.02.17	00:42:27.772	0.94235	0.94434			6
2025.02.17	00:42:28.253	0.94230	0.94439			6
2025.02.17	00:42:28.629	0.94248	0.94421			6
2025.02.17	00:42:29.031	0.94229	0.94441			6
2025.02.17	00:42:29.348	0.94226	0.94444			6
2025.02.17	00:42:30.120	0.94225				2
2025.02.17	00:42:30.947	0.94249	0.94419			6
2025.02.17	00:42:31.264	0.94245	0.94424			6
2025.02.17	00:42:32.157	0.94249	0.94420			6
2025.02.17	00:42:32.570	0.94243	0.94427			6
2025.02.17	00:42:32.871	0.94242				2
2025.02.17	00:42:33.222	0.94239	0.94431			6
2025.02.17	00:42:33.595	0.94238				2
2025.02.17	00:42:34.242	0.94233	0.94446			6
2025.02.17	00:42:34.579		0.94442			4
2025.02.17	00:42:34.885	0.94224	0.94445			6
2025.02.17	00:42:35.266	0.94225	0.94444			6
2025.02.17	00:42:35.613	0.94232	0.94438			6
2025.02.17	00:42:36.028	0.94238	0.94431			6
2025.02.17	00:42:36.782	0.94261	0.94409			6
2025.02.17	00:42:37.082	0.94277	0.94392			6
2025.02.17	00:42:38.328	0.94278				2
2025.02.17	00:42:41.024	0.94277				2
2025.02.17	00:42:41.583		0.94393			4
2025.02.17	00:42:43.124		0.94392			4
2025.02.17	00:42:45.347	0.94278	0.94391			6
2025.02.17	00:42:45.718	0.94256	0.94414			6
2025.02.17	00:42:46.022	0.94244	0.94425			6
2025.02.17	00:42:46.350	0.94235	0.94434			6
2025.02.17	00:42:46.654	0.94242	0.94428			6
2025.02.17	00:42:46.964	0.94247	0.94423			6
2025.02.17	00:42:47.267	0.94240	0.94430			6
2025.02.17	00:42:47.781	0.94235	0.94435			6
2025.02.17	00:42:48.374	0.94256	0.94434			6
2025.02.17	00:42:48.740		0.94447			4
2025.02.17	00:42:49.070	0.94224	0.94445			6
2025.02.17	00:42:49.388	0.94256	0.94441			6
2025.02.17	00:42:50.022		0.94447			4
2025.02.17	00:42:50.328		0.94448			4
2025.02.17	00:42:50.644		0.94451			4
2025.02.17	00:42:51.199		0.94449			4
2025.02.17	00:42:52.043		0.94445			4
2025.02.17	00:42:53.304		0.94444			4
2025.02.17	00:42:54.038		0.94447			4
2025.02.17	00:42:54.891		0.94454			4
2025.02.17	00:42:55.275		0.94457			4
2025.02.17	00:42:55.701		0.94460			4
2025.02.17	00:42:56.236		0.94463			4
2025.02.17	00:42:57.013		0.94462			4
2025.02.17	00:42:57.318		0.94454			4
2025.02.17	00:42:57.801		0.94462			4
2025.02.17	00:42:58.796		0.94453			4
2025.02.17	00:42:59.347		0.94459			4
2025.02.17	00:43:00.319	0.94256	0.94463			6
2025.02.17	00:43:02.134	0.94244	0.94479			6
2025.02.17	00:43:02.440		0.94430			4
2025.02.17	00:43:02.797	0.94250	0.94419			6
2025.02.17	00:43:03.103	0.94259	0.94410			6
2025.02.17	00:43:03.514	0.94257	0.94412			6
2025.02.17	00:43:04.370	0.94270	0.94399			6
2025.02.17	00:43:06.014	0.94261	0.94408			6
2025.02.17	00:43:06.465	0.94260	0.94410			6
2025.02.17	00:43:07.593	0.94267	0.94402			6
2025.02.17	00:43:07.937	0.94271	0.94398			6
2025.02.17	00:43:08.593	0.94268	0.94400			6
2025.02.17	00:43:09.820	0.94218	0.94450			6
2025.02.17	00:43:10.121	0.94246	0.94432			6
2025.02.17	00:43:10.442	0.94236	0.94433			6
2025.02.17	00:43:10.748	0.94238	0.94431			6
2025.02.17	00:43:11.107	0.94228	0.94441			6
2025.02.17	00:43:11.454	0.94231	0.94438			6
2025.02.17	00:43:12.243	0.94242	0.94427			6
2025.02.17	00:43:12.611	0.94240	0.94429			6
2025.02.17	00:43:13.204	0.94238	0.94430			6
2025.02.17	00:43:14.351	0.94236	0.94433			6
2025.02.17	00:43:17.818	0.94216	0.94453			6
2025.02.17	00:43:18.121	0.94240	0.94429			6
2025.02.17	00:43:18.467	0.94247	0.94422			6
2025.02.17	00:43:19.423	0.94249	0.94419			6
2025.02.17	00:43:20.189	0.94248	0.94421			6
2025.02.17	00:43:21.378	0.94246	0.94423			6
2025.02.17	00:43:21.709	0.94227	0.94442			6
2025.02.17	00:43:22.020	0.94228	0.94441			6
2025.02.17	00:43:22.348	0.94237	0.94432			6
2025.02.17	00:43:22.879	0.94239	0.94430			6
2025.02.17	00:43:23.352	0.94219	0.94449			6
2025.02.17	00:43:23.748	0.94251	0.94417			6
2025.02.17	00:43:24.381	0.94249	0.94420			6
2025.02.17	00:43:24.761	0.94245	0.94424			6
2025.02.17	00:43:25.073	0.94243	0.94426			6
2025.02.17	00:43:25.879	0.94255	0.94414			6
2025.02.17	00:43:26.378	0.94251	0.94417			6
2025.02.17	00:43:26.707	0.94253	0.94416			6
2025.02.17	00:43:28.125	0.94245	0.94425			6
2025.02.17	00:43:31.257	0.94271	0.94398			6
2025.02.17	00:43:35.026	0.94272				2
2025.02.17	00:43:40.981	0.94261	0.94409			6
2025.02.17	00:43:41.285	0.94240	0.94430			6
2025.02.17	00:43:43.125	0.94237	0.94433			6
2025.02.17	00:43:44.624	0.94192	0.94416			6
2025.02.17	00:43:44.966	0.94240	0.94430			6
2025.02.17	00:43:45.270	0.94229	0.94441			6
2025.02.17	00:43:45.625	0.94231	0.94438			6
2025.02.17	00:43:46.104	0.94248	0.94421			6
2025.02.17	00:43:46.420	0.94249	0.94420			6
2025.02.17	00:43:46.721	0.94250				2
2025.02.17	00:43:47.025	0.94260	0.94410			6
2025.02.17	00:43:47.356	0.94261	0.94408			6
2025.02.17	00:43:48.220	0.94259	0.94411			6
2025.02.17	00:43:48.788	0.94240	0.94430			6
2025.02.17	00:43:49.102	0.94238	0.94432			6
2025.02.17	00:43:49.502	0.94228	0.94440			6
2025.02.17	00:43:49.805	0.94253	0.94416			6
2025.02.17	00:43:50.295	0.94221	0.94448			6
2025.02.17	00:43:50.613	0.94187	0.94377			6
2025.02.17	00:43:50.920	0.94194	0.94367			6
2025.02.17	00:43:51.830	0.94219	0.94451			6
2025.02.17	00:43:52.134	0.94265	0.94405			6
2025.02.17	00:43:52.444	0.94239	0.94430			6
2025.02.17	00:43:52.763	0.94238	0.94431			6
2025.02.17	00:43:53.110	0.94229	0.94440			6
2025.02.17	00:43:53.599	0.94256	0.94453			6
2025.02.17	00:43:54.250		0.94448			4
2025.02.17	00:43:55.112		0.94452			4
2025.02.17	00:43:55.594		0.94449			4
2025.02.17	00:43:57.317		0.94459			4
2025.02.17	00:43:57.734		0.94465			4
2025.02.17	00:43:58.062		0.94471			4
2025.02.17	00:43:58.367		0.94470			4
2025.02.17	00:43:58.753		0.94472			4
2025.02.17	00:43:59.299		0.94469			4
2025.02.17	00:43:59.603		0.94476			4
2025.02.17	00:44:01.120	0.94256				2
2025.02.17	00:44:02.120		0.94474			4
2025.02.17	00:44:02.623		0.94475			4
2025.02.17	00:44:05.453		0.94476			4
2025.02.17	00:44:06.665		0.94483			4
2025.02.17	00:44:06.969		0.94478			4
2025.02.17	00:44:07.282		0.94477			4
2025.02.17	00:44:07.639		0.94481			4
2025.02.17	00:44:08.023		0.94479			4
2025.02.17	00:44:08.332		0.94476			4
2025.02.17	00:44:08.650		0.94488			4
2025.02.17	00:44:09.020		0.94477			4
2025.02.17	00:44:09.424	0.94363	0.94458			6
2025.02.17	00:44:09.732	0.94342	0.94444			6
2025.02.17	00:44:10.150	0.94312	0.94548			6
2025.02.17	00:44:10.501	0.94311	0.94540			6
2025.02.17	00:44:10.803	0.94314	0.94536			6
2025.02.17	00:44:11.413	0.94316				2
2025.02.17	00:44:12.018	0.94325	0.94537			6
2025.02.17	00:44:12.319	0.94344	0.94458			6
2025.02.17	00:44:12.622	0.94332	0.94565			6
2025.02.17	00:44:12.924	0.94360	0.94571			6
2025.02.17	00:44:13.226	0.94364	0.94569			6
2025.02.17	00:44:13.532	0.94362	0.94503			6
2025.02.17	00:44:13.832	0.94352	0.94480			6
2025.02.17	00:44:14.134		0.94486			4
2025.02.17	00:44:14.460	0.94339	0.94461			6
2025.02.17	00:44:14.763	0.94357	0.94475			6
2025.02.17	00:44:15.064	0.94347	0.94478			6
2025.02.17	00:44:15.720	0.94359	0.94485			6
2025.02.17	00:44:16.290	0.94352	0.94585			6
2025.02.17	00:44:16.610	0.94363	0.94577			6
2025.02.17	00:44:16.913	0.94339	0.94485			6
2025.02.17	00:44:17.217	0.94366	0.94555			6
2025.02.17	00:44:17.518	0.94381	0.94544			6
2025.02.17	00:44:17.822	0.94379	0.94541			6
2025.02.17	00:44:18.125	0.94352	0.94556			6
2025.02.17	00:44:18.426	0.94376	0.94537			6
2025.02.17	00:44:19.033	0.94377	0.94538			6
2025.02.17	00:44:19.335	0.94369	0.94527			6
2025.02.17	00:44:19.636	0.94378	0.94535			6
2025.02.17	00:44:20.245	0.94383	0.94538			6
2025.02.17	00:44:21.154	0.94344	0.94480			6
2025.02.17	00:44:21.459	0.94360	0.94517			6
2025.02.17	00:44:22.110	0.94256	0.94478			6
2025.02.17	00:44:22.416		0.94469			4
2025.02.17	00:44:23.584	0.94352	0.94449			6
2025.02.17	00:44:23.955	0.94353	0.94514			6
2025.02.17	00:44:25.491	0.94347	0.94507			6
2025.02.17	00:44:25.793	0.94357	0.94515			6
2025.02.17	00:44:26.097	0.94365	0.94520			6
2025.02.17	00:44:26.399	0.94375	0.94528			6
2025.02.17	00:44:26.701	0.94378	0.94531			6
2025.02.17	00:44:27.006	0.94372	0.94524			6
2025.02.17	00:44:27.307	0.94373				2
2025.02.17	00:44:27.610		0.94523			4
2025.02.17	00:44:27.912	0.94350	0.94553			6
2025.02.17	00:44:28.215	0.94256	0.94494			6
2025.02.17	00:44:29.831		0.94487			4
2025.02.17	00:44:30.331		0.94481			4
2025.02.17	00:44:30.972		0.94480			4
2025.02.17	00:44:31.420		0.94476			4
2025.02.17	00:44:31.834		0.94474			4
2025.02.17	00:44:32.360		0.94475			4
2025.02.17	00:44:32.755		0.94474			4
2025.02.17	00:44:33.063		0.94464			4
2025.02.17	00:44:33.508		0.94462			4
2025.02.17	00:44:34.282		0.94460			4
2025.02.17	00:44:35.180		0.94458			4
2025.02.17	00:44:40.121		0.94459			4
2025.02.17	00:44:40.784		0.94460			4
2025.02.17	00:44:41.107		0.94457			4
2025.02.17	00:44:42.026		0.94458			4
2025.02.17	00:44:42.400		0.94457			4
2025.02.17	00:44:44.911		0.94455			4
2025.02.17	00:44:46.073		0.94458			4
2025.02.17	00:44:47.906		0.94460			4
2025.02.17	00:44:50.661	0.94261	0.94486			6
2025.02.17	00:44:50.980	0.94285	0.94450			6
2025.02.17	00:44:51.285	0.94237	0.94432			6
2025.02.17	00:44:52.348	0.94249	0.94421			6
2025.02.17	00:44:52.701		0.94420			4
2025.02.17	00:44:53.003	0.94243	0.94425			6
2025.02.17	00:44:54.062	0.94244	0.94423			6
2025.02.17	00:44:54.378	0.94216	0.94451			6
2025.02.17	00:44:54.717	0.94217	0.94450			6
2025.02.17	00:44:55.027	0.94306	0.94408			6
2025.02.17	00:44:55.641	0.94302				2
2025.02.17	00:44:56.156	0.94299	0.94406			6
2025.02.17	00:44:57.312		0.94407			4
2025.02.17	00:44:57.838	0.94229	0.94438			6
2025.02.17	00:44:58.147	0.94246	0.94422			6
2025.02.17	00:44:58.791	0.94252	0.94415			6
2025.02.17	00:44:59.546	0.94230	0.94438			6
2025.02.17	00:44:59.861	0.94226	0.94441			6
2025.02.17	00:45:00.347	0.94307	0.94475			6
2025.02.17	00:45:00.674	0.94224	0.94443			6
2025.02.17	00:45:00.982	0.94228	0.94439			6
2025.02.17	00:45:01.286	0.94243	0.94424			6
2025.02.17	00:45:01.616	0.94257	0.94410			6
2025.02.17	00:45:02.134	0.94244	0.94401			6
2025.02.17	00:45:02.441	0.94238	0.94394			6
2025.02.17	00:45:03.953	0.94252	0.94416			6
2025.02.17	00:45:04.359	0.94247	0.94420			6
2025.02.17	00:45:04.680	0.94233	0.94434			6
2025.02.17	00:45:04.989	0.94235	0.94432			6
2025.02.17	00:45:05.305	0.94233	0.94434			6
2025.02.17	00:45:05.851	0.94238	0.94429			6
2025.02.17	00:45:06.162	0.94236	0.94431			6
2025.02.17	00:45:08.488	0.94217	0.94332			6
2025.02.17	00:45:09.404	0.94214	0.94328			6
2025.02.17	00:45:11.532	0.94215				2
2025.02.17	00:45:12.135	0.94216				2
2025.02.17	00:45:13.044	0.94215	0.94327			6
2025.02.17	00:45:13.651	0.94216				2
2025.02.17	00:45:13.954	0.94215	0.94326			6
2025.02.17	00:45:16.677	0.94217	0.94327			6
2025.02.17	00:45:17.585	0.94218	0.94328			6
2025.02.17	00:45:21.518	0.94219				2
2025.02.17	00:45:22.428	0.94217	0.94325			6
2025.02.17	00:45:23.033	0.94214	0.94321			6
2025.02.17	00:45:24.546	0.94213	0.94320			6
2025.02.17	00:45:24.848	0.94212	0.94317			6
2025.02.17	00:45:25.151	0.94234	0.94433			6
2025.02.17	00:45:25.501	0.94236	0.94431			6
2025.02.17	00:45:26.011	0.94240	0.94427			6
2025.02.17	00:45:26.322	0.94238	0.94429			6
2025.02.17	00:45:27.445	0.94235	0.94432			6
2025.02.17	00:45:28.541	0.94236				2
2025.02.17	00:45:29.025	0.94234	0.94433			6
2025.02.17	00:45:29.546	0.94233	0.94434			6
2025.02.17	00:45:30.538	0.94263	0.94404			6
2025.02.17	00:45:30.843	0.94270	0.94398			6
2025.02.17	00:45:31.607	0.94264	0.94403			6
2025.02.17	00:45:31.938	0.94265				2
2025.02.17	00:45:32.472	0.94253	0.94414			6
2025.02.17	00:45:32.793	0.94250	0.94417			6
2025.02.17	00:45:33.503	0.94247	0.94420			6
2025.02.17	00:45:34.174		0.94424			4
2025.02.17	00:45:34.476	0.94274	0.94437			6
2025.02.17	00:45:34.786		0.94435			4
2025.02.17	00:45:35.320		0.94432			4
2025.02.17	00:45:36.427		0.94431			4
2025.02.17	00:45:36.759		0.94446			4
2025.02.17	00:45:37.327		0.94448			4
2025.02.17	00:45:37.709		0.94452			4
2025.02.17	00:45:38.160		0.94453			4
2025.02.17	00:45:38.942	0.94353	0.94464			6
2025.02.17	00:45:39.267	0.94352	0.94466			6
2025.02.17	00:45:39.569	0.94353				2
2025.02.17	00:45:39.869	0.94274	0.94476			6
2025.02.17	00:45:40.379		0.94453			4
2025.02.17	00:45:40.752		0.94452			4
2025.02.17	00:45:41.096		0.94451			4
2025.02.17	00:45:41.476		0.94456			4
2025.02.17	00:45:41.859		0.94452			4
2025.02.17	00:45:43.530		0.94446			4
2025.02.17	00:45:43.837		0.94454			4
2025.02.17	00:45:44.154		0.94459			4
2025.02.17	00:45:44.537		0.94456			4
2025.02.17	00:45:45.038		0.94450			4
2025.02.17	00:45:45.348		0.94462			4
2025.02.17	00:45:45.721		0.94439			4
2025.02.17	00:45:46.076		0.94429			4
2025.02.17	00:45:46.416		0.94423			4
2025.02.17	00:45:46.723	0.94266	0.94402			6
2025.02.17	00:45:47.033	0.94270	0.94398			6
2025.02.17	00:45:47.354	0.94274	0.94393			6
2025.02.17	00:45:47.823	0.94277	0.94390			6
2025.02.17	00:45:49.358	0.94268	0.94398			6
2025.02.17	00:45:49.663	0.94267	0.94401			6
2025.02.17	00:45:50.041	0.94254	0.94414			6
2025.02.17	00:45:50.393	0.94235	0.94432			6
2025.02.17	00:45:50.940	0.94323	0.94448			6
2025.02.17	00:45:51.268	0.94233	0.94434			6
2025.02.17	00:45:51.570	0.94234	0.94433			6
2025.02.17	00:45:51.956	0.94264	0.94441			6
2025.02.17	00:45:52.315		0.94437			4
2025.02.17	00:45:53.021		0.94424			4
2025.02.17	00:45:53.331		0.94423			4
2025.02.17	00:45:53.892		0.94436			4
2025.02.17	00:45:54.622		0.94433			4
2025.02.17	00:45:55.625		0.94430			4
2025.02.17	00:45:55.974		0.94426			4
2025.02.17	00:45:56.608		0.94431			4
2025.02.17	00:45:57.100		0.94436			4
2025.02.17	00:45:59.024		0.94442			4
2025.02.17	00:46:00.477	0.94264	0.94429			6
2025.02.17	00:46:01.973		0.94436			4
2025.02.17	00:46:03.126		0.94438			4
2025.02.17	00:46:04.248		0.94443			4
2025.02.17	00:46:04.707		0.94448			4
2025.02.17	00:46:07.420		0.94427			4
2025.02.17	00:46:10.421		0.94426			4
2025.02.17	00:46:11.939		0.94438			4
2025.02.17	00:46:12.242		0.94436			4
2025.02.17	00:46:12.628		0.94416			4
2025.02.17	00:46:12.996		0.94418			4
2025.02.17	00:46:15.883		0.94417			4
2025.02.17	00:46:16.233		0.94416			4
2025.02.17	00:46:18.327		0.94417			4
2025.02.17	00:46:19.429		0.94416			4
2025.02.17	00:46:20.037		0.94417			4
2025.02.17	00:46:22.834		0.94416			4
2025.02.17	00:46:23.326		0.94418			4
2025.02.17	00:46:23.805		0.94417			4
2025.02.17	00:46:27.104		0.94408			4
2025.02.17	00:46:27.414	0.94277	0.94390			6
2025.02.17	00:46:27.723	0.94279	0.94389			6
2025.02.17	00:46:28.472	0.94285	0.94382			6
2025.02.17	00:46:29.453	0.94283	0.94384			6
2025.02.17	00:46:30.085	0.94284	0.94383			6
2025.02.17	00:46:30.570	0.94285	0.94382			6
2025.02.17	00:46:31.036	0.94283	0.94384			6
2025.02.17	00:46:31.439	0.94285	0.94382			6
2025.02.17	00:46:32.656	0.94282	0.94386			6
2025.02.17	00:46:34.427	0.94249	0.94419			6
2025.02.17	00:46:34.777		0.94418			4
2025.02.17	00:46:37.625	0.94241	0.94426			6
2025.02.17	00:46:37.926	0.94240	0.94427			6
2025.02.17	00:46:42.147	0.94278	0.94389			6
2025.02.17	00:46:42.448	0.94269	0.94398			6
2025.02.17	00:46:42.761	0.94266	0.94402			6
2025.02.17	00:46:43.144	0.94259	0.94408			6
2025.02.17	00:46:43.570	0.94268	0.94419			6
2025.02.17	00:46:44.037		0.94425			4
2025.02.17	00:46:44.679		0.94423			4
2025.02.17	00:46:45.379		0.94425			4
2025.02.17	00:46:47.318		0.94435			4
2025.02.17	00:46:47.738	0.94274	0.94475			6
2025.02.17	00:46:50.258		0.94457			4
2025.02.17	00:46:50.732		0.94458			4
2025.02.17	00:46:51.900		0.94462			4
2025.02.17	00:46:54.183		0.94461			4
2025.02.17	00:46:54.658		0.94457			4
2025.02.17	00:46:55.031		0.94463			4
2025.02.17	00:46:55.356		0.94454			4
2025.02.17	00:46:55.702		0.94455			4
2025.02.17	00:46:56.323		0.94453			4
2025.02.17	00:46:56.631		0.94462			4
2025.02.17	00:46:59.905		0.94456			4
2025.02.17	00:47:00.235	0.94274	0.94462			6
2025.02.17	00:47:00.770		0.94458			4
2025.02.17	00:47:01.415		0.94461			4
2025.02.17	00:47:01.731	0.94244	0.94443			6
2025.02.17	00:47:02.117	0.94366	0.94470			6
2025.02.17	00:47:02.759	0.94344	0.94448			6
2025.02.17	00:47:03.667	0.94339	0.94443			6
2025.02.17	00:47:03.967	0.94244	0.94403			6
2025.02.17	00:47:07.321	0.94224				2
2025.02.17	00:48:01.024	0.94224				2
2025.02.17	00:48:04.791		0.94403			4
2025.02.17	00:48:35.264		0.94402			4
2025.02.17	00:48:35.568		0.94401			4
2025.02.17	00:48:38.906		0.94403			4
2025.02.17	00:48:44.450		0.94402			4
2025.02.17	00:48:47.021		0.94398			4
2025.02.17	00:48:48.349		0.94397			4
2025.02.17	00:48:52.115		0.94395			4
2025.02.17	00:48:53.163		0.94398			4
2025.02.17	00:48:57.375		0.94396			4
2025.02.17	00:48:58.352		0.94397			4
2025.02.17	00:49:00.460	0.94224				2
2025.02.17	00:49:01.609		0.94396			4
2025.02.17	00:49:03.830		0.94393			4
2025.02.17	00:49:05.925		0.94395			4
2025.02.17	00:49:06.435		0.94394			4
2025.02.17	00:49:07.112		0.94392			4
2025.02.17	00:49:07.808	0.94209				2
2025.02.17	00:49:08.715	0.94214	0.94398			6
2025.02.17	00:49:09.088		0.94410			4
2025.02.17	00:49:12.550	0.94325	0.94430			6
2025.02.17	00:49:14.110	0.94326				2
2025.02.17	00:49:18.654	0.94328	0.94432			6
2025.02.17	00:49:27.129	0.94329	0.94433			6
2025.02.17	00:49:28.038	0.94330	0.94434			6
2025.02.17	00:49:35.601	0.94331	0.94435			6
2025.02.17	00:49:40.441	0.94334	0.94438			6
2025.02.17	00:49:41.048	0.94330	0.94434			6
2025.02.17	00:49:46.189	0.94331	0.94435			6
2025.02.17	00:49:50.728	0.94335	0.94439			6
2025.02.17	00:49:52.240	0.94295	0.94425			6
2025.02.17	00:49:53.810	0.94262	0.94437			6
2025.02.17	00:49:54.149	0.94302	0.94440			6
2025.02.17	00:49:59.905		0.94438			4
2025.02.17	00:50:00.242	0.94302	0.94439			6
2025.02.17	00:50:01.016		0.94441			4
2025.02.17	00:50:06.828		0.94442			4
2025.02.17	00:50:11.825	0.94252				2
2025.02.17	00:50:12.143		0.94428			4
2025.02.17	00:50:12.443	0.94245	0.94413			6
2025.02.17	00:50:12.907	0.94248	0.94410			6
2025.02.17	00:50:13.239	0.94249	0.94409			6
2025.02.17	00:50:13.773	0.94253	0.94405			6
2025.02.17	00:50:14.445	0.94260	0.94398			6
2025.02.17	00:50:15.166		0.94397			4
2025.02.17	00:50:15.746	0.94259	0.94399			6
2025.02.17	00:50:16.096		0.94398			4
2025.02.17	00:50:16.868	0.94256	0.94401			6
2025.02.17	00:50:17.178	0.94257	0.94400			6
2025.02.17	00:50:17.923	0.94258	0.94399			6
2025.02.17	00:50:18.529	0.94259	0.94398			6
2025.02.17	00:50:20.324	0.94260	0.94397			6
2025.02.17	00:50:21.740		0.94398			4
2025.02.17	00:50:22.101	0.94259				2
2025.02.17	00:50:22.781		0.94399			4
2025.02.17	00:50:25.423		0.94398			4
2025.02.17	00:50:27.620	0.94260				2
2025.02.17	00:50:29.325	0.94273	0.94384			6
2025.02.17	00:50:32.176		0.94385			4
2025.02.17	00:50:33.522	0.94272				2
2025.02.17	00:50:44.682	0.94246	0.94357			6
2025.02.17	00:50:46.346	0.94234	0.94369			6
2025.02.17	00:50:48.224	0.94235				2
2025.02.17	00:50:48.737	0.94231	0.94372			6
2025.02.17	00:50:49.104	0.94217	0.94403			6
2025.02.17	00:50:49.432	0.94219	0.94386			6
2025.02.17	00:50:49.742	0.94217	0.94393			6
2025.02.17	00:50:50.136		0.94394			4
2025.02.17	00:50:54.427		0.94393			4
2025.02.17	00:50:56.321		0.94392			4
2025.02.17	00:50:59.230	0.94270	0.94388			6
2025.02.17	00:51:00.222	0.94270				2
2025.02.17	00:51:04.732	0.94271	0.94387			6
2025.02.17	00:51:05.036	0.94269	0.94390			6
2025.02.17	00:51:08.922		0.94389			4
2025.02.17	00:51:21.051	0.94260	0.94398			6
2025.02.17	00:51:21.562		0.94399			4
2025.02.17	00:51:22.102	0.94258	0.94400			6
2025.02.17	00:51:24.525	0.94259				2
2025.02.17	00:51:27.824		0.94399			4
2025.02.17	00:51:28.245	0.94258	0.94401			6
2025.02.17	00:51:29.453	0.94257	0.94402			6
2025.02.17	00:51:30.209	0.94256				2
2025.02.17	00:51:36.226	0.94257				2
2025.02.17	00:51:39.220	0.94256				2
2025.02.17	00:51:43.406	0.94240	0.94419			6
2025.02.17	00:51:44.582	0.94237	0.94421			6
2025.02.17	00:51:45.054	0.94235	0.94423			6
2025.02.17	00:51:47.148	0.94232	0.94426			6
2025.02.17	00:51:47.680		0.94427			4
2025.02.17	00:51:48.441	0.94236				2
2025.02.17	00:51:49.352		0.94429			4
2025.02.17	00:51:49.853	0.94276	0.94430			6
2025.02.17	00:51:50.351		0.94431			4
2025.02.17	00:51:54.017	0.94270	0.94388			6
2025.02.17	00:51:54.321	0.94277	0.94381			6
2025.02.17	00:51:54.951	0.94279	0.94379			6
2025.02.17	00:51:55.500	0.94281	0.94377			6
2025.02.17	00:51:56.106	0.94282	0.94376			6
2025.02.17	00:51:57.104	0.94287	0.94371			6
2025.02.17	00:51:57.449	0.94288	0.94370			6
2025.02.17	00:51:57.820	0.94289				2
2025.02.17	00:52:01.025	0.94290	0.94369			6
2025.02.17	00:52:03.739	0.94289				2
2025.02.17	00:52:14.098	0.94285	0.94373			6
2025.02.17	00:52:16.030	0.94286				2
2025.02.17	00:52:17.031	0.94285				2
2025.02.17	00:52:26.533		0.94374			4
2025.02.17	00:52:32.089	0.94283	0.94375			6
2025.02.17	00:52:38.323	0.94284				2
2025.02.17	00:52:39.101	0.94281	0.94377			6
2025.02.17	00:52:39.737	0.94279	0.94379			6
2025.02.17	00:52:40.252	0.94278	0.94380			6
2025.02.17	00:52:41.021		0.94381			4
2025.02.17	00:52:41.600	0.94275	0.94383			6
2025.02.17	00:52:42.504	0.94272	0.94386			6
2025.02.17	00:52:45.870	0.94270	0.94389			6
2025.02.17	00:52:46.699	0.94249	0.94409			6
2025.02.17	00:52:47.455	0.94243	0.94415			6
2025.02.17	00:52:47.874	0.94242	0.94416			6
2025.02.17	00:52:48.788	0.94248	0.94410			6
2025.02.17	00:52:49.146	0.94247	0.94411			6
2025.02.17	00:52:49.815	0.94253	0.94406			6
2025.02.17	00:52:50.201	0.94255	0.94403			6
2025.02.17	00:52:50.537	0.94265	0.94393			6
2025.02.17	00:52:51.231	0.94266	0.94392			6
2025.02.17	00:52:51.780	0.94292	0.94365			6
2025.02.17	00:52:52.082	0.94267	0.94392			6
2025.02.17	00:52:52.395	0.94265	0.94393			6
2025.02.17	00:52:52.723	0.94258	0.94400			6
2025.02.17	00:52:53.310	0.94271	0.94409			6
2025.02.17	00:52:54.962	0.94247	0.94411			6
2025.02.17	00:52:55.340	0.94288	0.94414			6
2025.02.17	00:52:55.726		0.94416			4
2025.02.17	00:52:56.039		0.94418			4
2025.02.17	00:52:56.659		0.94420			4
2025.02.17	00:53:00.850	0.94288				2
2025.02.17	00:53:11.039		0.94419			4
2025.02.17	00:53:11.658		0.94420			4
2025.02.17	00:53:12.512		0.94421			4
2025.02.17	00:53:15.508		0.94422			4
2025.02.17	00:53:30.506		0.94424			4
2025.02.17	00:53:30.821		0.94423			4
2025.02.17	00:53:32.628		0.94424			4
2025.02.17	00:53:36.522		0.94423			4
2025.02.17	00:53:45.523		0.94424			4
2025.02.17	00:53:56.922		0.94423			4
2025.02.17	00:54:00.229	0.94288				2
2025.02.17	00:54:00.583		0.94425			4
2025.02.17	00:54:03.583	0.94276	0.94417			6
2025.02.17	00:54:05.624		0.94416			4
2025.02.17	00:54:10.716		0.94404			4
2025.02.17	00:54:11.811		0.94403			4
2025.02.17	00:54:20.022		0.94402			4
2025.02.17	00:54:26.814		0.94401			4
2025.02.17	00:54:41.813		0.94399			4
2025.02.17	00:54:56.637		0.94397			4
2025.02.17	00:55:00.545	0.94236				2
2025.02.17	00:55:01.188	0.94288				2
2025.02.17	00:55:01.624		0.94393			4
2025.02.17	00:55:13.339		0.94398			4
2025.02.17	00:55:13.860		0.94401			4
2025.02.17	00:55:14.321		0.94405			4
2025.02.17	00:55:14.677		0.94407			4
2025.02.17	00:55:17.021		0.94408			4
2025.02.17	00:55:20.582		0.94409			4
2025.02.17	00:55:22.137		0.94411			4
2025.02.17	00:55:22.561		0.94412			4
2025.02.17	00:55:25.483	0.94312	0.94413			6
2025.02.17	00:55:25.997	0.94295	0.94400			6
2025.02.17	00:55:26.300	0.94298	0.94379			6
2025.02.17	00:55:27.137	0.94254	0.94385			6
2025.02.17	00:55:27.448		0.94377			4
2025.02.17	00:55:27.805		0.94376			4
2025.02.17	00:55:28.120		0.94375			4
2025.02.17	00:55:29.046		0.94374			4
2025.02.17	00:55:29.553		0.94373			4
2025.02.17	00:55:30.755		0.94371			4
2025.02.17	00:55:31.064		0.94383			4
2025.02.17	00:55:31.401		0.94395			4
2025.02.17	00:55:31.702	0.94236	0.94392			6
2025.02.17	00:55:32.002		0.94397			4
2025.02.17	00:55:32.621		0.94399			4
2025.02.17	00:55:33.827		0.94400			4
2025.02.17	00:55:34.219		0.94405			4
2025.02.17	00:55:34.546		0.94410			4
2025.02.17	00:55:34.852		0.94411			4
2025.02.17	00:55:35.544		0.94402			4
2025.02.17	00:55:36.003	0.94218	0.94409			6
2025.02.17	00:55:36.302	0.94236	0.94421			6
2025.02.17	00:55:36.973	0.94241	0.94373			6
2025.02.17	00:55:37.281	0.94248	0.94366			6
2025.02.17	00:55:37.721	0.94245	0.94369			6
2025.02.17	00:55:38.022	0.94246	0.94368			6
2025.02.17	00:55:38.382		0.94367			4
2025.02.17	00:55:39.049	0.94245	0.94369			6
2025.02.17	00:55:43.749		0.94368			4
2025.02.17	00:55:44.212	0.94228	0.94367			6
2025.02.17	00:55:44.593	0.94231	0.94365			6
2025.02.17	00:55:45.244		0.94367			4
2025.02.17	00:55:46.282		0.94374			4
2025.02.17	00:55:46.892	0.94236	0.94384			6
2025.02.17	00:55:47.751		0.94391			4
2025.02.17	00:55:49.917		0.94396			4
2025.02.17	00:55:50.376		0.94402			4
2025.02.17	00:55:50.955	0.94228	0.94367			6
2025.02.17	00:55:52.052	0.94236	0.94369			6
2025.02.17	00:55:52.363		0.94374			4
2025.02.17	00:55:52.752		0.94383			4
2025.02.17	00:55:53.095		0.94384			4
2025.02.17	00:55:54.475		0.94388			4
2025.02.17	00:55:54.857		0.94400			4
2025.02.17	00:55:55.180		0.94363			4
2025.02.17	00:55:55.509	0.94238	0.94357			6
2025.02.17	00:55:55.812	0.94240	0.94355			6
2025.02.17	00:55:56.255	0.94242	0.94353			6
2025.02.17	00:56:00.258	0.94234	0.94361			6
2025.02.17	00:56:02.232	0.94231	0.94364			6
2025.02.17	00:56:04.363	0.94236	0.94371			6
2025.02.17	00:56:04.728		0.94375			4
2025.02.17	00:56:05.069		0.94391			4
2025.02.17	00:56:05.381		0.94382			4
2025.02.17	00:56:05.831		0.94392			4
2025.02.17	00:56:06.277		0.94397			4
2025.02.17	00:56:06.616		0.94398			4
2025.02.17	00:56:06.960	0.94243	0.94352			6
2025.02.17	00:56:07.268	0.94242	0.94353			6
2025.02.17	00:56:07.712	0.94244	0.94351			6
2025.02.17	00:56:08.118	0.94216	0.94347			6
2025.02.17	00:56:09.443	0.94217	0.94346			6
2025.02.17	00:56:10.632	0.94218	0.94345			6
2025.02.17	00:56:13.842	0.94220	0.94343			6
2025.02.17	00:56:14.283	0.94214	0.94349			6
2025.02.17	00:56:16.343	0.94192	0.94355			6
2025.02.17	00:56:16.698		0.94357			4
2025.02.17	00:56:20.518		0.94360			4
2025.02.17	00:56:21.196		0.94364			4
2025.02.17	00:56:26.463		0.94366			4
2025.02.17	00:56:27.070		0.94370			4
2025.02.17	00:56:29.454		0.94384			4
2025.02.17	00:56:31.631		0.94372			4
2025.02.17	00:56:31.956		0.94358			4
2025.02.17	00:56:32.262	0.94183	0.94349			6
2025.02.17	00:56:32.984	0.94185	0.94348			6
2025.02.17	00:56:33.294		0.94347			4
2025.02.17	00:56:33.969	0.94174	0.94345			6
2025.02.17	00:56:37.638	0.94175				2
2025.02.17	00:56:42.077	0.94174				2
2025.02.17	00:56:43.126	0.94173	0.94346			6
2025.02.17	00:56:43.434	0.94185	0.94350			6
2025.02.17	00:56:44.536		0.94351			4
2025.02.17	00:56:48.445		0.94352			4
2025.02.17	00:56:49.044	0.94213	0.94367			6
2025.02.17	00:56:49.356		0.94377			4
2025.02.17	00:56:49.716		0.94384			4
2025.02.17	00:56:51.114	0.94222	0.94382			6
2025.02.17	00:56:51.439	0.94188	0.94369			6
2025.02.17	00:56:51.850	0.94214	0.94378			6
2025.02.17	00:56:55.457		0.94389			4
2025.02.17	00:56:56.019		0.94396			4
2025.02.17	00:56:57.560		0.94391			4
2025.02.17	00:56:57.869	0.94197	0.94356			6
2025.02.17	00:56:58.173	0.94198	0.94344			6
2025.02.17	00:56:58.577	0.94201	0.94341			6
2025.02.17	00:56:59.010	0.94203	0.94339			6
2025.02.17	00:56:59.816	0.94206	0.94336			6
2025.02.17	00:57:01.330	0.94206				2
2025.02.17	00:57:01.643	0.94207	0.94335			6
2025.02.17	00:57:02.022	0.94208	0.94334			6
2025.02.17	00:57:03.163	0.94186	0.94357			6
2025.02.17	00:57:03.695	0.94188	0.94354			6
2025.02.17	00:57:04.328	0.94190	0.94353			6
2025.02.17	00:57:04.724	0.94178	0.94364			6
2025.02.17	00:57:05.234	0.94188	0.94368			6
2025.02.17	00:57:05.621		0.94367			4
2025.02.17	00:57:05.938		0.94372			4
2025.02.17	00:57:06.619		0.94368			4
2025.02.17	00:57:07.336		0.94376			4
2025.02.17	00:57:07.932	0.94206	0.94387			6
2025.02.17	00:57:08.518		0.94386			4
2025.02.17	00:57:09.537		0.94387			4
2025.02.17	00:57:10.518		0.94388			4
2025.02.17	00:57:11.963		0.94389			4
2025.02.17	00:57:12.420		0.94388			4
2025.02.17	00:57:17.840		0.94389			4
2025.02.17	00:57:22.421		0.94388			4
2025.02.17	00:57:24.929		0.94369			4
2025.02.17	00:57:30.976	0.94222	0.94381			6
2025.02.17	00:57:31.497		0.94385			4
2025.02.17	00:57:35.022		0.94387			4
2025.02.17	00:57:38.261		0.94388			4
2025.02.17	00:57:41.805		0.94386			4
2025.02.17	00:57:44.428		0.94387			4
2025.02.17	00:57:46.254		0.94371			4
2025.02.17	00:57:59.069		0.94370			4
2025.02.17	00:57:59.622		0.94369			4
2025.02.17	00:58:00.096	0.94222				2
2025.02.17	00:58:00.822		0.94370			4
2025.02.17	00:58:01.267		0.94369			4
2025.02.17	00:58:05.027		0.94368			4
2025.02.17	00:58:06.521		0.94369			4
2025.02.17	00:58:08.832		0.94368			4
2025.02.17	00:58:09.222		0.94367			4
2025.02.17	00:58:23.922		0.94366			4
2025.02.17	00:58:39.299		0.94368			4
2025.02.17	00:58:39.665		0.94367			4
2025.02.17	00:58:41.623		0.94368			4
2025.02.17	00:58:48.653		0.94367			4
2025.02.17	00:58:50.323		0.94366			4
2025.02.17	00:59:02.321	0.94222				2
2025.02.17	00:59:12.317	0.94198	0.94357			6
2025.02.17	00:59:18.314		0.94359			4
2025.02.17	00:59:18.641		0.94358			4
2025.02.17	00:59:20.692	0.94188				2
2025.02.17	00:59:21.280	0.94229	0.94363			6
2025.02.17	00:59:21.783		0.94364			4
2025.02.17	00:59:29.645		0.94366			4
2025.02.17	00:59:30.635		0.94368			4
2025.02.17	00:59:32.645		0.94369			4
2025.02.17	00:59:47.642		0.94372			4
2025.02.17	00:59:57.980		0.94370			4
2025.02.17	01:00:00.222	0.94220	0.94363			6
2025.02.17	01:00:00.533	0.94222	0.94359			6
2025.02.17	01:00:00.843	0.94234	0.94358			6
2025.02.17	01:00:01.161	0.94239	0.94352			6
2025.02.17	01:00:01.464	0.94263	0.94359			6
2025.02.17	01:00:01.785	0.94255	0.94360			6
2025.02.17	01:00:02.098	0.94258				2
2025.02.17	01:00:02.405	0.94256	0.94358			6
2025.02.17	01:00:02.802	0.94316	0.94363			6
2025.02.17	01:00:03.131	0.94313	0.94359			6
2025.02.17	01:00:03.735	0.94320	0.94366			6
2025.02.17	01:00:04.643	0.94259	0.94364			6
2025.02.17	01:00:06.734		0.94363			4
2025.02.17	01:00:07.068	0.94255	0.94367			6
2025.02.17	01:00:07.729	0.94261	0.94373			6
2025.02.17	01:00:08.045	0.94255				2
2025.02.17	01:00:08.363	0.94266	0.94369			6
2025.02.17	01:00:08.664	0.94259				2
2025.02.17	01:00:09.129	0.94267				2
2025.02.17	01:00:09.619	0.94265				2
2025.02.17	01:00:10.723	0.94264	0.94370			6
2025.02.17	01:00:11.027	0.94275	0.94368			6
2025.02.17	01:00:11.341	0.94277				2
2025.02.17	01:00:12.397	0.94275				2
2025.02.17	01:00:13.965	0.94274				2
2025.02.17	01:00:14.922	0.94273				2
2025.02.17	01:00:15.260	0.94276	0.94363			6
2025.02.17	01:00:15.910	0.94278				2
2025.02.17	01:00:16.422	0.94277	0.94364			6
2025.02.17	01:00:17.424	0.94278				2
2025.02.17	01:00:17.779	0.94280	0.94363			6
2025.02.17	01:00:18.210	0.94279	0.94365			6
2025.02.17	01:00:18.699	0.94277	0.94366			6
2025.02.17	01:00:19.084	0.94279				2
2025.02.17	01:00:20.314		0.94370			4
2025.02.17	01:00:20.779		0.94368			4
2025.02.17	01:00:26.081		0.94366			4
2025.02.17	01:00:27.138		0.94368			4
2025.02.17	01:00:27.783		0.94369			4
2025.02.17	01:00:28.128		0.94368			4
2025.02.17	01:00:28.443		0.94369			4
2025.02.17	01:00:31.117	0.94298				2
2025.02.17	01:00:33.152		0.94371			4
2025.02.17	01:00:34.384	0.94295	0.94375			6
2025.02.17	01:00:36.493		0.94376			4
2025.02.17	01:00:36.874	0.94296	0.94375			6
2025.02.17	01:00:38.448	0.94333	0.94370			6
2025.02.17	01:00:40.388	0.94330				2
2025.02.17	01:00:40.731	0.94326	0.94367			6
2025.02.17	01:00:41.092	0.94324				2
2025.02.17	01:00:41.942	0.94326				2
2025.02.17	01:00:44.357	0.94324				2
2025.02.17	01:00:44.865	0.94321				2
2025.02.17	01:00:45.625	0.94322				2
2025.02.17	01:00:45.971	0.94330	0.94374			6
2025.02.17	01:00:46.400		0.94364			4
2025.02.17	01:00:46.820	0.94322	0.94368			6
2025.02.17	01:00:47.143	0.94321				2
2025.02.17	01:00:47.601	0.94322	0.94366			6
2025.02.17	01:00:47.904	0.94319	0.94368			6
2025.02.17	01:00:48.384	0.94306	0.94361			6
2025.02.17	01:00:48.687		0.94364			4
2025.02.17	01:00:49.084	0.94309	0.94361			6
2025.02.17	01:00:49.831		0.94358			4
2025.02.17	01:00:50.140	0.94305	0.94359			6
2025.02.17	01:00:50.531	0.94304	0.94361			6
2025.02.17	01:00:50.914	0.94302	0.94363			6
2025.02.17	01:00:51.237		0.94362			4
2025.02.17	01:00:51.615	0.94314	0.94359			6
2025.02.17	01:00:51.956	0.94313				2
2025.02.17	01:00:52.321	0.94314				2
2025.02.17	01:00:52.951	0.94312	0.94357			6
2025.02.17	01:00:54.071	0.94322				2
2025.02.17	01:00:54.774		0.94359			4
2025.02.17	01:00:55.824	0.94325				2
2025.02.17	01:00:56.923	0.94329	0.94362			6
2025.02.17	01:00:57.239	0.94328				2
2025.02.17	01:00:57.904	0.94338				2
2025.02.17	01:00:58.391	0.94339	0.94381			6
2025.02.17	01:00:58.763	0.94338				2
2025.02.17	01:00:59.140	0.94339	0.94382			6
2025.02.17	01:01:00.311	0.94340	0.94386			6
2025.02.17	01:01:00.631		0.94385			4
2025.02.17	01:01:01.058	0.94342	0.94386			6
2025.02.17	01:01:01.372	0.94344				2
2025.02.17	01:01:02.389	0.94345	0.94382			6
2025.02.17	01:01:06.221		0.94384			4
2025.02.17	01:01:12.000		0.94383			4
2025.02.17	01:01:12.535		0.94381			4
2025.02.17	01:01:12.869	0.94343	0.94382			6
2025.02.17	01:01:13.184		0.94391			4
2025.02.17	01:01:14.952	0.94344	0.94383			6
2025.02.17	01:01:15.455	0.94345				2
2025.02.17	01:01:15.822	0.94344				2
2025.02.17	01:01:17.921	0.94345				2
2025.02.17	01:01:22.385		0.94382			4
2025.02.17	01:01:29.544		0.94383			4
2025.02.17	01:01:31.956		0.94394			4
2025.02.17	01:01:35.562	0.94344	0.94397			6
2025.02.17	01:01:37.138	0.94345	0.94392			6
2025.02.17	01:01:38.389	0.94346				2
2025.02.17	01:01:38.747	0.94345				2
2025.02.17	01:01:44.313	0.94330	0.94371			6
2025.02.17	01:01:44.623	0.94342	0.94384			6
2025.02.17	01:01:44.926	0.94341				2
2025.02.17	01:01:45.543	0.94339	0.94373			6
2025.02.17	01:01:45.863		0.94374			4
2025.02.17	01:01:46.172	0.94346	0.94394			6
2025.02.17	01:01:46.865		0.94395			4
2025.02.17	01:01:47.228	0.94345	0.94384			6
2025.02.17	01:01:48.571	0.94349	0.94392			6
2025.02.17	01:01:49.281	0.94332	0.94377			6
2025.02.17	01:01:49.584	0.94335	0.94378			6
2025.02.17	01:01:50.322	0.94336				2
2025.02.17	01:01:50.677	0.94337				2
2025.02.17	01:01:51.916	0.94339				2
2025.02.17	01:01:53.884	0.94324	0.94376			6
2025.02.17	01:01:57.223		0.94373			4
2025.02.17	01:01:58.382	0.94326				2
2025.02.17	01:02:00.013	0.94326				2
2025.02.17	01:02:00.393	0.94328				2
2025.02.17	01:02:01.058		0.94372			4
2025.02.17	01:02:01.565	0.94327	0.94371			6
2025.02.17	01:02:03.821		0.94372			4
2025.02.17	01:02:05.025	0.94325	0.94373			6
2025.02.17	01:02:05.522	0.94324				2
2025.02.17	01:02:06.223		0.94374			4
2025.02.17	01:02:07.284	0.94325				2
2025.02.17	01:02:07.727	0.94324	0.94375			6
2025.02.17	01:02:08.621	0.94325				2
2025.02.17	01:02:09.027	0.94327				2
2025.02.17	01:02:09.525	0.94328				2
2025.02.17	01:02:09.830		0.94376			4
2025.02.17	01:02:10.390	0.94330				2
2025.02.17	01:02:10.976		0.94375			4
2025.02.17	01:02:11.323	0.94329				2
2025.02.17	01:02:12.507		0.94374			4
2025.02.17	01:02:13.694	0.94324	0.94363			6
2025.02.17	01:02:14.788	0.94328	0.94366			6
2025.02.17	01:02:15.300	0.94329				2
2025.02.17	01:02:16.385	0.94326	0.94363			6
2025.02.17	01:02:18.393	0.94327				2
2025.02.17	01:02:18.860	0.94326				2
2025.02.17	01:02:19.174	0.94336				2
2025.02.17	01:02:22.336	0.94339				2
2025.02.17	01:02:22.723	0.94341				2
2025.02.17	01:02:24.497		0.94366			4
2025.02.17	01:02:26.623	0.94340				2
2025.02.17	01:02:28.908	0.94326	0.94373			6
2025.02.17	01:02:29.461		0.94372			4
2025.02.17	01:02:29.762	0.94328	0.94369			6
2025.02.17	01:02:30.086	0.94340	0.94366			6
2025.02.17	01:02:30.495	0.94342				2
2025.02.17	01:02:31.956		0.94362			4
2025.02.17	01:02:32.937	0.94343				2
2025.02.17	01:02:37.551	0.94336				2
2025.02.17	01:02:37.919	0.94337				2
2025.02.17	01:02:39.048		0.94358			4
2025.02.17	01:02:40.393	0.94338				2
2025.02.17	01:02:42.584	0.94327	0.94369			6
2025.02.17	01:02:43.217	0.94338	0.94367			6
2025.02.17	01:02:43.634		0.94362			4
2025.02.17	01:02:44.024	0.94339	0.94361			6
2025.02.17	01:02:48.453		0.94359			4
2025.02.17	01:02:50.323	0.94340				2
2025.02.17	01:02:52.510	0.94341	0.94363			6
2025.02.17	01:02:58.384	0.94342				2
2025.02.17	01:03:00.801	0.94343				2
2025.02.17	01:03:04.045	0.94344				2
2025.02.17	01:03:04.370		0.94365			4
2025.02.17	01:03:04.714	0.94324	0.94374			6
2025.02.17	01:03:05.024		0.94375			4
2025.02.17	01:03:05.355		0.94376			4
2025.02.17	01:03:05.665	0.94341	0.94375			6
2025.02.17	01:03:05.984	0.94344				2
2025.02.17	01:03:06.338	0.94347				2
2025.02.17	01:03:06.668	0.94343				2
2025.02.17	01:03:06.981	0.94342				2
2025.02.17	01:03:07.480	0.94346				2
2025.02.17	01:03:07.834	0.94342	0.94372			6
2025.02.17	01:03:08.443		0.94369			4
2025.02.17	01:03:08.841	0.94346				2
2025.02.17	01:03:10.388		0.94367			4
2025.02.17	01:03:10.883		0.94368			4
2025.02.17	01:03:11.224		0.94365			4
2025.02.17	01:03:11.921	0.94355	0.94386			6
2025.02.17	01:03:12.293	0.94357				2
2025.02.17	01:03:14.521		0.94385			4
2025.02.17	01:03:14.915		0.94387			4
2025.02.17	01:03:15.386		0.94386			4
2025.02.17	01:03:18.776	0.94361	0.94378			6
2025.02.17	01:03:19.820	0.94360				2
2025.02.17	01:03:20.317		0.94373			4
2025.02.17	01:03:20.622	0.94359				2
2025.02.17	01:03:22.059	0.94360	0.94385			6
2025.02.17	01:03:22.412		0.94383			4
2025.02.17	01:03:22.722	0.94362				2
2025.02.17	01:03:23.509	0.94367	0.94388			6
2025.02.17	01:03:23.844	0.94366				2
2025.02.17	01:03:24.163	0.94367	0.94387			6
2025.02.17	01:03:24.697	0.94370	0.94389			6
2025.02.17	01:03:25.333		0.94388			4
2025.02.17	01:03:26.756		0.94385			4
2025.02.17	01:03:27.068		0.94401			4
2025.02.17	01:03:27.789	0.94373				2
2025.02.17	01:03:29.315	0.94368	0.94385			6
2025.02.17	01:03:30.822	0.94369				2
2025.02.17	01:03:31.773	0.94366				2
2025.02.17	01:03:33.076	0.94367				2
2025.02.17	01:03:48.078	0.94364	0.94380			6
2025.02.17	01:03:48.822	0.94365				2
2025.02.17	01:03:52.018	0.94363				2
2025.02.17	01:03:52.333	0.94364				2
2025.02.17	01:03:53.923	0.94365				2
2025.02.17	01:03:55.684		0.94381			4
2025.02.17	01:03:57.727	0.94364				2
2025.02.17	01:04:01.117	0.94364				2
2025.02.17	01:04:01.823	0.94365	0.94412			6
2025.02.17	01:04:02.157	0.94364	0.94411			6
2025.02.17	01:04:02.491	0.94363				2
2025.02.17	01:04:03.834		0.94412			4
2025.02.17	01:04:04.250	0.94367	0.94411			6
2025.02.17	01:04:04.604		0.94409			4
2025.02.17	01:04:05.183	0.94368				2
2025.02.17	01:04:05.664		0.94410			4
2025.02.17	01:04:06.386	0.94365	0.94397			6
2025.02.17	01:04:07.122	0.94363				2
2025.02.17	01:04:08.052		0.94398			4
2025.02.17	01:04:12.998	0.94365	0.94416			6
2025.02.17	01:04:13.727		0.94413			4
2025.02.17	01:04:14.032	0.94372	0.94416			6
2025.02.17	01:04:14.355	0.94368	0.94403			6
2025.02.17	01:04:14.724		0.94402			4
2025.02.17	01:04:15.083	0.94370	0.94400			6
2025.02.17	01:04:16.315	0.94371				2
2025.02.17	01:04:16.724		0.94401			4
2025.02.17	01:04:19.128	0.94372	0.94399			6
2025.02.17	01:04:20.667	0.94371				2
2025.02.17	01:04:21.361	0.94373	0.94407			6
2025.02.17	01:04:21.670	0.94372	0.94422			6
2025.02.17	01:04:22.032		0.94410			4
2025.02.17	01:04:22.386		0.94409			4
2025.02.17	01:04:26.439	0.94371	0.94410			6
2025.02.17	01:04:28.385	0.94380	0.94385			6
2025.02.17	01:04:30.498	0.94371	0.94410			6
2025.02.17	01:04:32.113	0.94372	0.94409			6
2025.02.17	01:04:33.521	0.94371				2
2025.02.17	01:04:35.076		0.94399			4
2025.02.17	01:04:36.364	0.94370	0.94397			6
2025.02.17	01:04:37.490		0.94395			4
2025.02.17	01:04:43.554	0.94371				2
2025.02.17	01:04:44.921	0.94365	0.94394			6
2025.02.17	01:04:45.235	0.94370	0.94396			6
2025.02.17	01:04:47.149	0.94369				2
2025.02.17	01:04:48.823		0.94397			4
2025.02.17	01:04:52.044	0.94382	0.94389			6
2025.02.17	01:04:53.273	0.94383				2
2025.02.17	01:04:53.877	0.94374	0.94399			6
2025.02.17	01:04:57.205	0.94368	0.94396			6
2025.02.17	01:05:01.138	0.94370	0.94413			6
2025.02.17	01:05:01.452	0.94367	0.94412			6
2025.02.17	01:05:01.932		0.94413			4
2025.02.17	01:05:02.570	0.94370	0.94412			6
2025.02.17	01:05:02.887	0.94371				2
2025.02.17	01:05:03.251	0.94364	0.94420			6
2025.02.17	01:05:03.624	0.94363	0.94404			6
2025.02.17	01:05:03.926	0.94361	0.94402			6
2025.02.17	01:05:04.582	0.94363	0.94396			6
2025.02.17	01:05:07.018	0.94365	0.94397			6
2025.02.17	01:05:10.376	0.94364				2
2025.02.17	01:05:14.341	0.94365				2
2025.02.17	01:05:17.522	0.94370	0.94414			6
2025.02.17	01:05:21.126	0.94371				2
2025.02.17	01:05:26.922	0.94370				2
2025.02.17	01:05:35.622	0.94371				2
2025.02.17	01:05:39.823	0.94370				2
2025.02.17	01:05:43.522	0.94368	0.94407			6
2025.02.17	01:05:45.223	0.94367				2
2025.02.17	01:05:45.527	0.94363	0.94393			6
2025.02.17	01:05:48.067	0.94359	0.94389			6
2025.02.17	01:05:52.229	0.94360	0.94409			6
2025.02.17	01:05:53.747	0.94364	0.94400			6
2025.02.17	01:05:54.117		0.94402			4
2025.02.17	01:05:55.578	0.94361	0.94398			6
2025.02.17	01:05:55.969		0.94409			4
2025.02.17	01:05:56.328	0.94360				2
2025.02.17	01:05:57.402	0.94358	0.94392			6
2025.02.17	01:05:59.820	0.94359				2
2025.02.17	01:06:00.476	0.94360				2
2025.02.17	01:06:01.526	0.94359				2
2025.02.17	01:06:02.347		0.94388			4
2025.02.17	01:06:05.324		0.94383			4
2025.02.17	01:06:06.880	0.94360				2
2025.02.17	01:06:08.922	0.94331	0.94378			6
2025.02.17	01:06:09.229	0.94340				2
2025.02.17	01:06:09.575	0.94359	0.94390			6
2025.02.17	01:06:09.907	0.94358	0.94387			6
2025.02.17	01:06:10.262	0.94335	0.94378			6
2025.02.17	01:06:10.599	0.94357	0.94384			6
2025.02.17	01:06:10.904		0.94386			4
2025.02.17	01:06:11.300	0.94360	0.94395			6
2025.02.17	01:06:11.603	0.94335	0.94379			6
2025.02.17	01:06:11.933		0.94378			4
2025.02.17	01:06:12.349	0.94332	0.94376			6
2025.02.17	01:06:13.112	0.94349				2
2025.02.17	01:06:13.417	0.94332	0.94375			6
2025.02.17	01:06:14.022		0.94376			4
2025.02.17	01:06:14.331	0.94338				2
2025.02.17	01:06:14.675	0.94346				2
2025.02.17	01:06:14.986	0.94355	0.94380			6
2025.02.17	01:06:16.329	0.94352	0.94377			6
2025.02.17	01:06:16.682	0.94347	0.94376			6
2025.02.17	01:06:17.004	0.94333	0.94375			6
2025.02.17	01:06:17.338	0.94340	0.94376			6
2025.02.17	01:06:17.709	0.94350				2
2025.02.17	01:06:18.094	0.94355	0.94380			6
2025.02.17	01:06:18.522	0.94333	0.94377			6
2025.02.17	01:06:19.230		0.94376			4
2025.02.17	01:06:19.533		0.94377			4
2025.02.17	01:06:19.838	0.94335	0.94376			6
2025.02.17	01:06:20.216	0.94336				2
2025.02.17	01:06:20.544	0.94339				2
2025.02.17	01:06:20.846	0.94332	0.94377			6
2025.02.17	01:06:21.150	0.94333				2
2025.02.17	01:06:21.469	0.94338				2
2025.02.17	01:06:21.832	0.94332	0.94376			6
2025.02.17	01:06:22.201	0.94333				2
2025.02.17	01:06:22.516	0.94339				2
2025.02.17	01:06:22.932	0.94332				2
2025.02.17	01:06:23.322	0.94333				2
2025.02.17	01:06:23.773	0.94337				2
2025.02.17	01:06:24.131	0.94332				2
2025.02.17	01:06:24.549	0.94333				2
2025.02.17	01:06:25.028	0.94339				2
2025.02.17	01:06:25.396	0.94332	0.94377			6
2025.02.17	01:06:25.871	0.94336	0.94374			6
2025.02.17	01:06:26.287	0.94341	0.94376			6
2025.02.17	01:06:26.600	0.94332				2
2025.02.17	01:06:26.921	0.94333				2
2025.02.17	01:06:27.222	0.94336	0.94374			6
2025.02.17	01:06:27.544	0.94341	0.94376			6
2025.02.17	01:06:27.927	0.94332				2
2025.02.17	01:06:28.345	0.94336	0.94374			6
2025.02.17	01:06:28.664		0.94375			4
2025.02.17	01:06:29.006	0.94332	0.94377			6
2025.02.17	01:06:29.748	0.94336	0.94374			6
2025.02.17	01:06:30.059	0.94339	0.94376			6
2025.02.17	01:06:30.480	0.94332	0.94377			6
2025.02.17	01:06:30.899	0.94336	0.94374			6
2025.02.17	01:06:31.311	0.94339	0.94376			6
2025.02.17	01:06:31.729	0.94332	0.94377			6
2025.02.17	01:06:32.148	0.94336	0.94374			6
2025.02.17	01:06:32.569	0.94340	0.94376			6
2025.02.17	01:06:32.984	0.94332				2
2025.02.17	01:06:33.620	0.94337	0.94375			6
2025.02.17	01:06:34.038	0.94332	0.94376			6
2025.02.17	01:06:34.357		0.94375			4
2025.02.17	01:06:34.669	0.94337	0.94373			6
2025.02.17	01:06:35.019	0.94340	0.94375			6
2025.02.17	01:06:35.322	0.94332				2
2025.02.17	01:06:35.708	0.94350				2
2025.02.17	01:06:36.133	0.94345				2
2025.02.17	01:06:36.444	0.94338				2
2025.02.17	01:06:36.756	0.94332	0.94376			6
2025.02.17	01:06:37.181	0.94337	0.94373			6
2025.02.17	01:06:37.508		0.94375			4
2025.02.17	01:06:37.823	0.94332	0.94376			6
2025.02.17	01:06:38.232		0.94374			4
2025.02.17	01:06:38.541	0.94337	0.94372			6
2025.02.17	01:06:38.856	0.94340	0.94375			6
2025.02.17	01:06:39.173	0.94332	0.94376			6
2025.02.17	01:06:39.494	0.94333				2
2025.02.17	01:06:39.800	0.94337	0.94373			6
2025.02.17	01:06:40.113	0.94340	0.94375			6
2025.02.17	01:06:40.529	0.94332				2
2025.02.17	01:06:40.953	0.94336	0.94373			6
2025.02.17	01:06:41.257	0.94335	0.94375			6
2025.02.17	01:06:41.572	0.94336				2
2025.02.17	01:06:41.892	0.94332				2
2025.02.17	01:06:42.203	0.94337	0.94373			6
2025.02.17	01:06:42.510		0.94375			4
2025.02.17	01:06:42.826	0.94332				2
2025.02.17	01:06:43.459	0.94337	0.94372			6
2025.02.17	01:06:43.853	0.94340	0.94375			6
2025.02.17	01:06:44.232	0.94332	0.94374			6
2025.02.17	01:06:44.921	0.94337	0.94375			6
2025.02.17	01:06:45.311	0.94332	0.94374			6
2025.02.17	01:06:45.662	0.94341				2
2025.02.17	01:06:45.975	0.94337	0.94372			6
2025.02.17	01:06:46.394	0.94340	0.94375			6
2025.02.17	01:06:46.704	0.94332				2
2025.02.17	01:06:47.024	0.94333				2
2025.02.17	01:06:47.337	0.94337	0.94373			6
2025.02.17	01:06:47.645	0.94340	0.94375			6
2025.02.17	01:06:47.958	0.94332				2
2025.02.17	01:06:48.280	0.94334	0.94374			6
2025.02.17	01:06:48.699	0.94336	0.94375			6
2025.02.17	01:06:49.006	0.94340				2
2025.02.17	01:06:49.318	0.94332				2
2025.02.17	01:06:49.742	0.94337	0.94372			6
2025.02.17	01:06:50.154	0.94340	0.94375			6
2025.02.17	01:06:50.569	0.94337	0.94377			6
2025.02.17	01:06:50.894	0.94339				2
2025.02.17	01:06:51.202	0.94342				2
2025.02.17	01:06:51.615	0.94336				2
2025.02.17	01:06:51.933	0.94337				2
2025.02.17	01:06:52.250	0.94336	0.94380			6
2025.02.17	01:06:52.563	0.94338	0.94379			6
2025.02.17	01:06:52.866	0.94335				2
2025.02.17	01:06:53.186	0.94328				2
2025.02.17	01:06:53.504	0.94324	0.94378			6
2025.02.17	01:06:53.840	0.94350	0.94382			6
2025.02.17	01:06:54.153		0.94383			4
2025.02.17	01:06:54.522	0.94353	0.94381			6
2025.02.17	01:06:54.833	0.94351	0.94382			6
2025.02.17	01:06:55.182	0.94344	0.94378			6
2025.02.17	01:06:56.322	0.94343				2
2025.02.17	01:06:57.036	0.94348				2
2025.02.17	01:06:57.737	0.94350	0.94376			6
2025.02.17	01:06:58.052	0.94349				2
2025.02.17	01:06:58.421	0.94355	0.94380			6
2025.02.17	01:06:58.734	0.94353	0.94379			6
2025.02.17	01:06:59.038		0.94382			4
2025.02.17	01:06:59.342	0.94356	0.94388			6
2025.02.17	01:06:59.685		0.94408			4
2025.02.17	01:07:00.088	0.94357	0.94405			6
2025.02.17	01:07:00.437		0.94407			4
2025.02.17	01:07:03.671		0.94386			4
2025.02.17	01:07:04.725	0.94358	0.94410			6
2025.02.17	01:07:07.300		0.94401			4
2025.02.17	01:07:12.797		0.94398			4
2025.02.17	01:07:19.178	0.94352	0.94377			6
2025.02.17	01:07:20.196	0.94351	0.94376			6
2025.02.17	01:07:20.925	0.94355	0.94380			6
2025.02.17	01:07:26.719	0.94349	0.94375			6
2025.02.17	01:07:50.132	0.94330				2
2025.02.17	01:07:50.486		0.94374			4
2025.02.17	01:07:50.790	0.94331				2
2025.02.17	01:07:51.137	0.94333				2
2025.02.17	01:07:52.398	0.94330				2
2025.02.17	01:07:52.723		0.94373			4
2025.02.17	01:07:53.060		0.94372			4
2025.02.17	01:07:53.749	0.94334	0.94374			6
2025.02.17	01:07:54.054	0.94338	0.94372			6
2025.02.17	01:07:54.363	0.94339	0.94370			6
2025.02.17	01:07:54.664	0.94340				2
2025.02.17	01:07:55.285	0.94342				2
2025.02.17	01:07:55.625	0.94341				2
2025.02.17	01:07:56.981	0.94342	0.94369			6
2025.02.17	01:07:57.949	0.94341	0.94370			6
2025.02.17	01:07:58.932	0.94352	0.94374			6
2025.02.17	01:07:59.624	0.94350	0.94372			6
2025.02.17	01:08:00.223	0.94350				2
2025.02.17	01:08:08.210	0.94355	0.94379			6
2025.02.17	01:08:08.513	0.94361	0.94384			6
2025.02.17	01:08:09.547	0.94360				2
2025.02.17	01:08:10.177	0.94361	0.94385			6
2025.02.17	01:08:11.654		0.94384			4
2025.02.17	01:08:12.698	0.94358				2
2025.02.17	01:08:13.048	0.94359	0.94383			6
2025.02.17	01:08:15.192	0.94360	0.94384			6
2025.02.17	01:08:29.020	0.94359				2
2025.02.17	01:08:29.623		0.94383			4
2025.02.17	01:08:31.721		0.94384			4
2025.02.17	01:08:41.878		0.94383			4
2025.02.17	01:08:42.221	0.94360				2
2025.02.17	01:08:45.220	0.94359	0.94384			6
2025.02.17	01:08:45.522		0.94386			4
2025.02.17	01:08:45.910	0.94358				2
2025.02.17	01:08:46.354	0.94359	0.94385			6
2025.02.17	01:08:47.361	0.94358	0.94386			6
2025.02.17	01:08:48.810		0.94387			4
2025.02.17	01:08:55.007	0.94356	0.94379			6
2025.02.17	01:08:58.419	0.94355				2
2025.02.17	01:09:00.478	0.94355				2
2025.02.17	01:09:01.834		0.94378			4
2025.02.17	01:09:04.724		0.94379			4
2025.02.17	01:09:08.026		0.94378			4
2025.02.17	01:09:10.570	0.94334	0.94380			6
2025.02.17	01:09:10.873	0.94338				2
2025.02.17	01:09:11.195		0.94376			4
2025.02.17	01:09:11.532	0.94340	0.94377			6
2025.02.17	01:09:11.862		0.94376			4
2025.02.17	01:09:12.535	0.94341	0.94375			6
2025.02.17	01:09:12.945	0.94342				2
2025.02.17	01:09:13.248	0.94343	0.94374			6
2025.02.17	01:09:13.562	0.94344	0.94373			6
2025.02.17	01:09:13.865	0.94346	0.94370			6
2025.02.17	01:09:14.282	0.94348	0.94372			6
2025.02.17	01:09:15.784	0.94347	0.94371			6
2025.02.17	01:09:16.533	0.94348	0.94388			6
2025.02.17	01:09:18.035	0.94346	0.94371			6
2025.02.17	01:09:20.334	0.94347				2
2025.02.17	01:09:21.825		0.94370			4
2025.02.17	01:09:24.343	0.94343				2
2025.02.17	01:09:25.332	0.94344				2
2025.02.17	01:09:25.928		0.94368			4
2025.02.17	01:09:27.682	0.94348	0.94385			6
2025.02.17	01:09:27.987	0.94350	0.94390			6
2025.02.17	01:09:28.344	0.94351	0.94389			6
2025.02.17	01:09:29.300	0.94352				2
2025.02.17	01:09:29.622		0.94391			4
2025.02.17	01:09:31.121	0.94348	0.94375			6
2025.02.17	01:09:31.438		0.94372			4
2025.02.17	01:09:33.822		0.94373			4
2025.02.17	01:09:35.358		0.94372			4
2025.02.17	01:09:36.960	0.94349	0.94373			6
2025.02.17	01:09:37.446	0.94352	0.94384			6
2025.02.17	01:09:46.253	0.94353				2
2025.02.17	01:09:50.401		0.94378			4
2025.02.17	01:09:56.812		0.94384			4
2025.02.17	01:10:00.390	0.94354				2
2025.02.17	01:10:01.281	0.94353				2
2025.02.17	01:10:02.922	0.94354				2
2025.02.17	01:10:06.638	0.94353				2
2025.02.17	01:10:06.943	0.94352	0.94377			6
2025.02.17	01:10:10.267	0.94344	0.94371			6
2025.02.17	01:10:11.233	0.94352	0.94376			6
2025.02.17	01:10:14.348		0.94377			4
2025.02.17	01:10:20.675	0.94354	0.94384			6
2025.02.17	01:10:26.286	0.94350	0.94373			6
2025.02.17	01:10:26.928	0.94343	0.94372			6
2025.02.17	01:10:27.243		0.94373			4
2025.02.17	01:10:27.928	0.94345				2
2025.02.17	01:10:28.252		0.94372			4
2025.02.17	01:10:28.751	0.94351	0.94385			6
2025.02.17	01:10:29.061	0.94353	0.94390			6
2025.02.17	01:10:29.364		0.94393			4
2025.02.17	01:10:30.225	0.94351	0.94378			6
2025.02.17	01:10:30.544		0.94376			4
2025.02.17	01:10:32.321		0.94375			4
2025.02.17	01:10:33.801	0.94343	0.94367			6
2025.02.17	01:10:34.346	0.94342	0.94366			6
2025.02.17	01:10:34.905	0.94347	0.94370			6
2025.02.17	01:10:35.225	0.94348	0.94378			6
2025.02.17	01:10:42.397	0.94345	0.94374			6
2025.02.17	01:10:42.735	0.94344	0.94371			6
2025.02.17	01:10:43.383		0.94370			4
2025.02.17	01:10:43.745	0.94345	0.94373			6
2025.02.17	01:10:44.621	0.94346	0.94371			6
2025.02.17	01:10:45.771		0.94372			4
2025.02.17	01:10:49.389		0.94373			4
2025.02.17	01:10:51.424	0.94338	0.94365			6
2025.02.17	01:10:53.022	0.94337				2
2025.02.17	01:10:56.325	0.94338				2
2025.02.17	01:10:57.270	0.94339				2
2025.02.17	01:10:57.583		0.94364			4
2025.02.17	01:11:01.496	0.94346	0.94369			6
2025.02.17	01:11:02.229	0.94347	0.94375			6
2025.02.17	01:11:02.621		0.94379			4
2025.02.17	01:11:03.906	0.94349	0.94377			6
2025.02.17	01:11:05.609	0.94343	0.94367			6
2025.02.17	01:11:05.913	0.94346	0.94369			6
2025.02.17	01:11:06.713	0.94345	0.94368			6
2025.02.17	01:11:07.427	0.94352	0.94375			6
2025.02.17	01:11:07.743	0.94354	0.94377			6
2025.02.17	01:11:08.052	0.94355	0.94379			6
2025.02.17	01:11:08.385		0.94378			4
2025.02.17	01:11:08.705		0.94387			4
2025.02.17	01:11:09.760	0.94354	0.94379			6
2025.02.17	01:11:10.121		0.94377			4
2025.02.17	01:11:10.608	0.94349	0.94373			6
2025.02.17	01:11:11.922	0.94348				2
2025.02.17	01:11:12.937	0.94352	0.94374			6
2025.02.17	01:11:13.895	0.94354	0.94382			6
2025.02.17	01:11:14.843	0.94355				2
2025.02.17	01:11:22.793	0.94356				2
2025.02.17	01:11:24.824	0.94355				2
2025.02.17	01:11:25.512	0.94357				2
2025.02.17	01:11:29.842	0.94358	0.94391			6
2025.02.17	01:11:30.169	0.94352	0.94374			6
2025.02.17	01:11:30.485	0.94350	0.94372			6
2025.02.17	01:11:30.815	0.94352	0.94374			6
2025.02.17	01:11:31.558	0.94344	0.94373			6
2025.02.17	01:11:32.344	0.94347	0.94374			6
2025.02.17	01:11:35.917	0.94329	0.94373			6
2025.02.17	01:11:36.223	0.94335	0.94376			6
2025.02.17	01:11:36.771	0.94327				2
2025.02.17	01:11:37.094	0.94342				2
2025.02.17	01:11:37.403	0.94345	0.94377			6
2025.02.17	01:11:40.124		0.94378			4
2025.02.17	01:11:42.341	0.94346	0.94376			6
2025.02.17	01:11:43.975	0.94364	0.94398			6
2025.02.17	01:11:44.334	0.94355	0.94381			6
2025.02.17	01:11:45.142	0.94351	0.94377			6
2025.02.17	01:11:45.795		0.94375			4
2025.02.17	01:12:00.522	0.94351				2
2025.02.17	01:12:04.896	0.94334	0.94372			6
2025.02.17	01:12:05.203	0.94337	0.94367			6
2025.02.17	01:12:05.592	0.94324	0.94368			6
2025.02.17	01:12:05.909		0.94367			4
2025.02.17	01:12:06.245		0.94368			4
2025.02.17	01:12:06.582		0.94369			4
2025.02.17	01:12:08.921		0.94368			4
2025.02.17	01:12:13.229	0.94326	0.94367			6
2025.02.17	01:12:13.542		0.94366			4
2025.02.17	01:12:15.321		0.94365			4
2025.02.17	01:12:23.608		0.94364			4
2025.02.17	01:12:32.959		0.94366			4
2025.02.17	01:12:36.039	0.94347				2
2025.02.17	01:12:36.444	0.94349	0.94368			6
2025.02.17	01:12:36.820	0.94348	0.94370			6
2025.02.17	01:12:38.326		0.94371			4
2025.02.17	01:12:58.946	0.94345	0.94367			6
2025.02.17	01:13:00.221	0.94345				2
2025.02.17	01:13:01.293		0.94366			4
2025.02.17	01:13:03.825	0.94344				2
2025.02.17	01:13:10.058	0.94347	0.94368			6
2025.02.17	01:13:58.981	0.94345				2
2025.02.17	01:13:59.305	0.94341	0.94363			6
2025.02.17	01:13:59.622	0.94342	0.94364			6
2025.02.17	01:14:00.391	0.94338	0.94363			6
2025.02.17	01:14:03.250	0.94336	0.94367			6
2025.02.17	01:14:03.569	0.94340				2
2025.02.17	01:14:05.182	0.94349	0.94370			6
2025.02.17	01:14:06.822	0.94348				2
2025.02.17	01:14:08.652	0.94343	0.94368			6
2025.02.17	01:14:09.821	0.94345				2
2025.02.17	01:14:11.882	0.94346	0.94367			6
2025.02.17	01:14:15.134	0.94345				2
2025.02.17	01:14:15.671		0.94366			4
2025.02.17	01:14:16.343	0.94352	0.94378			6
2025.02.17	01:14:16.649		0.94377			4
2025.02.17	01:14:17.448		0.94371			4
2025.02.17	01:14:17.758		0.94377			4
2025.02.17	01:14:18.222		0.94374			4
2025.02.17	01:14:18.542	0.94351	0.94369			6
2025.02.17	01:14:18.845	0.94353	0.94370			6
2025.02.17	01:14:19.164	0.94352	0.94376			6
2025.02.17	01:14:19.822	0.94351				2
2025.02.17	01:14:20.245	0.94350	0.94371			6
2025.02.17	01:14:29.706	0.94349	0.94369			6
2025.02.17	01:14:31.101	0.94351				2
2025.02.17	01:14:33.793	0.94339	0.94367			6
2025.02.17	01:14:34.103		0.94364			4
2025.02.17	01:14:34.405	0.94337	0.94365			6
2025.02.17	01:14:34.718	0.94329	0.94367			6
2025.02.17	01:14:35.022	0.94336	0.94363			6
2025.02.17	01:14:35.331	0.94331				2
2025.02.17	01:14:35.634	0.94333	0.94364			6
2025.02.17	01:14:35.940	0.94336	0.94363			6
2025.02.17	01:14:36.262	0.94341	0.94362			6
2025.02.17	01:14:36.563	0.94331				2
2025.02.17	01:14:36.882	0.94328	0.94363			6
2025.02.17	01:14:37.208	0.94331	0.94362			6
2025.02.17	01:14:37.537	0.94339	0.94363			6
2025.02.17	01:14:37.871	0.94332	0.94365			6
2025.02.17	01:14:38.188	0.94336	0.94364			6
2025.02.17	01:14:38.502	0.94335	0.94363			6
2025.02.17	01:14:38.826	0.94338				2
2025.02.17	01:14:39.149	0.94336				2
2025.02.17	01:14:39.463	0.94350	0.94374			6
2025.02.17	01:14:39.772	0.94349				2
2025.02.17	01:14:40.383		0.94373			4
2025.02.17	01:14:40.695		0.94372			4
2025.02.17	01:14:41.405	0.94348	0.94370			6
2025.02.17	01:14:41.958	0.94343	0.94367			6
2025.02.17	01:14:42.573		0.94364			4
2025.02.17	01:14:43.923	0.94347	0.94375			6
2025.02.17	01:14:44.250	0.94345	0.94363			6
2025.02.17	01:14:45.521	0.94348	0.94365			6
2025.02.17	01:14:46.198	0.94347				2
2025.02.17	01:14:46.865		0.94364			4
2025.02.17	01:14:47.188		0.94365			4
2025.02.17	01:14:52.547		0.94364			4
2025.02.17	01:15:00.377	0.94348	0.94366			6
2025.02.17	01:15:02.415	0.94349	0.94367			6
2025.02.17	01:15:03.059	0.94350	0.94368			6
2025.02.17	01:15:05.065	0.94352	0.94370			6
2025.02.17	01:15:05.384	0.94355	0.94373			6
2025.02.17	01:15:05.795	0.94356	0.94374			6
2025.02.17	01:15:06.186		0.94373			4
2025.02.17	01:15:06.531		0.94374			4
2025.02.17	01:15:07.056		0.94373			4
2025.02.17	01:15:07.514		0.94374			4
2025.02.17	01:15:08.141	0.94354	0.94372			6
2025.02.17	01:15:08.442	0.94356	0.94374			6
2025.02.17	01:15:08.766	0.94357				2
2025.02.17	01:15:09.119		0.94375			4
2025.02.17	01:15:21.983	0.94358				2
2025.02.17	01:15:23.832	0.94357				2
2025.02.17	01:15:24.639	0.94358				2
2025.02.17	01:15:25.788	0.94357				2
2025.02.17	01:15:26.126	0.94358				2
2025.02.17	01:15:26.720		0.94376			4
2025.02.17	01:15:27.311	0.94357	0.94374			6
2025.02.17	01:15:27.678	0.94356	0.94373			6
2025.02.17	01:15:28.023	0.94357	0.94375			6
2025.02.17	01:15:37.179	0.94356	0.94373			6
2025.02.17	01:15:38.261	0.94357	0.94375			6
2025.02.17	01:15:39.308	0.94355	0.94372			6
2025.02.17	01:15:39.650		0.94370			4
2025.02.17	01:15:40.384	0.94353				2
2025.02.17	01:15:40.748	0.94355				2
2025.02.17	01:15:41.116	0.94353				2
2025.02.17	01:15:42.223	0.94354				2
2025.02.17	01:15:42.709	0.94353				2
2025.02.17	01:15:43.066	0.94354				2
2025.02.17	01:15:43.501	0.94353				2
2025.02.17	01:15:44.423	0.94354				2
2025.02.17	01:15:45.137	0.94353				2
2025.02.17	01:15:45.761	0.94354				2
2025.02.17	01:15:46.117	0.94353				2
2025.02.17	01:15:46.767	0.94354				2
2025.02.17	01:15:47.159	0.94353				2
2025.02.17	01:15:47.478	0.94354				2
2025.02.17	01:15:48.517	0.94353				2
2025.02.17	01:15:48.833	0.94354				2
2025.02.17	01:15:49.168	0.94355	0.94373			6
2025.02.17	01:15:49.471	0.94356	0.94374			6
2025.02.17	01:15:50.097	0.94357	0.94375			6
2025.02.17	01:15:51.248	0.94355	0.94372			6
2025.02.17	01:15:51.847	0.94356	0.94374			6
2025.02.17	01:15:52.217	0.94354	0.94372			6
2025.02.17	01:15:53.171	0.94355				2
2025.02.17	01:15:53.491		0.94373			4
2025.02.17	01:15:54.227	0.94353	0.94371			6
2025.02.17	01:15:54.556	0.94354				2
2025.02.17	01:15:54.874	0.94355	0.94372			6
2025.02.17	01:15:55.192	0.94354	0.94371			6
2025.02.17	01:15:56.002	0.94353				2
2025.02.17	01:15:57.129	0.94355	0.94373			6
2025.02.17	01:15:57.462	0.94354	0.94371			6
2025.02.17	01:15:58.743	0.94355	0.94373			6
2025.02.17	01:15:59.776	0.94354	0.94371			6
2025.02.17	01:16:00.106	0.94353				2
2025.02.17	01:16:00.517	0.94355	0.94372			6
2025.02.17	01:16:00.875	0.94356	0.94373			6
2025.02.17	01:16:01.276	0.94355	0.94372			6
2025.02.17	01:16:01.605		0.94371			4
2025.02.17	01:16:02.000		0.94373			4
2025.02.17	01:16:04.495	0.94357	0.94374			6
2025.02.17	01:16:04.881	0.94362	0.94378			6
2025.02.17	01:16:05.232	0.94360				2
2025.02.17	01:16:06.175	0.94362	0.94380			6
2025.02.17	01:16:07.832		0.94379			4
2025.02.17	01:16:08.462		0.94380			4
2025.02.17	01:16:08.870	0.94361	0.94379			6
2025.02.17	01:16:09.650	0.94362	0.94380			6
2025.02.17	01:16:10.007	0.94361	0.94379			6
2025.02.17	01:16:10.640	0.94362				2
2025.02.17	01:16:11.322		0.94380			4
2025.02.17	01:16:11.652	0.94356	0.94373			6
2025.02.17	01:16:11.973		0.94374			4
2025.02.17	01:16:12.715	0.94357				2
2025.02.17	01:16:13.074	0.94358				2
2025.02.17	01:16:13.382	0.94356				2
2025.02.17	01:16:14.051	0.94357				2
2025.02.17	01:16:15.519	0.94358	0.94375			6
2025.02.17	01:16:16.673	0.94357	0.94373			6
2025.02.17	01:16:17.703		0.94374			4
2025.02.17	01:16:18.085	0.94358	0.94375			6
2025.02.17	01:16:19.134	0.94357	0.94374			6
2025.02.17	01:16:20.176	0.94358	0.94375			6
2025.02.17	01:16:20.488	0.94356	0.94372			6
2025.02.17	01:16:20.806		0.94373			4
2025.02.17	01:16:21.129	0.94357	0.94375			6
2025.02.17	01:16:21.444		0.94374			4
2025.02.17	01:16:22.154	0.94356	0.94373			6
2025.02.17	01:16:22.545	0.94357	0.94374			6
2025.02.17	01:16:22.917	0.94356	0.94373			6
2025.02.17	01:16:23.603		0.94374			4
2025.02.17	01:16:24.909		0.94373			4
2025.02.17	01:16:32.193	0.94357	0.94374			6
2025.02.17	01:16:35.180	0.94356	0.94373			6
2025.02.17	01:16:36.339	0.94357	0.94374			6
2025.02.17	01:16:36.900	0.94356	0.94373			6
2025.02.17	01:16:39.264	0.94354	0.94371			6
2025.02.17	01:16:39.578		0.94370			4
2025.02.17	01:16:40.499	0.94353				2
2025.02.17	01:16:40.824	0.94354	0.94371			6
2025.02.17	01:16:41.478	0.94352	0.94369			6
2025.02.17	01:16:41.922	0.94354	0.94371			6
2025.02.17	01:16:43.990		0.94370			4
2025.02.17	01:16:45.120		0.94371			4
2025.02.17	01:16:45.449		0.94369			4
2025.02.17	01:16:46.120		0.94370			4
2025.02.17	01:16:46.462		0.94369			4
2025.02.17	01:16:47.023		0.94370			4
2025.02.17	01:16:47.508		0.94369			4
2025.02.17	01:16:48.221		0.94370			4
2025.02.17	01:16:48.610		0.94369			4
2025.02.17	01:16:49.074		0.94370			4
2025.02.17	01:16:49.634		0.94369			4
2025.02.17	01:16:50.032		0.94370			4
2025.02.17	01:16:53.286	0.94351	0.94368			6
2025.02.17	01:16:53.622	0.94352	0.94369			6
2025.02.17	01:16:54.760	0.94353	0.94370			6
2025.02.17	01:16:55.515		0.94369			4
2025.02.17	01:16:55.882		0.94370			4
2025.02.17	01:16:56.216		0.94369			4
2025.02.17	01:16:57.224		0.94370			4
2025.02.17	01:16:57.916		0.94369			4
2025.02.17	01:16:58.580	0.94352				2
2025.02.17	01:16:58.959	0.94355	0.94370			6
2025.02.17	01:16:59.269		0.94371			4
2025.02.17	01:17:00.006	0.94356	0.94373			6
2025.02.17	01:17:00.354	0.94355				2
2025.02.17	01:17:00.835	0.94356				2
2025.02.17	01:17:01.175	0.94355	0.94372			6
2025.02.17	01:17:01.646		0.94373			4
2025.02.17	01:17:02.009	0.94357	0.94374			6
2025.02.17	01:17:02.320		0.94373			4
2025.02.17	01:17:02.622	0.94356	0.94372			6
2025.02.17	01:17:02.964	0.94358	0.94374			6
2025.02.17	01:17:03.266	0.94357				2
2025.02.17	01:17:03.971		0.94373			4
2025.02.17	01:17:05.017		0.94374			4
2025.02.17	01:17:05.324	0.94356	0.94372			6
2025.02.17	01:17:05.637	0.94355	0.94371			6
2025.02.17	01:17:07.448	0.94353	0.94369			6
2025.02.17	01:17:08.492	0.94357	0.94373			6
2025.02.17	01:17:12.536	0.94358	0.94374			6
2025.02.17	01:17:13.983	0.94357	0.94373			6
2025.02.17	01:17:20.096	0.94358	0.94374			6
2025.02.17	01:17:20.496		0.94373			4
2025.02.17	01:17:21.177	0.94356	0.94372			6
2025.02.17	01:17:21.534	0.94355	0.94373			6
2025.02.17	01:17:21.840	0.94356	0.94372			6
2025.02.17	01:17:22.164	0.94357	0.94373			6
2025.02.17	01:17:22.842	0.94352	0.94370			6
2025.02.17	01:17:23.967	0.94353				2
2025.02.17	01:17:24.582	0.94352	0.94369			6
2025.02.17	01:17:25.003		0.94370			4
2025.02.17	01:17:27.447		0.94368			4
2025.02.17	01:17:28.245		0.94367			4
2025.02.17	01:17:34.235		0.94368			4
2025.02.17	01:17:41.995	0.94353	0.94369			6
2025.02.17	01:17:43.316	0.94352	0.94368			6
2025.02.17	01:17:43.753	0.94353	0.94369			6
2025.02.17	01:17:44.061		0.94368			4
2025.02.17	01:17:48.557	0.94354	0.94369			6
2025.02.17	01:17:48.877	0.94353				2
2025.02.17	01:17:49.179		0.94368			4
2025.02.17	01:17:50.471		0.94369			4
2025.02.17	01:17:50.801	0.94351	0.94366			6
2025.02.17	01:17:51.104	0.94352	0.94368			6
2025.02.17	01:17:51.508	0.94351	0.94367			6
2025.02.17	01:17:51.838	0.94352				2
2025.02.17	01:17:52.145	0.94353	0.94369			6
2025.02.17	01:17:52.485	0.94352	0.94368			6
2025.02.17	01:17:52.790		0.94367			4
2025.02.17	01:17:53.223	0.94353	0.94369			6
2025.02.17	01:17:53.900	0.94352	0.94367			6
2025.02.17	01:17:54.221		0.94368			4
2025.02.17	01:17:55.522	0.94354	0.94369			6
2025.02.17	01:17:59.384		0.94370			4
2025.02.17	01:18:00.433	0.94354				2
2025.02.17	01:18:02.378	0.94355				2
2025.02.17	01:18:03.461	0.94357	0.94372			6
2025.02.17	01:18:04.656	0.94355	0.94371			6
2025.02.17	01:18:05.681	0.94357	0.94372			6
2025.02.17	01:18:06.051	0.94354	0.94368			6
