<DATE>	<TIME>	<BID>	<ASK>	<LAST>	<VOLUME>	<FLAGS>
2025.05.16	00:03:30.527	0.93435	0.93516			6
2025.05.16	00:03:54.074	0.93434	0.93671			6
2025.05.16	00:04:00.457	0.93434				2
2025.05.16	00:05:04.783	0.93474	0.93562			6
2025.05.16	00:05:07.176	0.93476	0.93563			6
2025.05.16	00:05:10.692	0.93477	0.93565			6
2025.05.16	00:05:13.955	0.93475				2
2025.05.16	00:05:20.981		0.93567			4
2025.05.16	00:05:25.881	0.93477	0.93564			6
2025.05.16	00:05:31.096	0.93478	0.93562			6
2025.05.16	00:05:34.182	0.93476	0.93566			6
2025.05.16	00:05:58.421		0.93565			4
2025.05.16	00:06:00.547	0.93476				2
2025.05.16	00:06:07.421	0.93466	0.93566			6
2025.05.16	00:06:12.886	0.93470	0.93568			6
2025.05.16	00:06:14.646	0.93471				2
2025.05.16	00:06:17.379	0.93472	0.93570			6
2025.05.16	00:06:18.702		0.93568			4
2025.05.16	00:06:20.092		0.93566			4
2025.05.16	00:06:36.389	0.93471	0.93567			6
2025.05.16	00:06:43.781	0.93472	0.93569			6
2025.05.16	00:06:52.026	0.93465	0.93560			6
2025.05.16	00:06:55.181	0.93469	0.93563			6
2025.05.16	00:07:02.495	0.93468	0.93568			6
2025.05.16	00:07:03.497	0.93474	0.93570			6
2025.05.16	00:07:03.849	0.93465	0.93565			6
2025.05.16	00:07:04.343	0.93464	0.93564			6
2025.05.16	00:07:07.437	0.93466	0.93566			6
2025.05.16	00:07:09.382	0.93467	0.93567			6
2025.05.16	00:07:14.529	0.93468	0.93570			6
2025.05.16	00:07:15.168		0.93569			4
2025.05.16	00:07:20.204	0.93439	0.93675			6
2025.05.16	00:07:25.360	0.93430	0.93656			6
2025.05.16	00:07:31.045	0.93472	0.93574			6
2025.05.16	00:07:42.608	0.93474	0.93572			6
2025.05.16	00:07:51.441	0.93438	0.93675			6
2025.05.16	00:07:52.212		0.93674			4
2025.05.16	00:07:56.187		0.93658			4
2025.05.16	00:07:56.733	0.93430				2
2025.05.16	00:08:02.348	0.93430				2
2025.05.16	00:08:26.819	0.93438				2
2025.05.16	00:08:28.530	0.93430				2
2025.05.16	00:08:51.190	0.93449				2
2025.05.16	00:08:54.964	0.93437				2
2025.05.16	00:08:58.803		0.93658			4
2025.05.16	00:09:00.375	0.93430				2
2025.05.16	00:09:21.298	0.93448				2
2025.05.16	00:09:24.646	0.93431				2
2025.05.16	00:09:30.785	0.93430				2
2025.05.16	00:09:46.041	0.93444	0.93663			6
2025.05.16	00:09:51.528	0.93435				2
2025.05.16	00:10:00.343	0.93438				2
2025.05.16	00:10:07.896	0.93435				2
2025.05.16	00:10:11.995	0.93426	0.93572			6
2025.05.16	00:10:22.972	0.93427	0.93571			6
2025.05.16	00:10:51.839	0.93428	0.93570			6
2025.05.16	00:10:52.760	0.93422	0.93612			6
2025.05.16	00:10:54.547	0.93440	0.93619			6
2025.05.16	00:10:57.973	0.93428	0.93570			6
2025.05.16	00:10:58.592	0.93440	0.93619			6
2025.05.16	00:11:00.458	0.93440				2
2025.05.16	00:11:01.040		0.93663			4
2025.05.16	00:11:05.077	0.93428	0.93570			6
2025.05.16	00:11:05.707	0.93440	0.93663			6
2025.05.16	00:11:11.922	0.93428	0.93570			6
2025.05.16	00:11:12.564	0.93440	0.93663			6
2025.05.16	00:11:16.043		0.93619			4
2025.05.16	00:11:19.011	0.93428	0.93570			6
2025.05.16	00:11:19.631	0.93440	0.93619			6
2025.05.16	00:11:21.026		0.93663			4
2025.05.16	00:11:26.072	0.93429	0.93569			6
2025.05.16	00:11:26.724	0.93440	0.93663			6
2025.05.16	00:11:37.219	0.93441				2
2025.05.16	00:11:46.038		0.93619			4
2025.05.16	00:11:51.227		0.93663			4
2025.05.16	00:12:00.457	0.93441				2
2025.05.16	00:12:07.730		0.93662			4
2025.05.16	00:12:16.038		0.93619			4
2025.05.16	00:12:19.660		0.93662			4
2025.05.16	00:12:37.426	0.93442				2
2025.05.16	00:12:43.965	0.93454	0.93652			6
2025.05.16	00:12:45.083		0.93653			4
2025.05.16	00:12:45.526		0.93652			4
2025.05.16	00:12:46.044		0.93620			4
2025.05.16	00:12:47.025	0.93455				2
2025.05.16	00:12:48.141	0.93454				2
2025.05.16	00:12:49.168	0.93455				2
2025.05.16	00:12:56.040		0.93652			4
2025.05.16	00:13:00.458	0.93455				2
2025.05.16	00:13:03.570	0.93457	0.93656			6
2025.05.16	00:13:04.359	0.93458	0.93655			6
2025.05.16	00:13:15.800		0.93609			4
2025.05.16	00:13:21.229		0.93655			4
2025.05.16	00:13:45.530	0.93468	0.93656			6
2025.05.16	00:13:46.044		0.93599			4
2025.05.16	00:13:46.355	0.93467				2
2025.05.16	00:13:52.010		0.93656			4
2025.05.16	00:14:00.459	0.93467				2
2025.05.16	00:14:13.798		0.93599			4
2025.05.16	00:14:21.198		0.93656			4
2025.05.16	00:14:40.687	0.93469	0.93654			6
2025.05.16	00:14:41.191	0.93470				2
2025.05.16	00:14:42.525		0.93653			4
2025.05.16	00:14:43.390	0.93469	0.93655			6
2025.05.16	00:14:45.626		0.93654			4
2025.05.16	00:14:46.038		0.93599			4
2025.05.16	00:14:46.660	0.93466	0.93590			6
2025.05.16	00:14:49.264	0.93463	0.93585			6
2025.05.16	00:14:51.528	0.93464				2
2025.05.16	00:14:56.038		0.93635			4
2025.05.16	00:14:56.383	0.93459				2
2025.05.16	00:15:00.380	0.93456				2
2025.05.16	00:15:00.877	0.93457				2
2025.05.16	00:15:01.459	0.93458				2
2025.05.16	00:15:02.418	0.93436	0.93656			6
2025.05.16	00:15:02.998		0.93608			4
2025.05.16	00:15:03.348		0.93607			4
2025.05.16	00:15:03.996	0.93428	0.93625			6
2025.05.16	00:15:04.358	0.93431	0.93587			6
2025.05.16	00:15:04.855	0.93428	0.93622			6
2025.05.16	00:15:05.185	0.93438	0.93568			6
2025.05.16	00:15:06.136	0.93440	0.93606			6
2025.05.16	00:15:06.584	0.93441	0.93587			6
2025.05.16	00:15:06.907		0.93581			4
2025.05.16	00:15:07.561		0.93590			4
2025.05.16	00:15:09.125	0.93442	0.93573			6
2025.05.16	00:16:28.390	0.93430	0.93574			6
2025.05.16	00:16:52.734	0.93432	0.93557			6
2025.05.16	00:16:53.986	0.93431	0.93574			6
2025.05.16	00:17:00.530	0.93431				2
2025.05.16	00:17:05.714	0.93430	0.93562			6
2025.05.16	00:17:06.060	0.93432	0.93548			6
2025.05.16	00:17:06.505	0.93438	0.93570			6
2025.05.16	00:17:07.001		0.93568			4
2025.05.16	00:17:07.426	0.93440	0.93573			6
2025.05.16	00:17:08.008	0.93431	0.93550			6
2025.05.16	00:17:08.631	0.93440	0.93571			6
2025.05.16	00:17:09.204		0.93558			4
2025.05.16	00:17:09.700		0.93574			4
2025.05.16	00:17:10.210	0.93430	0.93560			6
2025.05.16	00:17:10.543	0.93431	0.93547			6
2025.05.16	00:17:11.011	0.93440	0.93570			6
2025.05.16	00:17:11.510	0.93441	0.93559			6
2025.05.16	00:17:11.913	0.93440	0.93574			6
2025.05.16	00:17:12.352		0.93558			4
2025.05.16	00:17:12.827		0.93574			4
2025.05.16	00:17:13.355		0.93558			4
2025.05.16	00:17:13.854		0.93574			4
2025.05.16	00:17:14.205		0.93558			4
2025.05.16	00:17:14.850		0.93574			4
2025.05.16	00:17:15.226		0.93558			4
2025.05.16	00:17:15.854		0.93574			4
2025.05.16	00:17:16.881		0.93557			4
2025.05.16	00:17:17.921	0.93438	0.93574			6
2025.05.16	00:17:18.370	0.93440	0.93558			6
2025.05.16	00:17:18.881		0.93574			4
2025.05.16	00:17:19.374	0.93441	0.93558			6
2025.05.16	00:17:19.874		0.93574			4
2025.05.16	00:17:20.372		0.93558			4
2025.05.16	00:17:20.870		0.93574			4
2025.05.16	00:17:21.284		0.93558			4
2025.05.16	00:17:21.870		0.93574			4
2025.05.16	00:17:22.371		0.93568			4
2025.05.16	00:17:22.725		0.93562			4
2025.05.16	00:17:23.280	0.93439	0.93574			6
2025.05.16	00:17:23.723	0.93440	0.93558			6
2025.05.16	00:17:25.425	0.93441	0.93560			6
2025.05.16	00:17:26.075	0.93440	0.93574			6
2025.05.16	00:17:26.522	0.93441	0.93559			6
2025.05.16	00:17:27.012	0.93440	0.93574			6
2025.05.16	00:17:27.515		0.93558			4
2025.05.16	00:17:28.014		0.93574			4
2025.05.16	00:17:28.522		0.93558			4
2025.05.16	00:17:29.003		0.93574			4
2025.05.16	00:17:29.512		0.93558			4
2025.05.16	00:17:29.927		0.93574			4
2025.05.16	00:17:30.458		0.93558			4
2025.05.16	00:17:31.013		0.93574			4
2025.05.16	00:17:31.512	0.93438	0.93546			6
2025.05.16	00:17:32.035	0.93440	0.93571			6
2025.05.16	00:17:32.644		0.93564			4
2025.05.16	00:17:33.049		0.93572			4
2025.05.16	00:17:33.553	0.93438	0.93548			6
2025.05.16	00:17:33.876	0.93435	0.93554			6
2025.05.16	00:17:34.340	0.93440	0.93570			6
2025.05.16	00:17:34.903		0.93564			4
2025.05.16	00:17:35.858	0.93435	0.93550			6
2025.05.16	00:17:36.505	0.93440	0.93573			6
2025.05.16	00:17:37.009		0.93558			4
2025.05.16	00:17:37.509		0.93574			4
2025.05.16	00:17:38.380	0.93435	0.93546			6
2025.05.16	00:17:38.680	0.93441	0.93560			6
2025.05.16	00:17:39.564	0.93435	0.93546			6
2025.05.16	00:17:40.212	0.93440	0.93572			6
2025.05.16	00:17:40.698		0.93558			4
2025.05.16	00:17:41.035		0.93574			4
2025.05.16	00:17:41.704	0.93430	0.93573			6
2025.05.16	00:17:42.046	0.93440	0.93570			6
2025.05.16	00:17:43.899		0.93568			4
2025.05.16	00:17:44.282		0.93569			4
2025.05.16	00:17:44.843	0.93439	0.93556			6
2025.05.16	00:17:45.277	0.93440	0.93574			6
2025.05.16	00:17:45.786		0.93566			4
2025.05.16	00:17:46.163		0.93570			4
2025.05.16	00:17:46.543		0.93559			4
2025.05.16	00:17:47.560	0.93437	0.93546			6
2025.05.16	00:17:48.374	0.93440	0.93573			6
2025.05.16	00:17:48.829		0.93564			4
2025.05.16	00:17:50.876	0.93436	0.93560			6
2025.05.16	00:17:52.452	0.93440	0.93574			6
2025.05.16	00:17:52.958		0.93558			4
2025.05.16	00:17:53.452		0.93574			4
2025.05.16	00:17:53.953		0.93564			4
2025.05.16	00:17:54.412	0.93438	0.93551			6
2025.05.16	00:17:54.809	0.93440	0.93574			6
2025.05.16	00:17:55.316		0.93558			4
2025.05.16	00:17:55.726		0.93574			4
2025.05.16	00:17:56.041		0.93558			4
2025.05.16	00:17:56.368	0.93438	0.93546			6
2025.05.16	00:17:56.760	0.93440	0.93574			6
2025.05.16	00:17:57.249		0.93558			4
2025.05.16	00:17:58.248		0.93574			4
2025.05.16	00:17:58.746	0.93439	0.93557			6
2025.05.16	00:17:59.248	0.93440	0.93574			6
2025.05.16	00:17:59.746	0.93439	0.93557			6
2025.05.16	00:18:00.250	0.93440	0.93574			6
2025.05.16	00:18:00.746	0.93439	0.93557			6
2025.05.16	00:18:01.131	0.93440	0.93574			6
2025.05.16	00:18:01.745	0.93439	0.93557			6
2025.05.16	00:18:02.254	0.93440	0.93574			6
2025.05.16	00:18:03.300	0.93439	0.93557			6
2025.05.16	00:18:03.745	0.93440	0.93574			6
2025.05.16	00:18:04.199		0.93557			4
2025.05.16	00:18:04.750	0.93439	0.93574			6
2025.05.16	00:18:05.245	0.93440	0.93558			6
2025.05.16	00:18:05.750	0.93439	0.93574			6
2025.05.16	00:18:06.247	0.93440	0.93557			6
2025.05.16	00:18:06.751		0.93574			4
2025.05.16	00:18:07.249		0.93557			4
2025.05.16	00:18:07.732	0.93439	0.93574			6
2025.05.16	00:18:08.245	0.93440	0.93557			6
2025.05.16	00:18:08.745	0.93439	0.93574			6
2025.05.16	00:18:09.245	0.93440	0.93557			6
2025.05.16	00:18:09.749	0.93439	0.93574			6
2025.05.16	00:18:11.156	0.93440	0.93553			6
2025.05.16	00:18:11.637		0.93568			4
2025.05.16	00:18:11.978	0.93437	0.93558			6
2025.05.16	00:18:12.652	0.93438	0.93546			6
2025.05.16	00:18:12.957	0.93441	0.93561			6
2025.05.16	00:18:13.510	0.93440	0.93574			6
2025.05.16	00:18:13.899		0.93571			4
2025.05.16	00:18:14.414	0.93439	0.93557			6
2025.05.16	00:18:14.902	0.93440	0.93574			6
2025.05.16	00:18:15.380	0.93439	0.93557			6
2025.05.16	00:18:15.899	0.93440	0.93574			6
2025.05.16	00:18:16.399	0.93439	0.93557			6
2025.05.16	00:18:16.920	0.93440	0.93574			6
2025.05.16	00:18:17.407	0.93439	0.93557			6
2025.05.16	00:18:17.910	0.93440	0.93574			6
2025.05.16	00:18:18.412	0.93439	0.93557			6
2025.05.16	00:18:18.912	0.93440	0.93574			6
2025.05.16	00:18:19.409	0.93439	0.93557			6
2025.05.16	00:18:19.910	0.93440	0.93574			6
2025.05.16	00:18:20.416	0.93441	0.93557			6
2025.05.16	00:18:20.910	0.93440	0.93574			6
2025.05.16	00:18:21.284	0.93441	0.93557			6
2025.05.16	00:18:21.913	0.93440	0.93574			6
2025.05.16	00:18:22.409	0.93441	0.93557			6
2025.05.16	00:18:22.912	0.93440	0.93574			6
2025.05.16	00:18:29.425	0.93441	0.93559			6
2025.05.16	00:18:30.924	0.93442	0.93545			6
2025.05.16	00:18:31.401	0.93440	0.93571			6
2025.05.16	00:18:31.895	0.93431	0.93545			6
2025.05.16	00:18:32.205	0.93433	0.93546			6
2025.05.16	00:18:32.915	0.93437	0.93573			6
2025.05.16	00:18:33.416	0.93438	0.93556			6
2025.05.16	00:18:33.868	0.93439	0.93573			6
2025.05.16	00:18:34.202	0.93441	0.93562			6
2025.05.16	00:18:34.759	0.93436	0.93565			6
2025.05.16	00:18:39.310	0.93435	0.93556			6
2025.05.16	00:18:40.124	0.93440	0.93574			6
2025.05.16	00:18:40.515	0.93439	0.93557			6
2025.05.16	00:18:41.016	0.93440	0.93574			6
2025.05.16	00:18:41.515	0.93439	0.93557			6
2025.05.16	00:18:42.018	0.93440	0.93574			6
2025.05.16	00:18:42.356	0.93439	0.93557			6
2025.05.16	00:18:43.015	0.93440	0.93574			6
2025.05.16	00:18:43.515	0.93439	0.93557			6
2025.05.16	00:18:44.014	0.93440	0.93574			6
2025.05.16	00:18:44.515		0.93571			4
2025.05.16	00:18:45.021	0.93439	0.93557			6
2025.05.16	00:18:45.524	0.93440	0.93574			6
2025.05.16	00:18:46.017	0.93439	0.93557			6
2025.05.16	00:18:46.517	0.93440	0.93574			6
2025.05.16	00:18:47.018	0.93439	0.93557			6
2025.05.16	00:18:47.334	0.93440	0.93574			6
2025.05.16	00:18:47.722	0.93439	0.93557			6
2025.05.16	00:18:48.524		0.93574			4
2025.05.16	00:18:49.014		0.93557			4
2025.05.16	00:18:49.439		0.93574			4
2025.05.16	00:18:50.015	0.93437	0.93545			6
2025.05.16	00:18:50.377	0.93440	0.93572			6
2025.05.16	00:18:50.866	0.93439	0.93557			6
2025.05.16	00:18:51.364	0.93440	0.93574			6
2025.05.16	00:18:51.863	0.93439	0.93557			6
2025.05.16	00:18:52.302	0.93440	0.93574			6
2025.05.16	00:18:52.727	0.93439	0.93557			6
2025.05.16	00:18:53.363	0.93440	0.93574			6
2025.05.16	00:18:53.862		0.93567			4
2025.05.16	00:18:54.249	0.93441	0.93561			6
2025.05.16	00:18:54.810	0.93440	0.93574			6
2025.05.16	00:18:55.128	0.93441	0.93557			6
2025.05.16	00:18:55.748	0.93440	0.93574			6
2025.05.16	00:18:56.246	0.93441	0.93557			6
2025.05.16	00:18:56.630	0.93440	0.93574			6
2025.05.16	00:18:57.243	0.93441	0.93557			6
2025.05.16	00:18:57.744	0.93440	0.93574			6
2025.05.16	00:18:58.245		0.93571			4
2025.05.16	00:18:58.748	0.93441	0.93557			6
2025.05.16	00:18:59.245	0.93440	0.93574			6
2025.05.16	00:18:59.744	0.93441	0.93557			6
2025.05.16	00:19:00.244	0.93440	0.93574			6
2025.05.16	00:19:00.745	0.93441	0.93557			6
2025.05.16	00:19:01.245	0.93440	0.93574			6
2025.05.16	00:19:01.749	0.93441	0.93560			6
2025.05.16	00:19:04.152	0.93432	0.93563			6
2025.05.16	00:19:04.456	0.93441	0.93561			6
2025.05.16	00:19:04.997	0.93440	0.93574			6
2025.05.16	00:19:05.325	0.93439	0.93557			6
2025.05.16	00:19:05.939	0.93440	0.93574			6
2025.05.16	00:19:06.355	0.93437	0.93545			6
2025.05.16	00:19:06.931	0.93440	0.93570			6
2025.05.16	00:19:07.425		0.93574			4
2025.05.16	00:19:07.955	0.93438	0.93556			6
2025.05.16	00:19:08.437	0.93440	0.93574			6
2025.05.16	00:19:09.456	0.93438	0.93556			6
2025.05.16	00:19:09.938	0.93440	0.93574			6
2025.05.16	00:19:10.954	0.93438	0.93556			6
2025.05.16	00:19:11.435	0.93440	0.93574			6
2025.05.16	00:19:12.457	0.93438	0.93556			6
2025.05.16	00:19:12.824	0.93440	0.93574			6
2025.05.16	00:19:14.415	0.93436	0.93563			6
2025.05.16	00:19:14.853	0.93439	0.93550			6
2025.05.16	00:19:15.234	0.93440	0.93573			6
2025.05.16	00:19:15.860		0.93574			4
2025.05.16	00:19:16.297	0.93439	0.93556			6
2025.05.16	00:19:16.755	0.93440	0.93574			6
2025.05.16	00:19:17.792	0.93430				2
2025.05.16	00:19:18.108	0.93433	0.93554			6
2025.05.16	00:19:18.578	0.93440	0.93569			6
2025.05.16	00:19:19.079		0.93574			4
2025.05.16	00:19:19.426	0.93438	0.93556			6
2025.05.16	00:19:20.081	0.93440	0.93574			6
2025.05.16	00:19:21.107	0.93438	0.93556			6
2025.05.16	00:19:21.526	0.93440	0.93574			6
2025.05.16	00:19:22.605	0.93438	0.93556			6
2025.05.16	00:19:23.027	0.93440	0.93574			6
2025.05.16	00:19:36.120	0.93432	0.93557			6
2025.05.16	00:19:37.100	0.93440	0.93574			6
2025.05.16	00:19:37.603	0.93438	0.93556			6
2025.05.16	00:19:37.932	0.93431	0.93559			6
2025.05.16	00:19:38.234	0.93438	0.93562			6
2025.05.16	00:19:38.550	0.93439	0.93558			6
2025.05.16	00:19:38.946	0.93438	0.93562			6
2025.05.16	00:19:41.703		0.93556			4
2025.05.16	00:19:42.159	0.93440	0.93571			6
2025.05.16	00:19:42.661	0.93439	0.93559			6
2025.05.16	00:19:43.115	0.93437	0.93574			6
2025.05.16	00:19:43.656	0.93440	0.93572			6
2025.05.16	00:19:44.010	0.93439	0.93558			6
2025.05.16	00:19:45.591	0.93440	0.93564			6
2025.05.16	00:19:46.003	0.93438	0.93556			6
2025.05.16	00:19:46.592	0.93439	0.93542			6
2025.05.16	00:19:47.021	0.93437	0.93572			6
2025.05.16	00:19:47.578	0.93440	0.93573			6
2025.05.16	00:19:48.080	0.93439	0.93555			6
2025.05.16	00:19:48.381	0.93440	0.93573			6
2025.05.16	00:19:49.079		0.93574			4
2025.05.16	00:19:49.383	0.93437	0.93555			6
2025.05.16	00:19:50.079	0.93440	0.93573			6
2025.05.16	00:19:50.583	0.93432	0.93546			6
2025.05.16	00:19:50.892	0.93433	0.93564			6
2025.05.16	00:19:51.636	0.93434	0.93553			6
2025.05.16	00:20:00.459	0.93434				2
2025.05.16	00:20:51.701		0.93553			4
2025.05.16	00:20:52.020	0.93433	0.93554			6
2025.05.16	00:21:00.826	0.93433				2
2025.05.16	00:21:52.297	0.93435	0.93553			6
2025.05.16	00:21:55.739	0.93432	0.93564			6
2025.05.16	00:21:56.105	0.93436	0.93554			6
2025.05.16	00:21:57.802	0.93433	0.93567			6
2025.05.16	00:21:58.147	0.93435				2
2025.05.16	00:22:00.449	0.93435				2
2025.05.16	00:22:11.369	0.93434	0.93574			6
2025.05.16	00:22:11.868	0.93436	0.93565			6
2025.05.16	00:22:12.371	0.93435	0.93571			6
2025.05.16	00:22:12.870	0.93430	0.93559			6
2025.05.16	00:22:13.173	0.93435	0.93571			6
2025.05.16	00:22:36.226	0.93436	0.93564			6
2025.05.16	00:22:42.766	0.93427	0.93571			6
2025.05.16	00:22:53.641		0.93569			4
2025.05.16	00:22:53.989		0.93571			4
2025.05.16	00:23:02.625	0.93427				2
2025.05.16	00:23:21.038		0.93565			4
2025.05.16	00:23:22.953		0.93571			4
2025.05.16	00:23:27.026	0.93428	0.93566			6
2025.05.16	00:23:46.573	0.93436	0.93564			6
2025.05.16	00:23:47.815	0.93428	0.93566			6
2025.05.16	00:23:48.465		0.93548			4
2025.05.16	00:23:48.960		0.93564			4
2025.05.16	00:23:49.460	0.93429	0.93557			6
2025.05.16	00:23:49.958	0.93428	0.93562			6
2025.05.16	00:23:50.626		0.93566			4
2025.05.16	00:23:51.405	0.93430	0.93558			6
2025.05.16	00:23:51.719	0.93429	0.93566			6
2025.05.16	00:23:57.662	0.93435	0.93563			6
2025.05.16	00:24:03.289	0.93435				2
2025.05.16	00:24:04.962	0.93436				2
2025.05.16	00:24:23.290		0.93568			4
2025.05.16	00:24:30.789	0.93437	0.93565			6
2025.05.16	00:24:34.963	0.93436				2
2025.05.16	00:25:00.310	0.93436				2
2025.05.16	00:25:33.292		0.93565			4
2025.05.16	00:25:38.821	0.93433	0.93561			6
2025.05.16	00:25:44.922	0.93430	0.93551			6
2025.05.16	00:25:53.932	0.93423				2
2025.05.16	00:26:00.577	0.93423				2
2025.05.16	00:26:08.305	0.93422	0.93558			6
2025.05.16	00:26:23.625	0.93429	0.93551			6
2025.05.16	00:26:27.277		0.93544			4
2025.05.16	00:26:30.653		0.93539			4
2025.05.16	00:26:42.585	0.93426	0.93540			6
2025.05.16	00:27:00.314	0.93426				2
2025.05.16	00:27:06.246		0.93541			4
2025.05.16	00:27:27.756		0.93539			4
2025.05.16	00:27:33.917		0.93543			4
2025.05.16	00:27:37.376	0.93428	0.93541			6
2025.05.16	00:28:02.326	0.93428				2
2025.05.16	00:28:39.826		0.93541			4
2025.05.16	00:28:58.291		0.93540			4
2025.05.16	00:29:01.428	0.93428				2
2025.05.16	00:29:15.526		0.93538			4
2025.05.16	00:29:27.587		0.93541			4
2025.05.16	00:29:46.038		0.93540			4
2025.05.16	00:29:56.157		0.93541			4
2025.05.16	00:30:00.372	0.93423	0.93537			6
2025.05.16	00:30:15.225		0.93540			4
2025.05.16	00:30:15.554		0.93541			4
2025.05.16	00:30:19.935	0.93426				2
2025.05.16	00:30:20.939	0.93428				2
2025.05.16	00:30:21.937	0.93432				2
2025.05.16	00:30:22.425	0.93428				2
2025.05.16	00:30:22.936	0.93434				2
2025.05.16	00:30:36.437	0.93429				2
2025.05.16	00:30:41.485		0.93539			4
2025.05.16	00:30:46.038		0.93541			4
2025.05.16	00:30:48.112	0.93428				2
2025.05.16	00:30:51.242	0.93431	0.93540			6
2025.05.16	00:31:00.827	0.93431				2
2025.05.16	00:31:06.292	0.93427	0.93541			6
2025.05.16	00:31:12.540	0.93429	0.93538			6
2025.05.16	00:31:14.931	0.93430				2
2025.05.16	00:31:21.440	0.93429				2
2025.05.16	00:31:41.772	0.93422				2
2025.05.16	00:31:50.838	0.93421				2
2025.05.16	00:32:00.531	0.93421				2
2025.05.16	00:32:10.021	0.93426				2
2025.05.16	00:32:13.239		0.93538			4
2025.05.16	00:32:25.809	0.93418				2
2025.05.16	00:32:34.805	0.93424				2
2025.05.16	00:33:01.039	0.93424				2
2025.05.16	00:33:13.976		0.93538			4
2025.05.16	00:33:29.716	0.93426				2
2025.05.16	00:34:00.458	0.93426				2
2025.05.16	00:34:14.375		0.93538			4
2025.05.16	00:35:00.174	0.93426				2
2025.05.16	00:35:15.063		0.93538			4
2025.05.16	00:35:34.710	0.93423				2
2025.05.16	00:35:39.704	0.93426				2
2025.05.16	00:35:51.028	0.93419				2
2025.05.16	00:35:57.565	0.93420	0.93541			6
2025.05.16	00:35:59.549	0.93418	0.93532			6
2025.05.16	00:36:00.035	0.93418				2
2025.05.16	00:36:01.075		0.93541			4
2025.05.16	00:36:02.038		0.93540			4
2025.05.16	00:36:06.214		0.93542			4
2025.05.16	00:36:12.225	0.93419				2
2025.05.16	00:36:12.825	0.93428	0.93548			6
2025.05.16	00:36:13.848		0.93553			4
2025.05.16	00:36:27.825		0.93549			4
2025.05.16	00:36:31.391		0.93554			4
2025.05.16	00:36:32.023	0.93431	0.93555			6
2025.05.16	00:36:32.327		0.93558			4
2025.05.16	00:36:32.642	0.93437	0.93557			6
2025.05.16	00:36:32.950		0.93554			4
2025.05.16	00:36:36.323	0.93430	0.93555			6
2025.05.16	00:36:37.129	0.93434				2
2025.05.16	00:36:38.820	0.93437	0.93553			6
2025.05.16	00:36:47.130		0.93551			4
2025.05.16	00:36:56.329		0.93549			4
2025.05.16	00:36:56.851	0.93432	0.93547			6
2025.05.16	00:36:59.470		0.93548			4
2025.05.16	00:37:02.186	0.93432				2
2025.05.16	00:37:04.425		0.93547			4
2025.05.16	00:37:15.509		0.93536			4
2025.05.16	00:37:16.757		0.93547			4
2025.05.16	00:37:23.823		0.93545			4
2025.05.16	00:37:36.224	0.93439	0.93559			6
2025.05.16	00:37:44.025	0.93432				2
2025.05.16	00:38:00.527	0.93432				2
2025.05.16	00:38:12.680	0.93433				2
2025.05.16	00:38:15.346	0.93452				2
2025.05.16	00:38:16.466	0.93434				2
2025.05.16	00:38:17.595	0.93433				2
2025.05.16	00:38:18.431		0.93552			4
2025.05.16	00:38:20.325	0.93432				2
2025.05.16	00:38:38.823	0.93435				2
2025.05.16	00:38:43.999	0.93427				2
2025.05.16	00:38:48.840	0.93428				2
2025.05.16	00:38:50.362	0.93432				2
2025.05.16	00:38:55.304	0.93438	0.93563			6
2025.05.16	00:38:55.805	0.93437				2
2025.05.16	00:38:59.926	0.93436				2
2025.05.16	00:39:02.186	0.93436				2
2025.05.16	00:39:03.853	0.93437	0.93555			6
2025.05.16	00:39:08.725	0.93438				2
2025.05.16	00:39:15.799		0.93570			4
2025.05.16	00:39:16.726	0.93439				2
2025.05.16	00:39:17.108	0.93442				2
2025.05.16	00:39:19.757	0.93443				2
2025.05.16	00:39:21.218		0.93591			4
2025.05.16	00:39:21.550	0.93441				2
2025.05.16	00:39:23.314	0.93439				2
2025.05.16	00:39:23.766	0.93438				2
2025.05.16	00:39:24.212	0.93436				2
2025.05.16	00:39:26.191	0.93435				2
2025.05.16	00:39:27.809	0.93436				2
2025.05.16	00:39:28.667		0.93592			4
2025.05.16	00:39:30.788	0.93435				2
2025.05.16	00:39:39.342		0.93573			4
2025.05.16	00:39:46.040		0.93592			4
2025.05.16	00:40:00.370	0.93435				2
2025.05.16	00:40:07.899	0.93433	0.93574			6
2025.05.16	00:40:10.523	0.93435	0.93571			6
2025.05.16	00:40:13.670	0.93433	0.93557			6
2025.05.16	00:40:15.831		0.93574			4
2025.05.16	00:40:39.527	0.93434				2
2025.05.16	00:40:44.329	0.93433				2
2025.05.16	00:40:46.044		0.93557			4
2025.05.16	00:40:47.326	0.93434				2
2025.05.16	00:40:51.028		0.93574			4
2025.05.16	00:40:52.877	0.93433	0.93549			6
2025.05.16	00:41:00.411	0.93433				2
2025.05.16	00:41:08.274	0.93425	0.93599			6
2025.05.16	00:41:10.212	0.93427				2
2025.05.16	00:41:12.293	0.93440				2
2025.05.16	00:41:27.226	0.93446				2
2025.05.16	00:41:28.193	0.93451				2
2025.05.16	00:41:28.760	0.93453				2
2025.05.16	00:41:31.605	0.93454				2
2025.05.16	00:41:47.069	0.93453				2
2025.05.16	00:41:50.434	0.93452				2
2025.05.16	00:41:54.922	0.93454				2
2025.05.16	00:41:58.187	0.93452				2
2025.05.16	00:41:58.596	0.93450				2
2025.05.16	00:41:58.995	0.93449				2
2025.05.16	00:42:00.007	0.93449				2
2025.05.16	00:42:00.318	0.93445				2
2025.05.16	00:42:00.620	0.93448				2
2025.05.16	00:42:01.726	0.93453				2
2025.05.16	00:42:02.044	0.93452				2
2025.05.16	00:42:04.500	0.93451				2
2025.05.16	00:42:08.276		0.93599			4
2025.05.16	00:42:10.581	0.93442				2
2025.05.16	00:42:11.726	0.93451				2
2025.05.16	00:42:19.425	0.93452				2
2025.05.16	00:42:41.626	0.93451				2
2025.05.16	00:43:00.357	0.93451				2
2025.05.16	00:43:08.276		0.93599			4
2025.05.16	00:43:11.735	0.93452				2
2025.05.16	00:43:17.024	0.93453				2
2025.05.16	00:43:18.504	0.93452				2
2025.05.16	00:43:26.738	0.93442				2
2025.05.16	00:43:46.741	0.93429				2
2025.05.16	00:43:48.858	0.93523	0.93641			6
2025.05.16	00:43:50.135	0.93525				2
2025.05.16	00:43:54.136	0.93438	0.93632			6
2025.05.16	00:43:55.844		0.93630			4
2025.05.16	00:44:00.335	0.93438	0.93628			6
2025.05.16	00:44:13.241		0.93625			4
2025.05.16	00:44:32.074	0.93415	0.93642			6
2025.05.16	00:44:41.779	0.93414				2
2025.05.16	00:44:47.241	0.93411	0.93639			6
2025.05.16	00:44:49.970	0.93412	0.93638			6
2025.05.16	00:45:00.287	0.93412				2
2025.05.16	00:45:01.803		0.93639			4
2025.05.16	00:45:03.318	0.93411				2
2025.05.16	00:45:08.638	0.93429	0.93621			6
2025.05.16	00:45:12.876	0.93428	0.93622			6
2025.05.16	00:45:19.549		0.93623			4
2025.05.16	00:45:27.436	0.93427				2
2025.05.16	00:45:31.376		0.93624			4
2025.05.16	00:45:41.386	0.93426				2
2025.05.16	00:45:44.416		0.93625			4
2025.05.16	00:45:47.449	0.93427	0.93626			6
2025.05.16	00:45:48.057	0.93426	0.93625			6
2025.05.16	00:45:52.609	0.93424	0.93624			6
2025.05.16	00:45:55.037	0.93428	0.93628			6
2025.05.16	00:45:56.251	0.93429	0.93630			6
2025.05.16	00:46:00.193	0.93429				2
2025.05.16	00:46:14.149	0.93427	0.93629			6
2025.05.16	00:46:18.090	0.93458	0.93590			6
2025.05.16	00:46:28.100	0.93459	0.93587			6
2025.05.16	00:46:45.696		0.93589			4
2025.05.16	00:47:08.386	0.93459				2
2025.05.16	00:47:28.091	0.93458	0.93593			6
2025.05.16	00:48:00.646	0.93454	0.93638			6
2025.05.16	00:48:01.119		0.93632			4
2025.05.16	00:48:01.618	0.93456	0.93617			6
2025.05.16	00:48:02.136	0.93453	0.93642			6
2025.05.16	00:48:02.618		0.93648			4
2025.05.16	00:48:08.159		0.93646			4
2025.05.16	00:48:09.893	0.93454	0.93635			6
2025.05.16	00:48:11.434		0.93634			4
2025.05.16	00:48:16.754	0.93456				2
2025.05.16	00:48:48.013		0.93638			4
2025.05.16	00:49:05.366	0.93456				2
2025.05.16	00:49:09.913		0.93640			4
2025.05.16	00:49:16.757	0.93464	0.93635			6
2025.05.16	00:49:18.264	0.93462	0.93629			6
2025.05.16	00:49:20.881	0.93458	0.93622			6
2025.05.16	00:49:21.379	0.93459	0.93620			6
2025.05.16	00:49:21.880	0.93458	0.93616			6
2025.05.16	00:49:22.379	0.93459	0.93612			6
2025.05.16	00:49:38.056	0.93458				2
2025.05.16	00:49:51.641	0.93463				2
2025.05.16	00:49:55.699	0.93466	0.93611			6
2025.05.16	00:50:10.037	0.93459				2
2025.05.16	00:50:31.174	0.93444	0.93640			6
2025.05.16	00:51:00.535	0.93444				2
2025.05.16	00:51:19.342	0.93462	0.93611			6
2025.05.16	00:51:22.890	0.93443	0.93639			6
2025.05.16	00:52:01.026	0.93443				2
2025.05.16	00:52:23.024		0.93639			4
2025.05.16	00:53:00.235	0.93443				2
2025.05.16	00:53:23.490	0.93455	0.93611			6
2025.05.16	00:54:06.707	0.93455				2
2025.05.16	00:54:30.747		0.93611			4
2025.05.16	00:55:00.414	0.93490				2
2025.05.16	00:55:00.873	0.93492				2
2025.05.16	00:55:03.556	0.93493				2
2025.05.16	00:55:04.538	0.93487				2
2025.05.16	00:55:07.560	0.93510				2
2025.05.16	00:55:08.373		0.93610			4
2025.05.16	00:55:08.711	0.93511				2
2025.05.16	00:55:15.009	0.93514				2
2025.05.16	00:55:16.010	0.93512				2
2025.05.16	00:55:16.880	0.93437	0.93629			6
2025.05.16	00:55:17.822	0.93445	0.93623			6
2025.05.16	00:55:26.822	0.93437	0.93629			6
2025.05.16	00:56:01.125	0.93437				2
2025.05.16	00:56:16.868	0.93435	0.93627			6
2025.05.16	00:56:17.185	0.93434	0.93628			6
2025.05.16	00:56:17.624	0.93433				2
2025.05.16	00:56:26.627	0.93434				2
2025.05.16	00:56:32.140	0.93437	0.93627			6
2025.05.16	00:56:36.966	0.93447	0.93626			6
2025.05.16	00:57:00.837	0.93447				2
2025.05.16	00:57:01.432	0.93456	0.93617			6
2025.05.16	00:57:41.929	0.93458				2
2025.05.16	00:57:43.131	0.93459				2
2025.05.16	00:57:45.127	0.93461				2
2025.05.16	00:57:47.039	0.93462				2
2025.05.16	00:57:49.066	0.93463				2
2025.05.16	00:57:50.016	0.93461				2
2025.05.16	00:57:51.950	0.93462				2
2025.05.16	00:57:58.132	0.93463				2
2025.05.16	00:57:58.639	0.93468				2
2025.05.16	00:57:58.938	0.93470				2
2025.05.16	00:58:00.534	0.93470				2
2025.05.16	00:58:01.609		0.93617			4
2025.05.16	00:58:04.425	0.93471				2
2025.05.16	00:58:17.329	0.93472				2
2025.05.16	00:58:26.803	0.93473				2
2025.05.16	00:58:34.726	0.93469				2
2025.05.16	00:58:41.344	0.93491				2
2025.05.16	00:58:42.751	0.93470				2
2025.05.16	00:58:43.193	0.93468				2
2025.05.16	00:58:43.749	0.93470				2
2025.05.16	00:58:51.026	0.93471				2
2025.05.16	00:58:55.470	0.93475				2
2025.05.16	00:58:55.883	0.93476				2
2025.05.16	00:58:58.125	0.93477				2
2025.05.16	00:59:00.736	0.93477				2
2025.05.16	00:59:01.989		0.93632			4
2025.05.16	00:59:06.318	0.93474	0.93635			6
2025.05.16	00:59:10.125	0.93475				2
2025.05.16	00:59:11.627		0.93634			4
2025.05.16	00:59:30.225	0.93476				2
2025.05.16	00:59:31.431		0.93633			4
2025.05.16	00:59:36.734	0.93466	0.93643			6
2025.05.16	00:59:37.454	0.93468	0.93641			6
2025.05.16	00:59:38.425	0.93473	0.93636			6
2025.05.16	00:59:38.732	0.93474	0.93635			6
2025.05.16	00:59:39.040	0.93469	0.93640			6
2025.05.16	00:59:39.343	0.93467	0.93642			6
2025.05.16	00:59:45.230		0.93631			4
2025.05.16	01:00:00.315	0.93460	0.93609			6
2025.05.16	01:00:00.617	0.93461	0.93610			6
2025.05.16	01:00:00.959	0.93459	0.93607			6
2025.05.16	01:00:01.294	0.93452	0.93614			6
2025.05.16	01:00:01.599	0.93460	0.93607			6
2025.05.16	01:00:02.262	0.93450	0.93603			6
2025.05.16	01:00:02.905	0.93451	0.93604			6
2025.05.16	01:00:03.210	0.93437	0.93586			6
2025.05.16	01:00:03.512	0.93439	0.93587			6
2025.05.16	01:00:03.814	0.93432	0.93577			6
2025.05.16	01:00:04.118	0.93435	0.93580			6
2025.05.16	01:00:05.027	0.93476	0.93531			6
2025.05.16	01:00:17.265	0.93469				2
2025.05.16	01:00:17.573	0.93480	0.93520			6
2025.05.16	01:00:18.774	0.93487				2
2025.05.16	01:00:20.184	0.93478	0.93521			6
2025.05.16	01:00:26.325	0.93489	0.93524			6
2025.05.16	01:00:31.887	0.93488	0.93556			6
2025.05.16	01:00:32.203		0.93541			4
2025.05.16	01:00:35.540	0.93489	0.93525			6
2025.05.16	01:01:00.294	0.93492	0.93537			6
2025.05.16	01:01:00.628	0.93493				2
2025.05.16	01:01:01.441	0.93492				2
2025.05.16	01:01:13.427	0.93489				2
2025.05.16	01:01:14.084	0.93488				2
2025.05.16	01:01:16.362	0.93499				2
2025.05.16	01:01:16.732	0.93488				2
2025.05.16	01:01:17.629	0.93489				2
2025.05.16	01:01:19.953	0.93488	0.93529			6
2025.05.16	01:01:20.358		0.93537			4
2025.05.16	01:01:30.228		0.93535			4
2025.05.16	01:01:31.572	0.93476	0.93522			6
2025.05.16	01:01:36.071	0.93485	0.93525			6
2025.05.16	01:01:55.488		0.93516			4
2025.05.16	01:01:56.248		0.93515			4
2025.05.16	01:02:00.365	0.93485	0.93513			6
2025.05.16	01:02:02.380		0.93514			4
2025.05.16	01:02:02.708		0.93511			4
2025.05.16	01:02:06.234		0.93525			4
2025.05.16	01:02:31.380	0.93503				2
2025.05.16	01:02:32.047	0.93508				2
2025.05.16	01:02:32.429	0.93507				2
2025.05.16	01:02:35.161	0.93505				2
2025.05.16	01:02:36.673	0.93502				2
2025.05.16	01:02:38.124	0.93505				2
2025.05.16	01:02:39.197	0.93502				2
2025.05.16	01:02:40.725	0.93505				2
2025.05.16	01:02:44.273	0.93504	0.93524			6
2025.05.16	01:02:44.929	0.93490				2
2025.05.16	01:02:45.509	0.93503				2
2025.05.16	01:02:46.353	0.93504				2
2025.05.16	01:02:48.395	0.93490	0.93523			6
2025.05.16	01:02:48.706	0.93486	0.93526			6
2025.05.16	01:02:49.159	0.93506				2
2025.05.16	01:02:50.829	0.93488				2
2025.05.16	01:02:51.608	0.93506				2
2025.05.16	01:02:52.124	0.93488				2
2025.05.16	01:02:52.549	0.93503				2
2025.05.16	01:02:52.924	0.93506				2
2025.05.16	01:02:55.801	0.93488				2
2025.05.16	01:02:56.297	0.93508	0.93520			6
2025.05.16	01:02:56.610	0.93489				2
2025.05.16	01:02:56.915	0.93506				2
2025.05.16	01:02:57.250	0.93489				2
2025.05.16	01:02:57.767	0.93505				2
2025.05.16	01:02:58.532	0.93510				2
2025.05.16	01:02:58.859	0.93508				2
2025.05.16	01:02:59.366	0.93510				2
2025.05.16	01:03:00.092	0.93507				2
2025.05.16	01:03:01.099	0.93506				2
2025.05.16	01:03:02.300	0.93507				2
2025.05.16	01:03:03.826		0.93529			4
2025.05.16	01:03:04.143		0.93521			4
2025.05.16	01:03:13.509	0.93508				2
2025.05.16	01:03:14.030		0.93532			4
2025.05.16	01:03:14.342	0.93512	0.93528			6
2025.05.16	01:03:14.665		0.93526			4
2025.05.16	01:03:16.855	0.93507				2
2025.05.16	01:03:17.161	0.93508				2
2025.05.16	01:03:17.542	0.93507				2
2025.05.16	01:03:17.927	0.93508	0.93524			6
2025.05.16	01:03:18.282		0.93526			4
2025.05.16	01:03:18.719	0.93506	0.93525			6
2025.05.16	01:03:19.337	0.93507				2
2025.05.16	01:03:21.976	0.93510	0.93524			6
2025.05.16	01:03:22.362	0.93508				2
2025.05.16	01:03:23.765	0.93507				2
2025.05.16	01:03:24.095	0.93508				2
2025.05.16	01:03:26.030	0.93506				2
2025.05.16	01:03:28.902		0.93525			4
2025.05.16	01:03:29.208	0.93507	0.93524			6
2025.05.16	01:03:30.018	0.93505				2
2025.05.16	01:03:30.415	0.93507	0.93523			6
2025.05.16	01:03:30.973	0.93503				2
2025.05.16	01:03:31.492	0.93507	0.93525			6
2025.05.16	01:03:32.118	0.93505				2
2025.05.16	01:03:37.429	0.93507				2
2025.05.16	01:03:39.823	0.93506				2
2025.05.16	01:03:40.878	0.93505				2
2025.05.16	01:03:41.614		0.93523			4
2025.05.16	01:03:41.928	0.93504				2
2025.05.16	01:03:42.452	0.93503				2
2025.05.16	01:03:44.509		0.93521			4
2025.05.16	01:03:44.820	0.93501				2
2025.05.16	01:03:46.871	0.93500				2
2025.05.16	01:03:51.698	0.93502				2
2025.05.16	01:03:52.411		0.93522			4
2025.05.16	01:03:53.306	0.93501	0.93519			6
2025.05.16	01:03:54.831		0.93518			4
2025.05.16	01:03:55.275	0.93499				2
2025.05.16	01:03:57.032	0.93498				2
2025.05.16	01:04:00.248	0.93502				2
2025.05.16	01:04:00.584	0.93503	0.93519			6
2025.05.16	01:04:00.909	0.93502	0.93520			6
2025.05.16	01:04:01.265	0.93503	0.93519			6
2025.05.16	01:04:01.609	0.93502				2
2025.05.16	01:04:01.961	0.93501				2
2025.05.16	01:04:02.279	0.93502				2
2025.05.16	01:04:04.129	0.93501	0.93518			6
2025.05.16	01:04:04.444	0.93484	0.93513			6
2025.05.16	01:04:04.824	0.93488	0.93517			6
2025.05.16	01:04:06.348		0.93520			4
2025.05.16	01:04:10.428		0.93519			4
2025.05.16	01:04:18.349		0.93518			4
2025.05.16	01:04:19.017		0.93519			4
2025.05.16	01:04:19.553	0.93492	0.93520			6
2025.05.16	01:04:19.863		0.93521			4
2025.05.16	01:04:20.326		0.93522			4
2025.05.16	01:04:22.298	0.93493				2
2025.05.16	01:04:24.684	0.93492				2
2025.05.16	01:04:26.118	0.93495				2
2025.05.16	01:04:26.421	0.93493				2
2025.05.16	01:04:28.370	0.93490	0.93519			6
2025.05.16	01:04:28.697		0.93518			4
2025.05.16	01:04:35.027	0.93489				2
2025.05.16	01:04:38.486		0.93520			4
2025.05.16	01:04:41.327		0.93519			4
2025.05.16	01:04:43.599		0.93518			4
2025.05.16	01:04:52.127		0.93517			4
2025.05.16	01:04:53.268	0.93491				2
2025.05.16	01:04:53.588		0.93519			4
2025.05.16	01:04:55.129		0.93520			4
2025.05.16	01:04:58.426		0.93519			4
2025.05.16	01:05:00.367	0.93491				2
2025.05.16	01:05:08.473	0.93490	0.93516			6
2025.05.16	01:05:08.927		0.93515			4
2025.05.16	01:05:20.329	0.93491				2
2025.05.16	01:05:26.966	0.93488	0.93514			6
2025.05.16	01:05:28.379		0.93515			4
2025.05.16	01:05:40.363	0.93487	0.93514			6
2025.05.16	01:05:43.747		0.93513			4
2025.05.16	01:05:44.767		0.93512			4
2025.05.16	01:05:45.263	0.93486				2
2025.05.16	01:05:45.632	0.93483	0.93509			6
2025.05.16	01:05:50.134	0.93486	0.93511			6
2025.05.16	01:05:50.626		0.93513			4
2025.05.16	01:05:52.278	0.93485				2
2025.05.16	01:05:59.928		0.93512			4
2025.05.16	01:06:00.357	0.93485				2
2025.05.16	01:06:01.126	0.93486				2
2025.05.16	01:06:02.172	0.93485	0.93509			6
2025.05.16	01:06:20.326	0.93484	0.93508			6
2025.05.16	01:06:20.641		0.93507			4
2025.05.16	01:06:21.009		0.93506			4
2025.05.16	01:06:21.446	0.93481	0.93504			6
2025.05.16	01:06:25.130		0.93506			4
2025.05.16	01:06:34.904	0.93480				2
2025.05.16	01:06:35.328		0.93505			4
2025.05.16	01:06:35.651		0.93506			4
2025.05.16	01:06:45.829	0.93483				2
2025.05.16	01:06:51.811	0.93479	0.93504			6
2025.05.16	01:06:52.351		0.93503			4
2025.05.16	01:06:57.041		0.93505			4
2025.05.16	01:06:57.465	0.93481				2
2025.05.16	01:07:00.458	0.93481				2
2025.05.16	01:07:02.026	0.93478	0.93506			6
2025.05.16	01:07:02.337		0.93504			4
2025.05.16	01:07:09.827	0.93477				2
2025.05.16	01:07:10.138		0.93502			4
2025.05.16	01:07:12.066		0.93504			4
2025.05.16	01:07:13.754		0.93499			4
2025.05.16	01:07:14.088		0.93505			4
2025.05.16	01:07:18.571		0.93504			4
2025.05.16	01:07:20.691	0.93478				2
2025.05.16	01:07:21.825		0.93503			4
2025.05.16	01:07:28.042	0.93474	0.93498			6
2025.05.16	01:07:29.628		0.93497			4
2025.05.16	01:07:44.962	0.93475	0.93498			6
2025.05.16	01:08:00.084	0.93475				2
2025.05.16	01:08:18.366	0.93474				2
2025.05.16	01:08:29.333		0.93497			4
2025.05.16	01:08:32.288	0.93475	0.93500			6
2025.05.16	01:08:40.726		0.93499			4
2025.05.16	01:08:45.826	0.93478	0.93501			6
2025.05.16	01:08:59.213	0.93480	0.93504			6
2025.05.16	01:09:00.259	0.93480				2
2025.05.16	01:09:00.583	0.93483	0.93507			6
2025.05.16	01:09:00.886		0.93506			4
2025.05.16	01:09:03.374	0.93479	0.93503			6
2025.05.16	01:09:06.827		0.93501			4
2025.05.16	01:09:13.423	0.93485	0.93508			6
2025.05.16	01:09:15.309	0.93480	0.93503			6
2025.05.16	01:09:17.925		0.93504			4
2025.05.16	01:09:18.944	0.93485	0.93508			6
2025.05.16	01:09:19.555	0.93482	0.93506			6
2025.05.16	01:09:20.025		0.93505			4
2025.05.16	01:09:21.227	0.93483				2
2025.05.16	01:09:22.193	0.93485	0.93507			6
2025.05.16	01:09:23.027		0.93506			4
2025.05.16	01:09:23.390	0.93484				2
2025.05.16	01:09:24.353	0.93483	0.93505			6
2025.05.16	01:09:25.542		0.93504			4
2025.05.16	01:09:29.365	0.93480				2
2025.05.16	01:09:29.926		0.93503			4
2025.05.16	01:09:38.797		0.93504			4
2025.05.16	01:09:40.438		0.93503			4
2025.05.16	01:09:41.957	0.93481	0.93504			6
2025.05.16	01:09:51.478	0.93480	0.93505			6
2025.05.16	01:09:51.804	0.93481	0.93504			6
2025.05.16	01:10:00.382	0.93480	0.93503			6
2025.05.16	01:10:05.976		0.93502			4
2025.05.16	01:10:06.911		0.93503			4
2025.05.16	01:10:13.125	0.93481	0.93504			6
2025.05.16	01:10:18.527	0.93480	0.93503			6
2025.05.16	01:10:20.119	0.93481	0.93504			6
2025.05.16	01:10:20.421	0.93480	0.93500			6
2025.05.16	01:10:21.264	0.93476	0.93499			6
2025.05.16	01:10:21.584	0.93478	0.93500			6
2025.05.16	01:10:24.933		0.93501			4
2025.05.16	01:10:25.256	0.93479				2
2025.05.16	01:10:32.349		0.93500			4
2025.05.16	01:10:37.909	0.93480				2
2025.05.16	01:10:42.283	0.93476	0.93498			6
2025.05.16	01:10:45.226		0.93497			4
2025.05.16	01:10:45.830	0.93478				2
2025.05.16	01:10:46.141	0.93476	0.93498			6
2025.05.16	01:11:01.266	0.93476				2
2025.05.16	01:11:23.783	0.93477				2
2025.05.16	01:11:24.826		0.93499			4
2025.05.16	01:11:29.529		0.93498			4
2025.05.16	01:11:31.622	0.93476				2
2025.05.16	01:11:32.625	0.93477				2
2025.05.16	01:11:32.941	0.93479	0.93501			6
2025.05.16	01:11:45.398	0.93481	0.93504			6
2025.05.16	01:11:45.829	0.93483				2
2025.05.16	01:11:48.561	0.93482				2
2025.05.16	01:11:49.127	0.93481	0.93502			6
2025.05.16	01:11:53.100	0.93488	0.93508			6
2025.05.16	01:11:53.423	0.93484	0.93505			6
2025.05.16	01:11:55.745	0.93483				2
2025.05.16	01:11:56.327	0.93482	0.93504			6
2025.05.16	01:12:00.525	0.93482				2
2025.05.16	01:12:03.392	0.93483				2
2025.05.16	01:12:11.238	0.93482				2
2025.05.16	01:12:11.628		0.93503			4
2025.05.16	01:12:12.477	0.93484	0.93505			6
2025.05.16	01:12:13.162	0.93483	0.93504			6
2025.05.16	01:12:13.558	0.93484	0.93505			6
2025.05.16	01:12:19.733	0.93483				2
2025.05.16	01:12:20.046	0.93484				2
2025.05.16	01:12:22.427		0.93504			4
2025.05.16	01:12:23.118	0.93483				2
2025.05.16	01:12:26.932	0.93482	0.93503			6
2025.05.16	01:12:43.931	0.93483				2
2025.05.16	01:12:45.078		0.93504			4
2025.05.16	01:12:53.998	0.93485	0.93505			6
2025.05.16	01:13:00.827	0.93485				2
2025.05.16	01:13:09.864	0.93488	0.93509			6
2025.05.16	01:13:10.203	0.93486				2
2025.05.16	01:13:10.725	0.93487				2
2025.05.16	01:13:13.516	0.93486	0.93506			6
2025.05.16	01:13:14.528		0.93505			4
2025.05.16	01:13:15.391		0.93506			4
2025.05.16	01:13:17.027		0.93505			4
2025.05.16	01:13:18.124		0.93507			4
2025.05.16	01:13:18.529	0.93490	0.93511			6
2025.05.16	01:13:18.910	0.93487	0.93508			6
2025.05.16	01:13:20.328	0.93493	0.93511			6
2025.05.16	01:13:22.843		0.93513			4
2025.05.16	01:13:24.339		0.93514			4
2025.05.16	01:13:26.325		0.93512			4
2025.05.16	01:13:34.472		0.93513			4
2025.05.16	01:13:37.498		0.93510			4
2025.05.16	01:13:38.024		0.93509			4
2025.05.16	01:13:38.351		0.93510			4
2025.05.16	01:13:44.647		0.93508			4
2025.05.16	01:14:02.351	0.93493				2
2025.05.16	01:14:14.495		0.93507			4
2025.05.16	01:14:17.325	0.93488				2
2025.05.16	01:14:17.708		0.93506			4
2025.05.16	01:14:24.591		0.93504			4
2025.05.16	01:14:24.914	0.93485	0.93505			6
2025.05.16	01:14:25.349	0.93484	0.93504			6
2025.05.16	01:14:27.831	0.93485	0.93505			6
2025.05.16	01:14:33.992	0.93486				2
2025.05.16	01:14:34.785	0.93483	0.93502			6
2025.05.16	01:14:36.227		0.93503			4
2025.05.16	01:14:37.727		0.93502			4
2025.05.16	01:14:40.127	0.93481	0.93501			6
2025.05.16	01:14:41.880	0.93479	0.93499			6
2025.05.16	01:14:42.559	0.93480	0.93500			6
2025.05.16	01:14:49.040	0.93479	0.93499			6
2025.05.16	01:14:51.677		0.93498			4
2025.05.16	01:14:52.729		0.93499			4
2025.05.16	01:14:55.345	0.93478	0.93500			6
2025.05.16	01:14:55.727	0.93481				2
2025.05.16	01:14:56.408	0.93480	0.93499			6
2025.05.16	01:15:00.462	0.93480				2
2025.05.16	01:15:14.937	0.93479	0.93498			6
2025.05.16	01:15:15.625		0.93500			4
2025.05.16	01:15:15.988	0.93481				2
2025.05.16	01:15:16.911	0.93480	0.93499			6
2025.05.16	01:15:17.374	0.93479	0.93498			6
2025.05.16	01:15:22.369	0.93478	0.93500			6
2025.05.16	01:15:22.679	0.93483	0.93502			6
2025.05.16	01:15:22.984	0.93482	0.93501			6
2025.05.16	01:15:23.306	0.93480	0.93499			6
2025.05.16	01:15:24.753		0.93504			4
2025.05.16	01:15:25.061	0.93485	0.93505			6
2025.05.16	01:15:25.673	0.93486				2
2025.05.16	01:15:25.993	0.93485	0.93506			6
2025.05.16	01:15:26.309		0.93505			4
2025.05.16	01:15:26.636		0.93504			4
2025.05.16	01:15:27.023		0.93505			4
2025.05.16	01:15:34.728	0.93484				2
2025.05.16	01:15:35.509	0.93489	0.93508			6
2025.05.16	01:15:36.679		0.93507			4
2025.05.16	01:15:40.685		0.93508			4
2025.05.16	01:15:42.757		0.93507			4
2025.05.16	01:15:43.792		0.93508			4
2025.05.16	01:15:44.102	0.93487	0.93507			6
2025.05.16	01:15:44.433	0.93486	0.93509			6
2025.05.16	01:15:44.830	0.93488	0.93508			6
2025.05.16	01:15:45.206	0.93487				2
2025.05.16	01:15:56.230		0.93507			4
2025.05.16	01:16:00.367	0.93487				2
2025.05.16	01:16:02.448	0.93488				2
2025.05.16	01:16:04.355		0.93508			4
2025.05.16	01:16:04.658	0.93487	0.93497			6
2025.05.16	01:16:05.306	0.93488	0.93499			6
2025.05.16	01:16:05.698	0.93487	0.93507			6
2025.05.16	01:16:06.377	0.93491				2
2025.05.16	01:16:06.708	0.93487	0.93499			6
2025.05.16	01:16:07.779	0.93488	0.93508			6
2025.05.16	01:16:08.230	0.93491				2
2025.05.16	01:16:08.705	0.93488				2
2025.05.16	01:16:15.940	0.93487	0.93507			6
2025.05.16	01:16:16.949	0.93488	0.93508			6
2025.05.16	01:16:17.866	0.93487	0.93507			6
2025.05.16	01:16:18.187	0.93488				2
2025.05.16	01:16:18.830	0.93487	0.93509			6
2025.05.16	01:16:19.150	0.93488	0.93507			6
2025.05.16	01:16:19.726	0.93487				2
2025.05.16	01:16:21.095	0.93488	0.93508			6
2025.05.16	01:16:21.433	0.93487				2
2025.05.16	01:16:23.147	0.93488	0.93507			6
2025.05.16	01:16:26.576	0.93487				2
2025.05.16	01:16:28.900	0.93485	0.93505			6
2025.05.16	01:16:29.220	0.93488	0.93506			6
2025.05.16	01:16:30.162	0.93487	0.93505			6
2025.05.16	01:16:39.217	0.93486				2
2025.05.16	01:16:39.521	0.93487				2
2025.05.16	01:16:40.356	0.93486	0.93506			6
2025.05.16	01:16:40.711	0.93487	0.93505			6
2025.05.16	01:16:46.252	0.93488	0.93506			6
2025.05.16	01:16:47.789	0.93489				2
2025.05.16	01:16:55.183	0.93483	0.93502			6
2025.05.16	01:16:56.554	0.93484				2
2025.05.16	01:16:57.294	0.93482	0.93503			6
2025.05.16	01:16:57.656	0.93484	0.93502			6
2025.05.16	01:17:00.356	0.93482	0.93503			6
2025.05.16	01:17:00.659	0.93484	0.93502			6
2025.05.16	01:17:07.851		0.93501			4
2025.05.16	01:17:08.997		0.93502			4
2025.05.16	01:17:26.726	0.93481				2
2025.05.16	01:17:27.032	0.93484				2
2025.05.16	01:17:33.453		0.93503			4
2025.05.16	01:17:33.762		0.93502			4
2025.05.16	01:17:38.293	0.93485	0.93504			6
2025.05.16	01:17:38.640	0.93484	0.93503			6
2025.05.16	01:17:40.720	0.93483	0.93500			6
2025.05.16	01:17:41.045		0.93501			4
2025.05.16	01:17:43.830	0.93482	0.93502			6
2025.05.16	01:17:44.326	0.93483	0.93501			6
2025.05.16	01:17:47.926	0.93480				2
2025.05.16	01:17:48.826	0.93483				2
2025.05.16	01:17:49.409	0.93482				2
2025.05.16	01:17:50.442	0.93483				2
2025.05.16	01:17:51.477	0.93482				2
2025.05.16	01:17:53.109	0.93481				2
2025.05.16	01:17:53.998	0.93479	0.93499			6
2025.05.16	01:17:54.299	0.93478				2
2025.05.16	01:17:55.282		0.93498			4
2025.05.16	01:17:56.290	0.93484	0.93501			6
2025.05.16	01:17:56.928		0.93502			4
2025.05.16	01:17:57.263	0.93486	0.93503			6
2025.05.16	01:17:57.580	0.93485				2
2025.05.16	01:17:58.013	0.93482				2
2025.05.16	01:17:58.487	0.93483	0.93502			6
2025.05.16	01:18:00.432	0.93483				2
2025.05.16	01:18:01.806		0.93503			4
2025.05.16	01:18:02.504		0.93502			4
2025.05.16	01:18:03.224		0.93503			4
2025.05.16	01:18:03.537		0.93502			4
2025.05.16	01:18:04.350	0.93482	0.93503			6
2025.05.16	01:18:04.701	0.93483	0.93502			6
2025.05.16	01:18:06.586	0.93484				2
2025.05.16	01:18:07.438	0.93483				2
2025.05.16	01:18:08.632	0.93484	0.93501			6
2025.05.16	01:18:12.804		0.93502			4
2025.05.16	01:18:13.840		0.93501			4
2025.05.16	01:18:14.871		0.93502			4
2025.05.16	01:18:15.907		0.93501			4
2025.05.16	01:18:27.150	0.93486	0.93503			6
2025.05.16	01:18:28.115	0.93484	0.93501			6
2025.05.16	01:18:34.204		0.93502			4
2025.05.16	01:18:35.398		0.93501			4
2025.05.16	01:18:39.407		0.93502			4
2025.05.16	01:18:40.132		0.93501			4
2025.05.16	01:18:43.106	0.93486	0.93505			6
2025.05.16	01:18:43.419	0.93487	0.93506			6
2025.05.16	01:18:43.738	0.93488	0.93507			6
2025.05.16	01:18:44.039	0.93489				2
2025.05.16	01:18:44.820	0.93488	0.93506			6
2025.05.16	01:18:48.288	0.93489				2
2025.05.16	01:18:50.025	0.93488				2
2025.05.16	01:18:50.340	0.93489				2
2025.05.16	01:18:53.463	0.93488				2
2025.05.16	01:18:54.359		0.93507			4
2025.05.16	01:18:54.680	0.93486	0.93503			6
2025.05.16	01:18:55.052	0.93482				2
2025.05.16	01:18:55.360	0.93485				2
2025.05.16	01:18:56.003	0.93483	0.93502			6
2025.05.16	01:18:56.714	0.93482				2
2025.05.16	01:18:57.029	0.93483				2
2025.05.16	01:18:57.625	0.93486	0.93504			6
2025.05.16	01:18:58.665	0.93485	0.93505			6
2025.05.16	01:18:58.968	0.93486	0.93504			6
2025.05.16	01:18:59.626	0.93485	0.93505			6
2025.05.16	01:19:00.008	0.93483	0.93503			6
2025.05.16	01:19:00.320	0.93484	0.93501			6
2025.05.16	01:19:01.332		0.93502			4
2025.05.16	01:19:02.350		0.93501			4
2025.05.16	01:19:07.996	0.93486	0.93504			6
2025.05.16	01:19:10.022	0.93485	0.93505			6
2025.05.16	01:19:10.369	0.93486	0.93504			6
2025.05.16	01:19:11.028	0.93485	0.93505			6
2025.05.16	01:19:11.406	0.93486	0.93504			6
2025.05.16	01:19:12.619	0.93485	0.93503			6
2025.05.16	01:19:13.066	0.93484	0.93502			6
2025.05.16	01:19:13.932		0.93503			4
2025.05.16	01:19:14.692	0.93486	0.93504			6
2025.05.16	01:19:16.310		0.93505			4
2025.05.16	01:19:16.661		0.93504			4
2025.05.16	01:19:18.094	0.93487	0.93505			6
2025.05.16	01:19:20.517	0.93485				2
2025.05.16	01:19:20.875	0.93488	0.93506			6
2025.05.16	01:19:21.330	0.93487				2
2025.05.16	01:19:21.657	0.93488				2
2025.05.16	01:19:25.186	0.93487				2
2025.05.16	01:19:25.493	0.93490	0.93507			6
2025.05.16	01:19:28.430	0.93489	0.93509			6
2025.05.16	01:19:28.741	0.93492	0.93510			6
2025.05.16	01:19:29.043		0.93511			4
2025.05.16	01:19:29.359		0.93510			4
2025.05.16	01:19:29.670	0.93491				2
2025.05.16	01:19:29.995	0.93489	0.93511			6
2025.05.16	01:19:30.299	0.93490	0.93509			6
2025.05.16	01:19:30.657	0.93488				2
2025.05.16	01:19:31.477	0.93489				2
2025.05.16	01:19:33.499	0.93488	0.93508			6
2025.05.16	01:19:37.694	0.93487				2
2025.05.16	01:19:39.767	0.93488				2
2025.05.16	01:19:47.024	0.93487	0.93506			6
2025.05.16	01:19:47.362	0.93486				2
2025.05.16	01:19:48.486	0.93488	0.93507			6
2025.05.16	01:19:49.223	0.93487				2
2025.05.16	01:19:55.963	0.93488				2
2025.05.16	01:19:56.990	0.93487	0.93508			6
2025.05.16	01:19:58.153		0.93507			4
2025.05.16	01:20:00.095	0.93487				2
2025.05.16	01:20:00.590		0.93506			4
2025.05.16	01:20:02.027		0.93507			4
2025.05.16	01:20:02.363		0.93506			4
2025.05.16	01:20:02.948		0.93507			4
2025.05.16	01:20:03.339		0.93506			4
2025.05.16	01:20:04.726		0.93507			4
2025.05.16	01:20:05.149		0.93506			4
2025.05.16	01:20:06.825		0.93507			4
2025.05.16	01:20:07.219		0.93506			4
2025.05.16	01:20:08.626		0.93507			4
2025.05.16	01:20:09.226		0.93506			4
2025.05.16	01:20:11.725		0.93507			4
2025.05.16	01:20:12.142		0.93506			4
2025.05.16	01:20:18.528	0.93488	0.93508			6
2025.05.16	01:20:22.083		0.93507			4
2025.05.16	01:20:22.522		0.93506			4
2025.05.16	01:20:23.011		0.93505			4
2025.05.16	01:20:30.225	0.93487				2
2025.05.16	01:20:32.871	0.93486	0.93504			6
2025.05.16	01:20:34.126	0.93485	0.93505			6
2025.05.16	01:20:34.727		0.93504			4
2025.05.16	01:20:35.064		0.93505			4
2025.05.16	01:20:35.626		0.93504			4
2025.05.16	01:20:36.037		0.93505			4
2025.05.16	01:20:36.826		0.93504			4
2025.05.16	01:20:39.133		0.93505			4
2025.05.16	01:20:39.525		0.93504			4
2025.05.16	01:20:41.283	0.93484	0.93505			6
2025.05.16	01:20:41.629	0.93486	0.93504			6
2025.05.16	01:20:42.397	0.93485				2
2025.05.16	01:20:43.769		0.93505			4
2025.05.16	01:20:48.839	0.93487	0.93506			6
2025.05.16	01:20:52.366	0.93486				2
2025.05.16	01:20:54.225	0.93487				2
2025.05.16	01:20:55.002	0.93486				2
2025.05.16	01:20:55.385		0.93507			4
2025.05.16	01:20:55.725	0.93487	0.93506			6
2025.05.16	01:20:58.920	0.93488				2
2025.05.16	01:20:59.383	0.93486	0.93505			6
2025.05.16	01:20:59.710		0.93506			4
2025.05.16	01:21:00.190	0.93486				2
2025.05.16	01:21:00.912	0.93488	0.93508			6
2025.05.16	01:21:01.542		0.93506			4
2025.05.16	01:21:03.228	0.93487				2
2025.05.16	01:21:03.827	0.93488				2
2025.05.16	01:21:06.199	0.93487				2
2025.05.16	01:21:07.216	0.93486				2
2025.05.16	01:21:07.810	0.93487				2
2025.05.16	01:21:28.727	0.93488				2
2025.05.16	01:21:29.712	0.93489	0.93508			6
2025.05.16	01:21:30.049	0.93491				2
2025.05.16	01:21:30.857	0.93490	0.93502			6
2025.05.16	01:21:31.784		0.93504			4
2025.05.16	01:21:37.614		0.93502			4
2025.05.16	01:21:38.705		0.93504			4
2025.05.16	01:21:51.341	0.93491				2
2025.05.16	01:21:53.900	0.93490				2
2025.05.16	01:21:54.749	0.93488	0.93502			6
2025.05.16	01:21:56.326	0.93489	0.93504			6
2025.05.16	01:21:57.383	0.93487	0.93500			6
2025.05.16	01:21:57.834	0.93486				2
2025.05.16	01:22:00.162	0.93487	0.93504			6
2025.05.16	01:22:00.526	0.93489				2
2025.05.16	01:22:01.051	0.93488				2
2025.05.16	01:22:01.425	0.93489				2
2025.05.16	01:22:02.045	0.93488	0.93502			6
2025.05.16	01:22:03.550		0.93504			4
2025.05.16	01:22:04.066		0.93502			4
2025.05.16	01:22:04.430	0.93489				2
2025.05.16	01:22:12.453	0.93488	0.93504			6
2025.05.16	01:22:15.559		0.93500			4
2025.05.16	01:22:16.603	0.93487	0.93502			6
2025.05.16	01:22:17.134		0.93500			4
2025.05.16	01:22:17.691	0.93489				2
2025.05.16	01:22:19.709	0.93488				2
2025.05.16	01:22:24.893	0.93489				2
2025.05.16	01:22:26.932	0.93488				2
2025.05.16	01:22:27.248	0.93491	0.93502			6
2025.05.16	01:22:36.243	0.93488	0.93504			6
2025.05.16	01:22:36.561	0.93489				2
2025.05.16	01:22:41.188	0.93490				2
2025.05.16	01:22:42.362	0.93491	0.93505			6
2025.05.16	01:22:57.005		0.93501			4
2025.05.16	01:22:57.369		0.93505			4
2025.05.16	01:22:58.405	0.93490	0.93503			6
2025.05.16	01:23:00.241	0.93490				2
2025.05.16	01:23:00.927	0.93491				2
2025.05.16	01:23:01.243	0.93493	0.93505			6
2025.05.16	01:23:01.608	0.93491	0.93503			6
2025.05.16	01:23:02.058	0.93490				2
2025.05.16	01:23:03.828	0.93491				2
2025.05.16	01:23:08.212		0.93505			4
2025.05.16	01:23:12.825	0.93489	0.93503			6
2025.05.16	01:23:17.899	0.93490				2
2025.05.16	01:23:18.641	0.93488	0.93499			6
2025.05.16	01:23:18.944		0.93498			4
2025.05.16	01:23:19.713	0.93489	0.93500			6
2025.05.16	01:23:20.194	0.93488	0.93499			6
2025.05.16	01:23:20.843	0.93489				2
2025.05.16	01:23:23.623	0.93488				2
2025.05.16	01:23:24.018	0.93489				2
2025.05.16	01:23:25.039	0.93488				2
2025.05.16	01:23:29.928	0.93487				2
2025.05.16	01:23:30.660	0.93489	0.93502			6
2025.05.16	01:23:31.001	0.93490	0.93501			6
2025.05.16	01:23:31.704		0.93502			4
2025.05.16	01:23:33.972	0.93489	0.93500			6
2025.05.16	01:23:36.172		0.93502			4
2025.05.16	01:23:45.614		0.93503			4
2025.05.16	01:23:50.964		0.93502			4
2025.05.16	01:23:51.786	0.93488	0.93499			6
2025.05.16	01:23:53.253	0.93490	0.93503			6
2025.05.16	01:23:54.066		0.93502			4
2025.05.16	01:23:54.382	0.93489				2
2025.05.16	01:23:55.547	0.93490				2
2025.05.16	01:23:56.335	0.93489	0.93501			6
2025.05.16	01:23:56.637	0.93490	0.93502			6
2025.05.16	01:23:59.285		0.93499			4
2025.05.16	01:23:59.600	0.93489	0.93502			6
2025.05.16	01:23:59.913		0.93499			4
2025.05.16	01:24:00.227	0.93489				2
2025.05.16	01:24:00.529	0.93488				2
2025.05.16	01:24:00.948	0.93489	0.93498			6
2025.05.16	01:24:01.268	0.93488				2
2025.05.16	01:24:03.040	0.93484	0.93499			6
2025.05.16	01:24:03.824	0.93485				2
2025.05.16	01:24:04.244		0.93500			4
2025.05.16	01:24:05.356	0.93487				2
2025.05.16	01:24:05.709	0.93486	0.93503			6
2025.05.16	01:24:06.067	0.93487				2
2025.05.16	01:24:07.845	0.93481	0.93493			6
2025.05.16	01:24:08.633	0.93480				2
2025.05.16	01:24:08.958	0.93481				2
2025.05.16	01:24:09.432	0.93484	0.93498			6
2025.05.16	01:24:09.738	0.93483				2
2025.05.16	01:24:10.055	0.93484				2
2025.05.16	01:24:10.902		0.93499			4
2025.05.16	01:24:12.177	0.93485	0.93500			6
2025.05.16	01:24:13.129	0.93486				2
2025.05.16	01:24:13.606	0.93485				2
2025.05.16	01:24:14.317	0.93482	0.93496			6
2025.05.16	01:24:14.623	0.93481	0.93493			6
2025.05.16	01:24:14.930	0.93480	0.93495			6
2025.05.16	01:24:15.282	0.93482	0.93498			6
2025.05.16	01:24:15.704		0.93499			4
2025.05.16	01:24:17.302	0.93480	0.93493			6
2025.05.16	01:24:17.616		0.93495			4
2025.05.16	01:24:18.449	0.93481				2
2025.05.16	01:24:18.943	0.93480				2
2025.05.16	01:24:23.522	0.93481				2
2025.05.16	01:24:25.409	0.93480				2
2025.05.16	01:24:34.125	0.93481				2
2025.05.16	01:24:35.173	0.93480				2
2025.05.16	01:24:36.804	0.93481				2
2025.05.16	01:24:37.220	0.93480				2
2025.05.16	01:24:49.014	0.93484	0.93500			6
2025.05.16	01:24:50.206	0.93485				2
2025.05.16	01:24:57.519	0.93486	0.93499			6
2025.05.16	01:25:00.376	0.93486				2
2025.05.16	01:25:02.039	0.93482	0.93496			6
2025.05.16	01:25:02.351	0.93481	0.93495			6
2025.05.16	01:25:03.127	0.93480				2
2025.05.16	01:25:05.326	0.93481				2
2025.05.16	01:25:07.378	0.93480				2
2025.05.16	01:25:07.728	0.93481				2
2025.05.16	01:25:08.350	0.93480				2
2025.05.16	01:25:08.926	0.93481				2
2025.05.16	01:25:09.275	0.93483	0.93497			6
2025.05.16	01:25:09.989	0.93480	0.93495			6
2025.05.16	01:25:12.352	0.93481				2
2025.05.16	01:25:14.375	0.93480				2
2025.05.16	01:25:16.379	0.93481				2
2025.05.16	01:25:17.151		0.93496			4
2025.05.16	01:25:19.725	0.93480	0.93497			6
2025.05.16	01:25:20.040	0.93483				2
2025.05.16	01:25:30.597		0.93498			4
2025.05.16	01:25:33.588	0.93484	0.93496			6
2025.05.16	01:25:33.901	0.93483				2
2025.05.16	01:25:39.830	0.93484				2
2025.05.16	01:25:47.748	0.93481	0.93494			6
2025.05.16	01:25:48.092	0.93479				2
2025.05.16	01:25:53.092	0.93480				2
2025.05.16	01:25:53.442	0.93479				2
2025.05.16	01:25:59.374	0.93480				2
2025.05.16	01:26:01.126	0.93479				2
2025.05.16	01:26:08.629	0.93480				2
2025.05.16	01:26:10.079	0.93481				2
2025.05.16	01:26:16.984		0.93495			4
2025.05.16	01:26:19.727	0.93480				2
2025.05.16	01:26:20.926	0.93479				2
2025.05.16	01:26:21.265	0.93480				2
2025.05.16	01:26:24.528	0.93481				2
2025.05.16	01:26:26.330	0.93480				2
2025.05.16	01:26:35.883	0.93481				2
2025.05.16	01:26:36.187	0.93480				2
2025.05.16	01:26:38.326	0.93481				2
2025.05.16	01:26:46.529	0.93480				2
2025.05.16	01:26:48.228	0.93481				2
2025.05.16	01:26:58.443	0.93482				2
2025.05.16	01:26:59.262	0.93481				2
2025.05.16	01:27:00.443	0.93483				2
2025.05.16	01:27:02.680		0.93497			4
2025.05.16	01:27:08.137	0.93481	0.93493			6
2025.05.16	01:27:08.443	0.93480				2
2025.05.16	01:27:10.127		0.93494			4
2025.05.16	01:27:17.376	0.93481	0.93492			6
2025.05.16	01:27:19.445	0.93479				2
2025.05.16	01:27:23.167		0.93493			4
2025.05.16	01:27:28.180		0.93492			4
2025.05.16	01:27:29.008	0.93478	0.93491			6
2025.05.16	01:27:30.230	0.93477				2
2025.05.16	01:27:37.370	0.93475	0.93490			6
2025.05.16	01:27:37.693	0.93476	0.93491			6
2025.05.16	01:27:38.025	0.93475				2
2025.05.16	01:27:40.460	0.93477				2
2025.05.16	01:27:48.870	0.93474	0.93487			6
2025.05.16	01:27:49.181	0.93473				2
2025.05.16	01:27:50.276	0.93474				2
2025.05.16	01:27:50.928	0.93473				2
2025.05.16	01:27:56.324	0.93474				2
2025.05.16	01:28:00.018	0.93474				2
2025.05.16	01:28:05.023	0.93479	0.93494			6
2025.05.16	01:28:05.456	0.93480				2
2025.05.16	01:28:16.525	0.93479				2
2025.05.16	01:28:20.445	0.93478	0.93492			6
2025.05.16	01:28:21.834	0.93479	0.93495			6
2025.05.16	01:28:22.351	0.93480				2
2025.05.16	01:28:33.229	0.93479				2
2025.05.16	01:28:34.652		0.93493			4
2025.05.16	01:28:36.827	0.93478				2
2025.05.16	01:28:38.626	0.93479				2
2025.05.16	01:28:41.627	0.93478				2
2025.05.16	01:28:42.446	0.93481	0.93495			6
2025.05.16	01:28:44.026	0.93480				2
2025.05.16	01:28:54.743		0.93496			4
2025.05.16	01:28:55.725	0.93481				2
2025.05.16	01:29:02.165	0.93480				2
2025.05.16	01:29:03.825	0.93481				2
2025.05.16	01:29:30.225	0.93480				2
2025.05.16	01:29:36.912	0.93479				2
2025.05.16	01:29:39.712	0.93480				2
2025.05.16	01:29:50.741		0.93493			4
2025.05.16	01:29:52.002	0.93479				2
2025.05.16	01:29:58.444	0.93480				2
2025.05.16	01:30:00.467	0.93480				2
2025.05.16	01:30:02.207	0.93484	0.93490			6
2025.05.16	01:30:04.677	0.93480	0.93493			6
2025.05.16	01:30:19.025	0.93483	0.93497			6
2025.05.16	01:30:19.329		0.93500			4
2025.05.16	01:30:20.326	0.93484				2
2025.05.16	01:30:21.526	0.93483				2
2025.05.16	01:30:27.116		0.93498			4
2025.05.16	01:30:28.128	0.93484				2
2025.05.16	01:30:31.323		0.93497			4
2025.05.16	01:30:33.412	0.93483				2
2025.05.16	01:30:33.718	0.93479	0.93486			6
2025.05.16	01:30:34.032	0.93478				2
2025.05.16	01:30:45.473	0.93472	0.93479			6
2025.05.16	01:30:45.828	0.93471	0.93482			6
2025.05.16	01:30:46.931		0.93479			4
2025.05.16	01:30:50.337	0.93475	0.93485			6
2025.05.16	01:30:50.675	0.93474				2
2025.05.16	01:30:51.518	0.93475				2
2025.05.16	01:30:52.275	0.93476				2
2025.05.16	01:30:56.754	0.93478	0.93488			6
2025.05.16	01:30:58.212		0.93490			4
2025.05.16	01:30:59.776	0.93476	0.93488			6
2025.05.16	01:31:00.389	0.93477				2
2025.05.16	01:31:02.184	0.93476				2
2025.05.16	01:31:06.145	0.93478	0.93489			6
2025.05.16	01:31:09.458	0.93477	0.93487			6
2025.05.16	01:31:09.776	0.93478	0.93490			6
2025.05.16	01:31:10.314	0.93477				2
2025.05.16	01:31:12.346		0.93488			4
2025.05.16	01:31:12.686	0.93478	0.93490			6
2025.05.16	01:31:17.327	0.93477	0.93489			6
2025.05.16	01:31:17.642	0.93478	0.93491			6
2025.05.16	01:31:19.128	0.93479				2
2025.05.16	01:31:23.926	0.93477	0.93490			6
2025.05.16	01:31:34.931	0.93479	0.93493			6
2025.05.16	01:31:35.458	0.93478	0.93490			6
2025.05.16	01:31:35.926	0.93477				2
2025.05.16	01:31:38.605	0.93478				2
2025.05.16	01:31:38.927	0.93477				2
2025.05.16	01:31:40.370	0.93473	0.93485			6
2025.05.16	01:31:40.691	0.93475				2
2025.05.16	01:31:41.606	0.93476	0.93488			6
2025.05.16	01:31:51.325	0.93475				2
2025.05.16	01:32:02.026	0.93475				2
2025.05.16	01:32:04.134	0.93476	0.93490			6
2025.05.16	01:32:05.617	0.93478				2
2025.05.16	01:32:10.165	0.93479	0.93489			6
2025.05.16	01:32:13.379	0.93480				2
2025.05.16	01:32:17.762	0.93481				2
2025.05.16	01:32:20.414	0.93480	0.93486			6
2025.05.16	01:32:20.796	0.93481				2
2025.05.16	01:32:21.226	0.93479	0.93490			6
2025.05.16	01:32:21.976	0.93480				2
2025.05.16	01:32:22.648	0.93481	0.93491			6
2025.05.16	01:32:26.481	0.93476	0.93482			6
2025.05.16	01:32:30.459		0.93480			4
2025.05.16	01:32:30.766		0.93482			4
2025.05.16	01:32:36.894		0.93480			4
2025.05.16	01:32:49.799		0.93482			4
2025.05.16	01:33:00.008	0.93476				2
2025.05.16	01:33:04.743	0.93477				2
2025.05.16	01:33:05.742	0.93478				2
2025.05.16	01:33:11.780	0.93472	0.93480			6
2025.05.16	01:33:12.085	0.93475				2
2025.05.16	01:33:35.703		0.93482			4
2025.05.16	01:33:42.849	0.93472	0.93477			6
2025.05.16	01:33:43.654		0.93482			4
2025.05.16	01:33:43.976		0.93480			4
2025.05.16	01:33:46.597		0.93486			4
2025.05.16	01:33:47.467		0.93487			4
2025.05.16	01:34:00.990	0.93472				2
2025.05.16	01:34:01.788		0.93488			4
2025.05.16	01:34:02.115	0.93473				2
2025.05.16	01:34:15.893	0.93477	0.93489			6
2025.05.16	01:34:17.173		0.93488			4
2025.05.16	01:34:17.951		0.93489			4
2025.05.16	01:34:20.035		0.93488			4
2025.05.16	01:34:21.011		0.93489			4
2025.05.16	01:34:24.622		0.93491			4
2025.05.16	01:34:26.290	0.93479				2
2025.05.16	01:34:34.872		0.93494			4
2025.05.16	01:34:36.485		0.93493			4
2025.05.16	01:34:37.123		0.93491			4
2025.05.16	01:34:37.889	0.93478				2
2025.05.16	01:34:45.322	0.93479				2
2025.05.16	01:34:48.357	0.93480	0.93493			6
2025.05.16	01:34:52.498	0.93481				2
2025.05.16	01:34:53.483	0.93480				2
2025.05.16	01:34:55.041	0.93479	0.93491			6
2025.05.16	01:34:55.396	0.93481				2
2025.05.16	01:35:00.226	0.93481				2
2025.05.16	01:35:02.027	0.93482				2
2025.05.16	01:35:06.364	0.93484	0.93495			6
2025.05.16	01:35:08.627	0.93481	0.93491			6
2025.05.16	01:35:08.939	0.93483	0.93494			6
2025.05.16	01:35:09.825		0.93495			4
2025.05.16	01:35:10.990	0.93482	0.93493			6
2025.05.16	01:35:15.862	0.93484	0.93495			6
2025.05.16	01:35:16.712	0.93483				2
2025.05.16	01:35:29.365	0.93481	0.93493			6
2025.05.16	01:35:30.004	0.93484	0.93495			6
2025.05.16	01:35:31.077	0.93483				2
2025.05.16	01:35:36.507	0.93485	0.93493			6
2025.05.16	01:35:37.377	0.93482				2
2025.05.16	01:35:40.573		0.93495			4
2025.05.16	01:35:40.983	0.93485	0.93493			6
2025.05.16	01:35:41.678	0.93482	0.93495			6
2025.05.16	01:35:44.663	0.93485	0.93493			6
2025.05.16	01:35:45.116	0.93482	0.93495			6
2025.05.16	01:35:46.782		0.93493			4
2025.05.16	01:36:01.128	0.93482				2
2025.05.16	01:36:04.970	0.93483	0.93495			6
2025.05.16	01:36:05.744	0.93482	0.93493			6
2025.05.16	01:36:15.906		0.93491			4
2025.05.16	01:36:17.714	0.93483	0.93495			6
2025.05.16	01:36:18.368		0.93493			4
2025.05.16	01:36:26.028	0.93482				2
2025.05.16	01:36:27.187	0.93483				2
2025.05.16	01:36:27.850	0.93484				2
2025.05.16	01:36:31.465	0.93483				2
2025.05.16	01:36:36.439	0.93484				2
2025.05.16	01:36:36.954	0.93485	0.93495			6
2025.05.16	01:36:38.708		0.93493			4
2025.05.16	01:36:40.735	0.93484				2
2025.05.16	01:36:43.000	0.93483				2
2025.05.16	01:36:57.782	0.93482	0.93491			6
2025.05.16	01:36:58.522	0.93483				2
2025.05.16	01:37:01.726	0.93483				2
2025.05.16	01:37:02.471	0.93484				2
2025.05.16	01:37:05.381		0.93493			4
2025.05.16	01:37:10.502	0.93483	0.93495			6
2025.05.16	01:37:12.526	0.93487	0.93497			6
2025.05.16	01:37:12.842	0.93484	0.93495			6
2025.05.16	01:37:17.691	0.93483	0.93493			6
2025.05.16	01:37:22.984		0.93497			4
2025.05.16	01:37:36.978	0.93485	0.93499			6
2025.05.16	01:37:40.174	0.93483	0.93497			6
2025.05.16	01:37:41.339	0.93485				2
2025.05.16	01:37:41.678		0.93498			4
2025.05.16	01:37:43.379	0.93486	0.93495			6
2025.05.16	01:37:49.469	0.93485				2
2025.05.16	01:37:58.292	0.93481	0.93498			6
2025.05.16	01:37:59.325	0.93482	0.93497			6
2025.05.16	01:38:00.358	0.93482				2
2025.05.16	01:38:01.498	0.93481				2
2025.05.16	01:38:03.776		0.93498			4
2025.05.16	01:38:05.978		0.93497			4
2025.05.16	01:38:07.900	0.93483				2
2025.05.16	01:38:09.503		0.93496			4
2025.05.16	01:38:12.829	0.93482	0.93495			6
2025.05.16	01:38:13.139	0.93480	0.93496			6
2025.05.16	01:38:13.666	0.93483	0.93497			6
2025.05.16	01:38:15.043		0.93496			4
2025.05.16	01:38:17.027		0.93497			4
2025.05.16	01:38:17.518	0.93484				2
2025.05.16	01:38:17.882		0.93498			4
2025.05.16	01:38:30.457	0.93485				2
2025.05.16	01:38:32.694	0.93482	0.93493			6
2025.05.16	01:38:35.394		0.93495			4
2025.05.16	01:38:35.701	0.93481	0.93490			6
2025.05.16	01:38:36.321	0.93477				2
2025.05.16	01:38:36.666	0.93478				2
2025.05.16	01:38:53.551		0.93488			4
2025.05.16	01:38:53.976		0.93490			4
2025.05.16	01:38:58.771	0.93477				2
2025.05.16	01:39:00.528	0.93477				2
2025.05.16	01:39:03.423		0.93488			4
2025.05.16	01:39:03.947	0.93476				2
2025.05.16	01:39:06.225	0.93477				2
2025.05.16	01:39:08.317		0.93490			4
2025.05.16	01:39:11.140	0.93478	0.93488			6
2025.05.16	01:39:11.550	0.93477				2
2025.05.16	01:39:16.680	0.93478				2
2025.05.16	01:39:17.392	0.93477				2
2025.05.16	01:39:22.768	0.93478				2
2025.05.16	01:39:31.308	0.93477	0.93486			6
2025.05.16	01:39:40.413		0.93488			4
2025.05.16	01:39:45.226		0.93486			4
2025.05.16	01:39:45.541	0.93476				2
2025.05.16	01:39:45.977	0.93477	0.93488			6
2025.05.16	01:39:48.810		0.93490			4
2025.05.16	01:39:49.425		0.93488			4
2025.05.16	01:39:51.147		0.93490			4
2025.05.16	01:39:51.458		0.93488			4
2025.05.16	01:39:53.536	0.93475	0.93486			6
2025.05.16	01:39:54.216	0.93477				2
2025.05.16	01:39:54.752		0.93488			4
2025.05.16	01:39:55.865	0.93475	0.93486			6
2025.05.16	01:39:59.524	0.93476				2
2025.05.16	01:40:00.575	0.93476				2
2025.05.16	01:40:04.550		0.93487			4
2025.05.16	01:40:05.769	0.93478	0.93488			6
2025.05.16	01:40:07.360		0.93485			4
2025.05.16	01:40:07.705		0.93486			4
2025.05.16	01:40:16.287	0.93471	0.93483			6
2025.05.16	01:40:25.367		0.93480			4
2025.05.16	01:40:26.281	0.93469				2
2025.05.16	01:40:30.997	0.93462	0.93476			6
2025.05.16	01:40:37.761	0.93463				2
2025.05.16	01:40:38.773	0.93462				2
2025.05.16	01:40:41.335	0.93463				2
2025.05.16	01:40:42.351	0.93464				2
2025.05.16	01:40:59.627	0.93465				2
2025.05.16	01:41:01.937	0.93465				2
2025.05.16	01:41:10.394	0.93464				2
2025.05.16	01:41:14.324	0.93465				2
2025.05.16	01:41:17.026	0.93464				2
2025.05.16	01:41:28.508	0.93458	0.93471			6
2025.05.16	01:41:29.505	0.93457				2
2025.05.16	01:41:29.898	0.93456				2
2025.05.16	01:41:37.411	0.93457				2
2025.05.16	01:41:45.427	0.93458				2
2025.05.16	01:41:47.367	0.93460				2
2025.05.16	01:41:47.912	0.93459				2
2025.05.16	01:41:52.080	0.93461				2
2025.05.16	01:41:52.387	0.93459				2
2025.05.16	01:41:52.701	0.93461				2
2025.05.16	01:41:53.097	0.93459				2
2025.05.16	01:41:57.148		0.93473			4
2025.05.16	01:42:00.525	0.93459				2
2025.05.16	01:42:00.894	0.93460				2
2025.05.16	01:42:10.426	0.93459				2
2025.05.16	01:42:14.026	0.93460				2
2025.05.16	01:42:14.574	0.93461	0.93475			6
2025.05.16	01:42:15.825	0.93462				2
2025.05.16	01:42:20.497	0.93461				2
2025.05.16	01:42:28.996	0.93459	0.93472			6
2025.05.16	01:42:29.373	0.93460				2
2025.05.16	01:42:32.485		0.93474			4
2025.05.16	01:42:34.115	0.93461				2
2025.05.16	01:42:57.631	0.93462				2
2025.05.16	01:43:01.369	0.93462				2
2025.05.16	01:43:04.306	0.93464	0.93476			6
2025.05.16	01:43:12.624	0.93463				2
2025.05.16	01:43:14.034	0.93464				2
2025.05.16	01:43:14.570	0.93461	0.93474			6
2025.05.16	01:43:15.768		0.93476			4
2025.05.16	01:43:26.878	0.93462				2
2025.05.16	01:43:29.330	0.93461				2
2025.05.16	01:43:33.269	0.93462				2
2025.05.16	01:43:33.827	0.93461				2
2025.05.16	01:43:36.826	0.93462				2
2025.05.16	01:43:42.085	0.93461				2
2025.05.16	01:43:45.128	0.93460	0.93474			6
2025.05.16	01:43:45.533	0.93459				2
2025.05.16	01:43:49.864	0.93460				2
2025.05.16	01:43:51.273	0.93459	0.93472			6
2025.05.16	01:44:01.760	0.93460				2
2025.05.16	01:44:02.926	0.93459				2
2025.05.16	01:44:03.834	0.93460				2
2025.05.16	01:44:04.727	0.93459				2
2025.05.16	01:44:05.907	0.93460				2
2025.05.16	01:44:06.526	0.93459				2
2025.05.16	01:44:12.526	0.93458				2
2025.05.16	01:44:22.433	0.93459				2
2025.05.16	01:44:32.928	0.93460				2
2025.05.16	01:44:34.340	0.93459				2
2025.05.16	01:44:35.212		0.93474			4
2025.05.16	01:44:37.866	0.93460	0.93472			6
2025.05.16	01:44:38.574	0.93459				2
2025.05.16	01:44:40.427	0.93460				2
2025.05.16	01:44:42.442	0.93459				2
2025.05.16	01:44:43.726	0.93458				2
2025.05.16	01:44:55.591	0.93457				2
2025.05.16	01:44:57.984	0.93456				2
2025.05.16	01:45:00.527	0.93455				2
2025.05.16	01:45:01.875	0.93456				2
2025.05.16	01:45:04.206	0.93455				2
2025.05.16	01:45:04.749	0.93456				2
2025.05.16	01:45:06.353	0.93455				2
2025.05.16	01:45:07.312	0.93457	0.93469			6
2025.05.16	01:45:07.975		0.93471			4
2025.05.16	01:45:09.053	0.93456				2
2025.05.16	01:45:10.286	0.93457				2
2025.05.16	01:45:12.226	0.93456				2
2025.05.16	01:45:13.426	0.93457				2
2025.05.16	01:45:17.424	0.93456	0.93470			6
2025.05.16	01:45:17.773	0.93455				2
2025.05.16	01:45:19.363	0.93456				2
2025.05.16	01:45:20.627	0.93455				2
2025.05.16	01:45:22.157	0.93454	0.93468			6
2025.05.16	01:45:24.301		0.93469			4
2025.05.16	01:45:27.780	0.93457	0.93475			6
2025.05.16	01:45:33.188		0.93471			4
2025.05.16	01:45:33.501		0.93470			4
2025.05.16	01:45:58.434		0.93468			4
2025.05.16	01:46:01.262	0.93457	0.93469			6
2025.05.16	01:46:03.548		0.93470			4
2025.05.16	01:46:12.372		0.93469			4
2025.05.16	01:46:12.793		0.93471			4
2025.05.16	01:46:14.362	0.93458				2
2025.05.16	01:46:15.668	0.93459				2
2025.05.16	01:46:16.766	0.93458	0.93473			6
2025.05.16	01:46:18.559	0.93459	0.93474			6
2025.05.16	01:46:19.647	0.93458	0.93473			6
2025.05.16	01:46:22.252		0.93474			4
2025.05.16	01:46:23.423	0.93459	0.93475			6
2025.05.16	01:46:23.859		0.93474			4
2025.05.16	01:46:29.928		0.93475			4
2025.05.16	01:46:34.852	0.93460				2
2025.05.16	01:46:35.326		0.93474			4
2025.05.16	01:46:37.425		0.93473			4
2025.05.16	01:46:49.125		0.93474			4
2025.05.16	01:46:50.925	0.93461	0.93472			6
2025.05.16	01:46:51.276		0.93474			4
2025.05.16	01:46:52.481	0.93459	0.93475			6
2025.05.16	01:47:01.811	0.93459				2
2025.05.16	01:47:02.676		0.93474			4
2025.05.16	01:47:03.480	0.93457	0.93472			6
2025.05.16	01:47:04.222		0.93473			4
2025.05.16	01:47:05.276		0.93472			4
2025.05.16	01:47:07.116		0.93473			4
2025.05.16	01:47:29.971	0.93459	0.93471			6
2025.05.16	01:47:47.911	0.93458				2
2025.05.16	01:47:48.971	0.93459				2
2025.05.16	01:47:51.759		0.93473			4
2025.05.16	01:47:55.134	0.93460				2
2025.05.16	01:47:55.447	0.93459				2
2025.05.16	01:48:00.831	0.93459				2
2025.05.16	01:48:03.655	0.93461				2
2025.05.16	01:48:08.561	0.93458				2
2025.05.16	01:48:09.130	0.93459				2
2025.05.16	01:48:11.042	0.93460				2
2025.05.16	01:48:11.360	0.93461	0.93472			6
2025.05.16	01:48:12.725		0.93473			4
2025.05.16	01:48:20.624	0.93462	0.93474			6
2025.05.16	01:48:23.325		0.93475			4
2025.05.16	01:48:27.415	0.93463				2
2025.05.16	01:48:35.368	0.93459	0.93474			6
2025.05.16	01:48:36.899	0.93460				2
2025.05.16	01:48:51.390	0.93462	0.93476			6
2025.05.16	01:48:52.192	0.93459				2
2025.05.16	01:48:53.376	0.93461	0.93477			6
2025.05.16	01:48:54.993	0.93463	0.93476			6
2025.05.16	01:48:55.776		0.93475			4
2025.05.16	01:48:57.525	0.93464	0.93477			6
2025.05.16	01:49:01.574	0.93464				2
2025.05.16	01:49:07.263		0.93476			4
2025.05.16	01:49:10.515	0.93463	0.93475			6
2025.05.16	01:49:11.181	0.93464	0.93476			6
2025.05.16	01:49:11.500	0.93463	0.93477			6
2025.05.16	01:49:11.928		0.93476			4
2025.05.16	01:49:12.476	0.93465				2
2025.05.16	01:49:13.361	0.93463	0.93477			6
2025.05.16	01:49:13.660	0.93465	0.93476			6
2025.05.16	01:49:15.656	0.93462	0.93477			6
2025.05.16	01:49:16.024	0.93465	0.93476			6
2025.05.16	01:49:30.664	0.93462				2
2025.05.16	01:49:31.386	0.93460	0.93477			6
2025.05.16	01:49:31.702		0.93475			4
2025.05.16	01:49:32.027		0.93476			4
2025.05.16	01:49:32.343	0.93461				2
2025.05.16	01:49:43.038	0.93463	0.93475			6
2025.05.16	01:49:43.725		0.93476			4
2025.05.16	01:49:45.664	0.93459	0.93477			6
2025.05.16	01:49:45.979	0.93461	0.93474			6
2025.05.16	01:49:47.712		0.93473			4
2025.05.16	01:49:48.914		0.93474			4
2025.05.16	01:49:50.704	0.93463	0.93476			6
2025.05.16	01:49:52.315	0.93464				2
2025.05.16	01:49:55.799	0.93463	0.93477			6
2025.05.16	01:49:58.592		0.93476			4
2025.05.16	01:50:00.212	0.93463	0.93477			6
2025.05.16	01:50:01.701		0.93476			4
2025.05.16	01:50:08.159	0.93461	0.93477			6
2025.05.16	01:50:09.799		0.93476			4
2025.05.16	01:50:13.404	0.93460	0.93478			6
2025.05.16	01:50:14.026		0.93477			4
2025.05.16	01:50:18.225		0.93478			4
2025.05.16	01:50:23.325		0.93477			4
2025.05.16	01:50:26.100		0.93478			4
2025.05.16	01:50:40.385	0.93458				2
2025.05.16	01:50:40.883	0.93460	0.93476			6
2025.05.16	01:50:41.861	0.93461	0.93475			6
2025.05.16	01:50:43.878		0.93476			4
2025.05.16	01:50:55.705		0.93475			4
2025.05.16	01:51:00.103	0.93461	0.93476			6
2025.05.16	01:51:07.301		0.93477			4
2025.05.16	01:51:07.974	0.93462	0.93476			6
2025.05.16	01:51:09.260		0.93477			4
2025.05.16	01:51:11.109		0.93476			4
2025.05.16	01:51:13.182	0.93464	0.93477			6
2025.05.16	01:51:13.555	0.93469	0.93478			6
2025.05.16	01:51:13.867	0.93464				2
2025.05.16	01:51:14.925	0.93463				2
2025.05.16	01:51:15.244	0.93461	0.93477			6
2025.05.16	01:51:15.874	0.93458	0.93476			6
2025.05.16	01:51:16.911	0.93455	0.93470			6
2025.05.16	01:51:28.761	0.93456	0.93471			6
2025.05.16	01:51:42.806	0.93457				2
2025.05.16	01:51:44.625	0.93456				2
2025.05.16	01:51:54.914		0.93472			4
2025.05.16	01:51:57.041	0.93455	0.93470			6
2025.05.16	01:51:57.700		0.93474			4
2025.05.16	01:52:00.836	0.93454	0.93470			6
2025.05.16	01:52:02.944	0.93455				2
2025.05.16	01:52:06.197	0.93456				2
2025.05.16	01:52:11.284	0.93455	0.93471			6
2025.05.16	01:52:12.555	0.93458	0.93472			6
2025.05.16	01:52:15.383	0.93457	0.93473			6
2025.05.16	01:52:15.702	0.93461	0.93475			6
2025.05.16	01:52:23.577	0.93462	0.93476			6
2025.05.16	01:52:31.515	0.93460	0.93475			6
2025.05.16	01:52:33.675		0.93476			4
2025.05.16	01:52:34.636	0.93461	0.93478			6
2025.05.16	01:52:35.448		0.93477			4
2025.05.16	01:52:36.349	0.93460	0.93476			6
2025.05.16	01:52:38.303	0.93461				2
2025.05.16	01:52:39.306	0.93465	0.93477			6
2025.05.16	01:52:40.451	0.93464				2
2025.05.16	01:52:55.073	0.93462	0.93478			6
2025.05.16	01:52:55.703		0.93477			4
2025.05.16	01:52:57.163	0.93461	0.93478			6
2025.05.16	01:52:58.195	0.93462	0.93477			6
2025.05.16	01:52:58.520		0.93478			4
2025.05.16	01:53:02.730	0.93462				2
2025.05.16	01:53:03.545	0.93463				2
2025.05.16	01:53:12.113	0.93462	0.93479			6
2025.05.16	01:53:15.359		0.93478			4
2025.05.16	01:53:27.772	0.93464	0.93477			6
2025.05.16	01:53:34.126	0.93465				2
2025.05.16	01:53:34.446	0.93464				2
2025.05.16	01:53:35.501	0.93463	0.93476			6
2025.05.16	01:53:38.632	0.93464	0.93477			6
2025.05.16	01:53:40.728		0.93476			4
2025.05.16	01:53:44.962		0.93477			4
2025.05.16	01:53:45.756	0.93466				2
2025.05.16	01:53:53.064	0.93464				2
2025.05.16	01:54:00.121	0.93464				2
2025.05.16	01:54:12.638		0.93478			4
2025.05.16	01:54:15.285		0.93477			4
2025.05.16	01:54:21.355	0.93463				2
2025.05.16	01:54:25.778		0.93476			4
2025.05.16	01:54:26.778	0.93464	0.93477			6
2025.05.16	01:54:30.764	0.93463	0.93475			6
2025.05.16	01:54:31.173		0.93476			4
2025.05.16	01:54:34.210	0.93462	0.93477			6
2025.05.16	01:54:41.292	0.93463				2
2025.05.16	01:54:42.353		0.93476			4
2025.05.16	01:54:49.261	0.93462	0.93475			6
2025.05.16	01:54:55.429	0.93463	0.93476			6
2025.05.16	01:55:00.825	0.93463				2
2025.05.16	01:55:07.700	0.93464	0.93477			6
2025.05.16	01:55:08.024	0.93463	0.93476			6
2025.05.16	01:55:08.394	0.93462	0.93475			6
2025.05.16	01:55:17.929	0.93461				2
2025.05.16	01:55:18.753	0.93463	0.93476			6
2025.05.16	01:55:19.126	0.93462	0.93475			6
2025.05.16	01:55:49.001	0.93465	0.93478			6
2025.05.16	01:55:49.677	0.93464	0.93477			6
2025.05.16	01:55:51.271		0.93478			4
2025.05.16	01:55:52.738	0.93463				2
2025.05.16	01:55:57.681		0.93477			4
2025.05.16	01:56:00.396	0.93463				2
2025.05.16	01:56:10.436		0.93476			4
2025.05.16	01:56:10.814	0.93465	0.93477			6
2025.05.16	01:56:14.074		0.93478			4
2025.05.16	01:56:16.170	0.93463	0.93476			6
2025.05.16	01:56:17.027	0.93464	0.93477			6
2025.05.16	01:56:18.586	0.93465	0.93478			6
2025.05.16	01:56:18.934		0.93477			4
2025.05.16	01:56:30.834		0.93478			4
2025.05.16	01:56:33.634	0.93472	0.93484			6
2025.05.16	01:56:42.327	0.93473	0.93486			6
2025.05.16	01:56:42.668	0.93474	0.93487			6
2025.05.16	01:56:43.239	0.93472	0.93485			6
2025.05.16	01:57:01.575	0.93472				2
2025.05.16	01:57:12.096		0.93484			4
2025.05.16	01:57:12.461	0.93473	0.93485			6
2025.05.16	01:57:15.587	0.93472				2
2025.05.16	01:57:21.332		0.93484			4
2025.05.16	01:57:22.569	0.93467	0.93480			6
2025.05.16	01:57:25.856	0.93468	0.93479			6
2025.05.16	01:57:27.563	0.93467				2
2025.05.16	01:57:30.336	0.93461	0.93475			6
2025.05.16	01:57:31.768		0.93477			4
2025.05.16	01:57:32.384		0.93475			4
2025.05.16	01:57:35.091		0.93478			4
2025.05.16	01:57:35.471		0.93477			4
2025.05.16	01:57:38.026	0.93460				2
2025.05.16	01:57:41.437		0.93476			4
2025.05.16	01:57:55.658	0.93461				2
2025.05.16	01:57:56.679		0.93477			4
2025.05.16	01:57:58.437		0.93473			4
2025.05.16	01:57:58.779	0.93463	0.93475			6
2025.05.16	01:57:59.080	0.93462				2
2025.05.16	01:58:00.381	0.93462				2
2025.05.16	01:58:04.730	0.93463				2
2025.05.16	01:58:10.147	0.93462	0.93473			6
2025.05.16	01:58:11.090	0.93460				2
2025.05.16	01:58:12.929	0.93461				2
2025.05.16	01:58:18.526	0.93460				2
2025.05.16	01:58:21.069		0.93472			4
2025.05.16	01:58:21.891	0.93459				2
2025.05.16	01:58:22.502	0.93461	0.93474			6
2025.05.16	01:58:33.663	0.93460				2
2025.05.16	01:58:35.660	0.93456	0.93468			6
2025.05.16	01:58:36.397	0.93457				2
2025.05.16	01:58:37.114	0.93458				2
2025.05.16	01:58:37.517	0.93457				2
2025.05.16	01:58:41.518	0.93460	0.93467			6
2025.05.16	01:58:42.226	0.93459				2
2025.05.16	01:58:45.304	0.93460				2
2025.05.16	01:58:45.635	0.93459				2
2025.05.16	01:58:52.270	0.93458	0.93469			6
2025.05.16	01:58:56.972	0.93457	0.93468			6
2025.05.16	01:59:00.824	0.93457				2
2025.05.16	01:59:09.148	0.93456				2
2025.05.16	01:59:09.652	0.93457				2
2025.05.16	01:59:11.319		0.93469			4
2025.05.16	01:59:12.995	0.93458	0.93463			6
2025.05.16	01:59:15.611	0.93459	0.93464			6
2025.05.16	01:59:16.426		0.93466			4
2025.05.16	01:59:18.865	0.93458	0.93469			6
2025.05.16	01:59:19.978	0.93457				2
2025.05.16	01:59:28.076	0.93458				2
2025.05.16	01:59:29.912		0.93466			4
2025.05.16	01:59:30.217	0.93457				2
2025.05.16	01:59:30.701	0.93458				2
2025.05.16	01:59:37.372	0.93455	0.93464			6
2025.05.16	01:59:37.681	0.93456				2
2025.05.16	01:59:40.169	0.93457	0.93463			6
2025.05.16	01:59:42.241	0.93458	0.93465			6
2025.05.16	01:59:42.573		0.93464			4
2025.05.16	01:59:45.497	0.93457				2
2025.05.16	01:59:46.937	0.93454				2
2025.05.16	01:59:47.561	0.93455	0.93462			6
2025.05.16	01:59:50.998	0.93453				2
2025.05.16	01:59:51.430	0.93444	0.93457			6
2025.05.16	01:59:51.738	0.93448	0.93458			6
2025.05.16	01:59:52.720		0.93460			4
2025.05.16	01:59:53.966	0.93450	0.93461			6
2025.05.16	01:59:55.669	0.93451				2
2025.05.16	02:00:00.363	0.93452	0.93460			6
2025.05.16	02:00:02.414		0.93461			4
2025.05.16	02:00:03.394		0.93460			4
2025.05.16	02:00:03.701	0.93450	0.93461			6
2025.05.16	02:00:04.040	0.93451	0.93462			6
2025.05.16	02:00:04.378		0.93463			4
2025.05.16	02:00:06.357	0.93452	0.93462			6
2025.05.16	02:00:06.660		0.93463			4
2025.05.16	02:00:07.401		0.93464			4
2025.05.16	02:00:09.278		0.93463			4
2025.05.16	02:00:10.472	0.93451				2
2025.05.16	02:00:12.882		0.93464			4
2025.05.16	02:00:13.236		0.93463			4
2025.05.16	02:00:15.454	0.93457	0.93469			6
2025.05.16	02:00:21.161	0.93456	0.93468			6
2025.05.16	02:00:22.136		0.93467			4
2025.05.16	02:00:23.029	0.93455				2
2025.05.16	02:00:23.365	0.93456				2
2025.05.16	02:00:23.754		0.93468			4
2025.05.16	02:00:24.464	0.93458	0.93470			6
2025.05.16	02:00:26.378	0.93457				2
2025.05.16	02:00:26.982	0.93456	0.93469			6
2025.05.16	02:00:30.537	0.93458	0.93471			6
2025.05.16	02:00:31.230	0.93455	0.93468			6
2025.05.16	02:00:32.296	0.93456				2
2025.05.16	02:00:33.553	0.93455				2
2025.05.16	02:00:34.363	0.93456				2
2025.05.16	02:00:35.947	0.93459	0.93471			6
2025.05.16	02:00:36.613		0.93472			4
2025.05.16	02:00:38.258	0.93460				2
2025.05.16	02:00:38.559	0.93459				2
2025.05.16	02:00:38.926	0.93460				2
2025.05.16	02:00:42.386	0.93461				2
2025.05.16	02:00:45.898	0.93459	0.93471			6
2025.05.16	02:00:48.950	0.93458				2
2025.05.16	02:00:50.699	0.93459				2
2025.05.16	02:00:52.583		0.93470			4
2025.05.16	02:00:54.841	0.93458				2
2025.05.16	02:01:01.227	0.93457	0.93469			6
2025.05.16	02:01:02.401	0.93456				2
2025.05.16	02:01:03.391	0.93457				2
2025.05.16	02:01:18.346	0.93458	0.93470			6
2025.05.16	02:01:19.474	0.93457	0.93469			6
2025.05.16	02:01:19.777	0.93458	0.93470			6
2025.05.16	02:01:20.325	0.93456	0.93468			6
2025.05.16	02:01:20.709		0.93469			4
2025.05.16	02:01:21.228	0.93458	0.93471			6
2025.05.16	02:01:21.561	0.93456	0.93469			6
2025.05.16	02:01:21.932	0.93458	0.93470			6
2025.05.16	02:01:25.611	0.93459				2
2025.05.16	02:01:26.657	0.93455	0.93466			6
2025.05.16	02:01:27.766	0.93451	0.93463			6
2025.05.16	02:01:28.105	0.93454				2
2025.05.16	02:01:28.766	0.93453	0.93462			6
2025.05.16	02:01:30.457		0.93463			4
2025.05.16	02:01:32.054	0.93454				2
2025.05.16	02:01:32.362	0.93453	0.93460			6
2025.05.16	02:01:32.797		0.93462			4
2025.05.16	02:01:33.374	0.93452				2
2025.05.16	02:01:34.287	0.93453				2
2025.05.16	02:01:35.395	0.93452				2
2025.05.16	02:01:36.620	0.93453				2
2025.05.16	02:01:37.208		0.93463			4
2025.05.16	02:01:39.205	0.93452	0.93464			6
2025.05.16	02:01:53.620	0.93453	0.93462			6
2025.05.16	02:01:54.794	0.93452				2
2025.05.16	02:01:55.099	0.93454	0.93463			6
2025.05.16	02:01:56.365	0.93455	0.93466			6
2025.05.16	02:01:57.783		0.93468			4
2025.05.16	02:01:58.729		0.93466			4
2025.05.16	02:02:00.696	0.93455				2
2025.05.16	02:02:02.763		0.93465			4
2025.05.16	02:02:14.481		0.93467			4
2025.05.16	02:02:15.422	0.93454	0.93466			6
2025.05.16	02:02:18.867	0.93455				2
2025.05.16	02:02:28.778	0.93458	0.93465			6
2025.05.16	02:02:31.205	0.93455	0.93466			6
2025.05.16	02:02:31.535	0.93454				2
2025.05.16	02:02:37.210	0.93455	0.93467			6
2025.05.16	02:02:39.831	0.93456				2
2025.05.16	02:02:40.834	0.93457				2
2025.05.16	02:02:44.213	0.93454				2
2025.05.16	02:02:44.520	0.93455				2
2025.05.16	02:02:45.098	0.93457	0.93469			6
2025.05.16	02:02:45.406	0.93459	0.93471			6
2025.05.16	02:02:52.449		0.93470			4
2025.05.16	02:02:54.102	0.93455	0.93465			6
2025.05.16	02:03:00.631	0.93455				2
2025.05.16	02:03:08.541	0.93451	0.93462			6
2025.05.16	02:03:11.348	0.93452				2
2025.05.16	02:03:13.735		0.93463			4
2025.05.16	02:03:19.101		0.93465			4
2025.05.16	02:03:20.874	0.93451	0.93463			6
2025.05.16	02:03:22.497		0.93462			4
2025.05.16	02:03:25.733	0.93452				2
2025.05.16	02:03:26.934	0.93453	0.93463			6
2025.05.16	02:03:30.734		0.93462			4
2025.05.16	02:03:31.725	0.93454	0.93465			6
2025.05.16	02:03:32.040		0.93466			4
2025.05.16	02:03:34.135	0.93455	0.93465			6
2025.05.16	02:03:34.656	0.93454				2
2025.05.16	02:03:46.410		0.93463			4
2025.05.16	02:03:46.722	0.93453	0.93464			6
2025.05.16	02:03:47.711	0.93452	0.93463			6
2025.05.16	02:03:48.587	0.93453				2
2025.05.16	02:03:59.725		0.93465			4
2025.05.16	02:04:00.669	0.93453	0.93466			6
2025.05.16	02:04:01.531	0.93454				2
2025.05.16	02:04:02.839	0.93455	0.93467			6
2025.05.16	02:04:13.730	0.93454	0.93466			6
2025.05.16	02:04:20.599	0.93453				2
2025.05.16	02:04:27.324	0.93459	0.93464			6
2025.05.16	02:04:29.758	0.93453	0.93466			6
2025.05.16	02:04:30.835	0.93454	0.93467			6
2025.05.16	02:04:32.382	0.93455				2
2025.05.16	02:04:32.700	0.93456	0.93469			6
2025.05.16	02:04:33.735	0.93454	0.93467			6
2025.05.16	02:04:34.098		0.93466			4
2025.05.16	02:04:34.457		0.93467			4
2025.05.16	02:04:39.468		0.93466			4
2025.05.16	02:04:40.828	0.93453	0.93467			6
2025.05.16	02:04:41.329		0.93466			4
2025.05.16	02:04:43.071	0.93452	0.93465			6
2025.05.16	02:04:44.137	0.93451				2
2025.05.16	02:04:44.469	0.93450	0.93463			6
2025.05.16	02:04:44.790	0.93452				2
2025.05.16	02:04:45.227	0.93451				2
2025.05.16	02:04:48.107	0.93452				2
2025.05.16	02:04:50.376	0.93451				2
2025.05.16	02:04:54.176	0.93452	0.93464			6
2025.05.16	02:04:55.300		0.93463			4
2025.05.16	02:04:57.662	0.93453	0.93466			6
2025.05.16	02:04:58.441		0.93467			4
2025.05.16	02:05:00.463	0.93454	0.93466			6
2025.05.16	02:05:07.737	0.93453				2
2025.05.16	02:05:15.900	0.93455	0.93467			6
2025.05.16	02:05:29.025		0.93468			4
2025.05.16	02:05:33.067	0.93459	0.93472			6
2025.05.16	02:05:35.049	0.93457	0.93469			6
2025.05.16	02:05:35.981	0.93459	0.93471			6
2025.05.16	02:05:41.214	0.93460	0.93472			6
2025.05.16	02:05:41.598	0.93461	0.93473			6
2025.05.16	02:05:42.282	0.93462	0.93474			6
2025.05.16	02:05:46.728	0.93461	0.93473			6
2025.05.16	02:05:51.487	0.93460	0.93472			6
2025.05.16	02:05:55.727	0.93461	0.93473			6
2025.05.16	02:06:00.457	0.93461				2
2025.05.16	02:06:01.010	0.93459	0.93471			6
2025.05.16	02:06:02.263	0.93461	0.93474			6
2025.05.16	02:06:10.093	0.93460				2
2025.05.16	02:06:12.749		0.93470			4
2025.05.16	02:06:13.219	0.93461	0.93471			6
2025.05.16	02:06:13.536		0.93474			4
2025.05.16	02:06:14.115		0.93471			4
2025.05.16	02:06:14.584	0.93462	0.93472			6
2025.05.16	02:06:15.241		0.93471			4
2025.05.16	02:06:16.039		0.93472			4
2025.05.16	02:06:16.470		0.93474			4
2025.05.16	02:06:24.618	0.93461	0.93473			6
2025.05.16	02:06:27.333		0.93474			4
2025.05.16	02:06:31.727	0.93460	0.93473			6
2025.05.16	02:06:33.470		0.93472			4
2025.05.16	02:06:36.645		0.93474			4
2025.05.16	02:06:38.926	0.93461	0.93473			6
2025.05.16	02:06:53.923	0.93460	0.93474			6
2025.05.16	02:06:55.761		0.93472			4
2025.05.16	02:07:00.525	0.93459				2
2025.05.16	02:07:02.555	0.93460	0.93473			6
2025.05.16	02:07:03.089		0.93474			4
2025.05.16	02:07:05.273	0.93461	0.93473			6
2025.05.16	02:07:11.758	0.93460	0.93472			6
2025.05.16	02:07:23.441	0.93461	0.93473			6
2025.05.16	02:07:33.475	0.93460	0.93472			6
2025.05.16	02:07:40.728	0.93461				2
2025.05.16	02:07:44.234	0.93459	0.93470			6
2025.05.16	02:07:47.347	0.93460	0.93471			6
2025.05.16	02:07:48.291	0.93461	0.93472			6
2025.05.16	02:07:55.950		0.93473			4
2025.05.16	02:07:56.327	0.93462	0.93474			6
2025.05.16	02:08:00.360	0.93462				2
2025.05.16	02:08:05.547		0.93477			4
2025.05.16	02:08:06.037	0.93463				2
2025.05.16	02:08:07.472		0.93473			4
2025.05.16	02:08:29.754		0.93474			4
2025.05.16	02:08:30.526	0.93462	0.93473			6
2025.05.16	02:08:30.841	0.93461				2
2025.05.16	02:08:31.752	0.93462	0.93474			6
2025.05.16	02:08:35.029		0.93475			4
2025.05.16	02:08:45.367		0.93474			4
2025.05.16	02:08:46.086	0.93461	0.93473			6
2025.05.16	02:08:46.427		0.93472			4
2025.05.16	02:08:47.303		0.93474			4
2025.05.16	02:08:54.867	0.93462				2
2025.05.16	02:08:58.083	0.93461				2
2025.05.16	02:09:00.376	0.93461				2
2025.05.16	02:09:03.570	0.93462	0.93475			6
2025.05.16	02:09:03.948	0.93459	0.93472			6
2025.05.16	02:09:04.264	0.93460				2
2025.05.16	02:09:04.726	0.93461				2
2025.05.16	02:09:07.628	0.93460	0.93473			6
2025.05.16	02:09:13.461		0.93471			4
2025.05.16	02:09:15.789	0.93459				2
2025.05.16	02:09:17.574	0.93458				2
2025.05.16	02:09:25.697		0.93470			4
2025.05.16	02:09:45.212	0.93459				2
2025.05.16	02:09:45.847	0.93458				2
2025.05.16	02:09:57.659	0.93459	0.93471			6
2025.05.16	02:10:00.527	0.93459				2
2025.05.16	02:10:03.471	0.93461				2
2025.05.16	02:10:03.826	0.93460				2
2025.05.16	02:10:04.182	0.93459				2
2025.05.16	02:10:07.009		0.93470			4
2025.05.16	02:10:07.320	0.93458				2
2025.05.16	02:10:07.868	0.93457	0.93468			6
2025.05.16	02:10:18.728	0.93458	0.93469			6
2025.05.16	02:10:19.071	0.93459	0.93470			6
2025.05.16	02:10:19.584	0.93458	0.93469			6
2025.05.16	02:10:20.696		0.93470			4
2025.05.16	02:10:24.170	0.93459				2
2025.05.16	02:10:25.776	0.93460	0.93472			6
2025.05.16	02:10:31.425	0.93461				2
2025.05.16	02:10:44.176	0.93460				2
2025.05.16	02:10:48.678	0.93459				2
2025.05.16	02:10:48.998	0.93460				2
2025.05.16	02:10:51.908	0.93459				2
2025.05.16	02:10:52.372	0.93458	0.93471			6
2025.05.16	02:10:53.380	0.93459				2
2025.05.16	02:10:53.685		0.93473			4
2025.05.16	02:10:56.625	0.93458				2
2025.05.16	02:10:58.976	0.93459	0.93471			6
2025.05.16	02:11:00.082	0.93459				2
2025.05.16	02:11:04.727	0.93458	0.93472			6
2025.05.16	02:11:05.491	0.93459	0.93471			6
2025.05.16	02:11:08.586	0.93458	0.93470			6
2025.05.16	02:11:09.106		0.93469			4
2025.05.16	02:11:10.651	0.93460	0.93471			6
2025.05.16	02:11:10.960		0.93473			4
2025.05.16	02:11:16.033		0.93474			4
2025.05.16	02:11:25.965	0.93458	0.93470			6
2025.05.16	02:11:49.727	0.93457				2
2025.05.16	02:11:55.454	0.93458				2
2025.05.16	02:12:00.447	0.93459	0.93473			6
2025.05.16	02:12:00.980	0.93458	0.93470			6
2025.05.16	02:12:08.963		0.93473			4
2025.05.16	02:12:10.421	0.93459				2
2025.05.16	02:12:11.379	0.93458	0.93470			6
2025.05.16	02:12:30.491	0.93459	0.93471			6
2025.05.16	02:12:38.181	0.93461	0.93473			6
2025.05.16	02:12:45.534	0.93463	0.93474			6
2025.05.16	02:12:50.111	0.93462				2
2025.05.16	02:12:58.734	0.93463				2
2025.05.16	02:13:06.244	0.93463				2
2025.05.16	02:13:10.515	0.93462				2
2025.05.16	02:13:46.198		0.93474			4
2025.05.16	02:14:00.368	0.93462				2
2025.05.16	02:14:02.341	0.93450	0.93463			6
2025.05.16	02:14:02.662	0.93452				2
2025.05.16	02:14:12.792		0.93461			4
2025.05.16	02:14:13.918		0.93462			4
2025.05.16	02:14:20.691	0.93454	0.93464			6
2025.05.16	02:14:21.025	0.93453	0.93461			6
2025.05.16	02:14:21.488	0.93452				2
2025.05.16	02:14:23.149	0.93450	0.93460			6
2025.05.16	02:14:24.875		0.93457			4
2025.05.16	02:14:26.107		0.93454			4
2025.05.16	02:14:29.175	0.93446				2
2025.05.16	02:14:29.477	0.93450	0.93453			6
2025.05.16	02:14:29.856	0.93446				2
2025.05.16	02:14:30.180	0.93450	0.93455			6
2025.05.16	02:14:30.845		0.93458			4
2025.05.16	02:14:35.033		0.93455			4
2025.05.16	02:14:42.823		0.93458			4
2025.05.16	02:14:50.389		0.93460			4
2025.05.16	02:14:50.925	0.93451				2
2025.05.16	02:14:51.226	0.93450				2
2025.05.16	02:15:00.811	0.93450				2
2025.05.16	02:15:08.934	0.93451	0.93459			6
2025.05.16	02:15:09.886	0.93448				2
2025.05.16	02:15:10.347		0.93461			4
2025.05.16	02:15:10.686		0.93459			4
2025.05.16	02:15:11.002		0.93453			4
2025.05.16	02:15:12.318		0.93455			4
2025.05.16	02:15:13.342		0.93456			4
2025.05.16	02:15:16.223		0.93458			4
2025.05.16	02:15:21.436		0.93454			4
2025.05.16	02:15:31.212		0.93455			4
2025.05.16	02:15:34.206		0.93456			4
2025.05.16	02:15:41.841		0.93457			4
2025.05.16	02:15:43.558	0.93444	0.93456			6
2025.05.16	02:15:52.928		0.93455			4
2025.05.16	02:15:54.299	0.93448	0.93457			6
2025.05.16	02:15:55.469	0.93444	0.93454			6
2025.05.16	02:15:57.018		0.93450			4
2025.05.16	02:15:58.344		0.93451			4
2025.05.16	02:15:59.366		0.93453			4
2025.05.16	02:16:00.351	0.93444				2
2025.05.16	02:16:05.041	0.93446	0.93458			6
2025.05.16	02:16:05.802	0.93444	0.93453			6
2025.05.16	02:16:06.899		0.93452			4
2025.05.16	02:16:07.319	0.93445	0.93456			6
2025.05.16	02:16:20.458	0.93444	0.93454			6
2025.05.16	02:16:21.639	0.93445	0.93455			6
2025.05.16	02:16:29.290	0.93444	0.93454			6
2025.05.16	02:16:30.408		0.93449			4
2025.05.16	02:16:31.118	0.93441				2
2025.05.16	02:16:33.723	0.93443				2
2025.05.16	02:16:48.969		0.93450			4
2025.05.16	02:16:52.359		0.93449			4
2025.05.16	02:16:59.268		0.93451			4
2025.05.16	02:17:00.026	0.93443				2
2025.05.16	02:17:03.464		0.93453			4
2025.05.16	02:17:04.020	0.93445				2
2025.05.16	02:17:05.656	0.93444	0.93450			6
2025.05.16	02:17:05.963		0.93453			4
2025.05.16	02:17:06.960	0.93445	0.93455			6
2025.05.16	02:17:10.318		0.93456			4
2025.05.16	02:17:12.199		0.93457			4
2025.05.16	02:17:13.886		0.93458			4
2025.05.16	02:17:15.343	0.93446				2
2025.05.16	02:17:20.516	0.93445	0.93457			6
2025.05.16	02:17:22.015		0.93456			4
2025.05.16	02:17:23.992		0.93457			4
2025.05.16	02:17:26.560	0.93447	0.93461			6
2025.05.16	02:17:30.406	0.93448	0.93460			6
2025.05.16	02:17:33.521	0.93447				2
2025.05.16	02:17:33.874		0.93461			4
2025.05.16	02:17:50.928	0.93448				2
2025.05.16	02:17:52.201	0.93447	0.93460			6
2025.05.16	02:17:52.698		0.93461			4
2025.05.16	02:17:54.878		0.93460			4
2025.05.16	02:17:56.719	0.93449	0.93462			6
2025.05.16	02:17:57.167	0.93448				2
2025.05.16	02:18:00.477	0.93448	0.93461			6
2025.05.16	02:18:02.929	0.93449	0.93463			6
2025.05.16	02:18:03.786	0.93450	0.93462			6
2025.05.16	02:18:04.124		0.93464			4
2025.05.16	02:18:14.831	0.93451				2
2025.05.16	02:18:15.139		0.93463			4
2025.05.16	02:18:27.423	0.93454	0.93464			6
2025.05.16	02:18:33.754	0.93452	0.93466			6
2025.05.16	02:18:34.417		0.93464			4
2025.05.16	02:18:36.484	0.93453	0.93465			6
2025.05.16	02:18:39.777		0.93466			4
2025.05.16	02:18:40.218	0.93452	0.93465			6
2025.05.16	02:18:57.992	0.93456	0.93470			6
2025.05.16	02:19:00.342	0.93456				2
2025.05.16	02:19:02.134		0.93469			4
2025.05.16	02:19:05.832	0.93458	0.93471			6
2025.05.16	02:19:10.726	0.93457				2
2025.05.16	02:19:16.726		0.93472			4
2025.05.16	02:19:24.811	0.93459	0.93473			6
2025.05.16	02:19:29.331	0.93458	0.93472			6
2025.05.16	02:19:36.498		0.93471			4
2025.05.16	02:19:58.625	0.93457	0.93470			6
2025.05.16	02:19:59.324		0.93471			4
2025.05.16	02:19:59.635	0.93456	0.93472			6
2025.05.16	02:20:00.414	0.93456				2
2025.05.16	02:20:01.694		0.93473			4
2025.05.16	02:20:04.523	0.93457	0.93471			6
2025.05.16	02:20:09.373	0.93456				2
2025.05.16	02:20:12.851		0.93473			4
2025.05.16	02:20:14.186		0.93472			4
2025.05.16	02:20:16.531		0.93471			4
2025.05.16	02:20:16.981	0.93457				2
2025.05.16	02:20:24.855	0.93456	0.93470			6
2025.05.16	02:20:30.765	0.93455				2
2025.05.16	02:20:39.642	0.93456				2
2025.05.16	02:20:50.409		0.93469			4
2025.05.16	02:20:59.424	0.93455	0.93468			6
2025.05.16	02:21:00.354	0.93455				2
2025.05.16	02:21:02.941		0.93467			4
2025.05.16	02:21:12.060	0.93454				2
2025.05.16	02:21:29.325	0.93455				2
2025.05.16	02:21:30.458		0.93468			4
2025.05.16	02:21:56.717	0.93458	0.93471			6
2025.05.16	02:22:00.531	0.93455	0.93468			6
2025.05.16	02:22:02.426	0.93456				2
2025.05.16	02:22:02.871	0.93455				2
2025.05.16	02:22:27.044	0.93458	0.93472			6
2025.05.16	02:22:29.363	0.93457	0.93471			6
2025.05.16	02:22:29.905	0.93458				2
2025.05.16	02:22:30.304	0.93457				2
2025.05.16	02:22:32.083		0.93469			4
2025.05.16	02:22:33.122		0.93470			4
2025.05.16	02:22:37.547	0.93456				2
2025.05.16	02:22:40.747	0.93457				2
2025.05.16	02:22:41.136	0.93456	0.93469			6
2025.05.16	02:22:41.585	0.93457	0.93470			6
2025.05.16	02:22:47.325	0.93456				2
2025.05.16	02:22:49.775	0.93457	0.93469			6
2025.05.16	02:22:53.530		0.93470			4
2025.05.16	02:22:59.121	0.93458	0.93472			6
2025.05.16	02:22:59.485		0.93471			4
2025.05.16	02:23:00.121	0.93457	0.93470			6
2025.05.16	02:23:04.247	0.93458	0.93471			6
2025.05.16	02:23:13.670	0.93459				2
2025.05.16	02:23:14.411	0.93458				2
2025.05.16	02:23:21.837	0.93459				2
2025.05.16	02:23:22.139		0.93472			4
2025.05.16	02:23:23.161		0.93474			4
2025.05.16	02:23:32.477	0.93458	0.93472			6
2025.05.16	02:23:36.899	0.93459	0.93474			6
2025.05.16	02:23:38.339	0.93458	0.93472			6
2025.05.16	02:23:44.730	0.93457	0.93471			6
2025.05.16	02:23:45.044	0.93458				2
2025.05.16	02:23:49.381		0.93472			4
2025.05.16	02:23:56.825	0.93457	0.93474			6
2025.05.16	02:23:57.954	0.93458				2
2025.05.16	02:24:00.020	0.93458				2
2025.05.16	02:24:00.826	0.93459				2
2025.05.16	02:24:03.581	0.93464	0.93476			6
2025.05.16	02:24:08.798		0.93477			4
2025.05.16	02:24:09.129	0.93463				2
2025.05.16	02:24:24.501		0.93476			4
2025.05.16	02:24:27.657	0.93464				2
2025.05.16	02:24:31.685	0.93463				2
2025.05.16	02:24:34.143	0.93465	0.93478			6
2025.05.16	02:24:36.886		0.93479			4
2025.05.16	02:24:37.363	0.93464				2
2025.05.16	02:24:38.506		0.93478			4
2025.05.16	02:24:38.822	0.93465				2
2025.05.16	02:24:40.800	0.93464	0.93479			6
2025.05.16	02:24:51.048		0.93478			4
2025.05.16	02:24:54.250	0.93465				2
2025.05.16	02:24:55.684	0.93464	0.93477			6
2025.05.16	02:25:00.290	0.93464				2
2025.05.16	02:25:11.000	0.93465	0.93478			6
2025.05.16	02:25:31.959	0.93464	0.93476			6
2025.05.16	02:25:32.670		0.93477			4
2025.05.16	02:25:37.099	0.93465	0.93478			6
2025.05.16	02:25:40.072	0.93464				2
2025.05.16	02:25:42.147	0.93465				2
2025.05.16	02:25:43.266		0.93479			4
2025.05.16	02:25:46.466		0.93478			4
2025.05.16	02:25:51.706	0.93464				2
2025.05.16	02:25:52.610	0.93465				2
2025.05.16	02:25:54.384	0.93464				2
2025.05.16	02:25:55.427		0.93479			4
2025.05.16	02:25:59.936		0.93477			4
2025.05.16	02:26:00.264	0.93464				2
2025.05.16	02:26:04.725	0.93463	0.93476			6
2025.05.16	02:26:05.557	0.93464	0.93478			6
2025.05.16	02:26:09.710		0.93477			4
2025.05.16	02:26:12.132		0.93478			4
2025.05.16	02:26:15.759	0.93466	0.93479			6
2025.05.16	02:26:20.896	0.93465				2
2025.05.16	02:26:26.947	0.93466				2
2025.05.16	02:26:29.750	0.93465				2
2025.05.16	02:26:31.756		0.93478			4
2025.05.16	02:26:40.074	0.93464				2
2025.05.16	02:26:44.571	0.93465				2
2025.05.16	02:27:00.826	0.93465				2
2025.05.16	02:27:28.728	0.93464				2
2025.05.16	02:27:31.370	0.93465				2
2025.05.16	02:27:39.793		0.93478			4
2025.05.16	02:27:46.695		0.93477			4
2025.05.16	02:27:49.674	0.93464				2
2025.05.16	02:27:52.577	0.93465				2
2025.05.16	02:27:52.976	0.93464	0.93478			6
2025.05.16	02:27:56.721	0.93468	0.93480			6
2025.05.16	02:27:57.068	0.93467				2
2025.05.16	02:27:57.471		0.93481			4
2025.05.16	02:28:10.457	0.93467				2
2025.05.16	02:28:22.881		0.93480			4
2025.05.16	02:28:24.767	0.93466				2
2025.05.16	02:28:29.832	0.93465	0.93479			6
2025.05.16	02:28:30.175		0.93480			4
2025.05.16	02:28:30.818	0.93466				2
2025.05.16	02:28:31.723	0.93468				2
2025.05.16	02:28:32.347	0.93466				2
2025.05.16	02:28:32.680	0.93465	0.93481			6
2025.05.16	02:28:33.525	0.93464	0.93478			6
2025.05.16	02:28:34.348	0.93465	0.93479			6
2025.05.16	02:28:37.858		0.93478			4
2025.05.16	02:28:38.198		0.93480			4
2025.05.16	02:28:49.925		0.93479			4
2025.05.16	02:28:50.227		0.93480			4
2025.05.16	02:28:50.567		0.93478			4
2025.05.16	02:28:50.925		0.93480			4
2025.05.16	02:28:52.009	0.93466				2
2025.05.16	02:28:52.351	0.93467				2
2025.05.16	02:29:01.107	0.93467				2
2025.05.16	02:29:02.202	0.93465				2
2025.05.16	02:29:02.607		0.93479			4
2025.05.16	02:29:05.443		0.93480			4
2025.05.16	02:29:08.429		0.93479			4
2025.05.16	02:29:10.756		0.93480			4
2025.05.16	02:29:12.346	0.93467	0.93479			6
