<DATE>	<TIME>	<BID>	<ASK>	<LAST>	<VOLUME>	<FLAGS>
2025.10.31	00:03:30.880	0.92698	0.92881			6
2025.10.31	00:04:11.415	0.92698				2
2025.10.31	00:04:41.407		0.92881			4
2025.10.31	00:05:00.443	0.92719	0.92861			6
2025.10.31	00:06:02.123	0.92719	0.92861			6
2025.10.31	00:07:00.610	0.92719				2
2025.10.31	00:07:04.345		0.92861			4
2025.10.31	00:08:00.611	0.92719				2
2025.10.31	00:08:14.062		0.92861			4
2025.10.31	00:09:00.355	0.92719				2
2025.10.31	00:09:24.737		0.92861			4
2025.10.31	00:10:00.379	0.92719				2
2025.10.31	00:10:11.686	0.92710	0.92903			6
2025.10.31	00:10:26.778		0.92904			4
2025.10.31	00:10:40.584		0.92903			4
2025.10.31	00:10:49.263		0.92906			4
2025.10.31	00:10:58.294		0.92905			4
2025.10.31	00:11:00.248	0.92710				2
2025.10.31	00:11:04.723	0.92719	0.92861			6
2025.10.31	00:11:08.240	0.92710	0.92905			6
2025.10.31	00:11:09.238	0.92719	0.92861			6
2025.10.31	00:11:15.116	0.92710	0.92905			6
2025.10.31	00:11:16.108	0.92719	0.92861			6
2025.10.31	00:11:22.026	0.92710	0.92905			6
2025.10.31	00:11:23.024	0.92719	0.92861			6
2025.10.31	00:11:28.866	0.92710	0.92905			6
2025.10.31	00:11:29.847	0.92719	0.92861			6
2025.10.31	00:11:35.703	0.92710	0.92905			6
2025.10.31	00:11:36.671	0.92719	0.92861			6
2025.10.31	00:12:01.301	0.92719				2
2025.10.31	00:12:09.599	0.92722	0.92858			6
2025.10.31	00:12:47.337	0.92719	0.92861			6
2025.10.31	00:12:48.347	0.92722	0.92858			6
2025.10.31	00:13:07.899	0.92722				2
2025.10.31	00:13:50.200		0.92858			4
2025.10.31	00:14:00.500	0.92722				2
2025.10.31	00:14:52.281		0.92858			4
2025.10.31	00:15:05.457	0.92722				2
2025.10.31	00:15:56.348		0.92858			4
2025.10.31	00:16:00.458	0.92722				2
2025.10.31	00:16:57.975		0.92858			4
2025.10.31	00:17:00.400	0.92722				2
2025.10.31	00:18:01.410	0.92722	0.92858			6
2025.10.31	00:19:00.463	0.92722				2
2025.10.31	00:19:08.350		0.92858			4
2025.10.31	00:20:00.607	0.92722				2
2025.10.31	00:20:08.760		0.92858			4
2025.10.31	00:21:00.231	0.92722				2
2025.10.31	00:21:11.498		0.92858			4
2025.10.31	00:22:01.408	0.92722				2
2025.10.31	00:22:11.654		0.92858			4
2025.10.31	00:22:49.208	0.92721	0.92882			6
2025.10.31	00:23:01.411	0.92721				2
2025.10.31	00:23:38.115	0.92722				2
2025.10.31	00:23:54.871		0.92882			4
2025.10.31	00:24:08.501	0.92722				2
2025.10.31	00:24:14.199	0.92723				2
2025.10.31	00:24:17.200	0.92722				2
2025.10.31	00:24:23.844	0.92723				2
2025.10.31	00:24:40.299	0.92724				2
2025.10.31	00:24:47.110	0.92723				2
2025.10.31	00:24:55.478		0.92882			4
2025.10.31	00:24:57.699	0.92724				2
2025.10.31	00:25:00.308	0.92724				2
2025.10.31	00:25:14.127	0.92723				2
2025.10.31	00:25:16.460	0.92724				2
2025.10.31	00:25:24.443	0.92725				2
2025.10.31	00:25:26.173		0.92850			4
2025.10.31	00:25:31.899		0.92849			4
2025.10.31	00:25:35.799		0.92850			4
2025.10.31	00:26:00.399	0.92725	0.92849			6
2025.10.31	00:26:41.499	0.92726				2
2025.10.31	00:26:43.299	0.92725				2
2025.10.31	00:26:49.554	0.92724	0.92850			6
2025.10.31	00:26:51.699	0.92725				2
2025.10.31	00:26:53.297	0.92727				2
2025.10.31	00:26:54.098		0.92849			4
2025.10.31	00:26:58.000		0.92850			4
2025.10.31	00:27:00.473	0.92727				2
2025.10.31	00:27:23.199		0.92849			4
2025.10.31	00:27:32.500		0.92850			4
2025.10.31	00:27:38.203		0.92849			4
2025.10.31	00:27:55.470		0.92850			4
2025.10.31	00:28:00.903	0.92727				2
2025.10.31	00:28:01.299		0.92849			4
2025.10.31	00:28:32.799		0.92838			4
2025.10.31	00:28:37.854		0.92849			4
2025.10.31	00:29:02.283	0.92727				2
2025.10.31	00:29:37.858		0.92849			4
2025.10.31	00:29:38.945	0.92734	0.92843			6
2025.10.31	00:29:39.416	0.92727	0.92850			6
2025.10.31	00:30:00.377	0.92727				2
2025.10.31	00:30:03.989		0.92851			4
2025.10.31	00:30:04.304		0.92850			4
2025.10.31	00:30:05.576		0.92852			4
2025.10.31	00:30:06.516		0.92853			4
2025.10.31	00:30:08.118		0.92850			4
2025.10.31	00:30:09.133	0.92734	0.92838			6
2025.10.31	00:30:17.253	0.92731				2
2025.10.31	00:30:23.454	0.92733	0.92853			6
2025.10.31	00:30:24.116		0.92851			4
2025.10.31	00:30:24.556	0.92734	0.92849			6
2025.10.31	00:30:25.057		0.92844			4
2025.10.31	00:30:44.889	0.92735	0.92838			6
2025.10.31	00:31:00.356	0.92735				2
2025.10.31	00:31:19.892	0.92734	0.92843			6
2025.10.31	00:31:20.410	0.92735	0.92834			6
2025.10.31	00:31:25.112		0.92835			4
2025.10.31	00:31:27.699		0.92834			4
2025.10.31	00:31:35.477	0.92734				2
2025.10.31	00:31:36.962		0.92833			4
2025.10.31	00:31:44.889		0.92834			4
2025.10.31	00:31:45.559		0.92835			4
2025.10.31	00:31:50.499		0.92834			4
2025.10.31	00:31:54.114		0.92833			4
2025.10.31	00:32:00.262	0.92734	0.92834			6
2025.10.31	00:32:07.299		0.92833			4
2025.10.31	00:32:11.207	0.92730	0.92834			6
2025.10.31	00:32:12.192	0.92733				2
2025.10.31	00:32:13.423		0.92832			4
2025.10.31	00:32:31.976	0.92725	0.92835			6
2025.10.31	00:32:32.590	0.92727	0.92833			6
2025.10.31	00:32:39.613	0.92733				2
2025.10.31	00:32:40.069		0.92832			4
2025.10.31	00:33:00.727	0.92733				2
2025.10.31	00:33:07.822		0.92833			4
2025.10.31	00:33:14.875	0.92729				2
2025.10.31	00:33:15.373	0.92733				2
2025.10.31	00:33:15.872	0.92729				2
2025.10.31	00:33:16.378	0.92733				2
2025.10.31	00:33:16.817	0.92729	0.92832			6
2025.10.31	00:33:17.371	0.92733				2
2025.10.31	00:33:17.871	0.92729				2
2025.10.31	00:33:18.348	0.92733				2
2025.10.31	00:33:18.873	0.92729				2
2025.10.31	00:33:19.300	0.92733				2
2025.10.31	00:33:19.873	0.92729				2
2025.10.31	00:33:20.374	0.92733				2
2025.10.31	00:33:20.872	0.92729				2
2025.10.31	00:33:21.375	0.92733				2
2025.10.31	00:33:21.871	0.92729				2
2025.10.31	00:33:22.283	0.92733				2
2025.10.31	00:33:22.872	0.92729				2
2025.10.31	00:33:23.371	0.92733				2
2025.10.31	00:33:23.872	0.92730	0.92831			6
2025.10.31	00:33:24.178	0.92733				2
2025.10.31	00:33:24.875	0.92730				2
2025.10.31	00:33:25.373	0.92733				2
2025.10.31	00:33:25.870	0.92730				2
2025.10.31	00:33:26.373	0.92733				2
2025.10.31	00:33:26.874	0.92730				2
2025.10.31	00:33:27.375	0.92733				2
2025.10.31	00:33:27.872	0.92730				2
2025.10.31	00:33:28.374	0.92733				2
2025.10.31	00:33:28.875	0.92730				2
2025.10.31	00:33:29.372	0.92733				2
2025.10.31	00:33:29.875	0.92730				2
2025.10.31	00:33:30.371	0.92733				2
2025.10.31	00:33:30.872	0.92730				2
2025.10.31	00:33:31.376	0.92733				2
2025.10.31	00:33:31.872	0.92730				2
2025.10.31	00:33:32.372	0.92733				2
2025.10.31	00:33:32.872	0.92730				2
2025.10.31	00:33:33.376	0.92733				2
2025.10.31	00:33:33.875	0.92730				2
2025.10.31	00:33:34.372	0.92733				2
2025.10.31	00:33:34.875	0.92730				2
2025.10.31	00:33:35.371	0.92733				2
2025.10.31	00:33:35.875	0.92730				2
2025.10.31	00:33:36.371	0.92733				2
2025.10.31	00:33:36.874	0.92730				2
2025.10.31	00:33:37.373	0.92733				2
2025.10.31	00:33:37.872	0.92730				2
2025.10.31	00:33:38.371	0.92733				2
2025.10.31	00:33:38.872	0.92730				2
2025.10.31	00:33:39.371	0.92733				2
2025.10.31	00:33:39.872	0.92730				2
2025.10.31	00:33:40.372	0.92733				2
2025.10.31	00:33:40.873	0.92730				2
2025.10.31	00:33:41.373	0.92732				2
2025.10.31	00:33:41.874	0.92730				2
2025.10.31	00:33:42.372	0.92732				2
2025.10.31	00:33:42.871	0.92730				2
2025.10.31	00:33:43.374	0.92732				2
2025.10.31	00:33:46.646	0.92730				2
2025.10.31	00:33:47.147	0.92732				2
2025.10.31	00:33:47.653	0.92730				2
2025.10.31	00:33:48.151	0.92733				2
2025.10.31	00:33:48.647	0.92730				2
2025.10.31	00:33:49.150	0.92733				2
2025.10.31	00:33:49.647	0.92730				2
2025.10.31	00:33:50.148	0.92733				2
2025.10.31	00:33:50.610	0.92730				2
2025.10.31	00:33:51.147	0.92733				2
2025.10.31	00:33:51.648	0.92730				2
2025.10.31	00:33:52.153	0.92733				2
2025.10.31	00:33:52.651	0.92730				2
2025.10.31	00:33:54.151	0.92733				2
2025.10.31	00:33:54.648	0.92730				2
2025.10.31	00:33:55.148	0.92733				2
2025.10.31	00:33:55.648	0.92730				2
2025.10.31	00:33:58.147	0.92733				2
2025.10.31	00:33:58.647	0.92730				2
2025.10.31	00:33:59.147	0.92732				2
2025.10.31	00:33:59.499	0.92730				2
2025.10.31	00:34:00.150	0.92732	0.92830			6
2025.10.31	00:34:01.793	0.92733				2
2025.10.31	00:34:12.790	0.92730				2
2025.10.31	00:34:13.292	0.92733				2
2025.10.31	00:34:13.791	0.92730				2
2025.10.31	00:34:14.291	0.92733				2
2025.10.31	00:34:14.791	0.92730				2
2025.10.31	00:34:15.290	0.92733				2
2025.10.31	00:34:15.791	0.92730				2
2025.10.31	00:34:16.290	0.92733				2
2025.10.31	00:34:18.063	0.92730	0.92831			6
2025.10.31	00:34:18.792	0.92733				2
2025.10.31	00:34:19.791	0.92730				2
2025.10.31	00:34:20.290	0.92733				2
2025.10.31	00:34:20.792	0.92730				2
2025.10.31	00:34:21.290	0.92733				2
2025.10.31	00:34:21.790	0.92730				2
2025.10.31	00:34:22.291	0.92733				2
2025.10.31	00:34:22.591	0.92730				2
2025.10.31	00:34:23.291	0.92733				2
2025.10.31	00:34:23.791	0.92730				2
2025.10.31	00:34:24.290	0.92733				2
2025.10.31	00:34:24.700	0.92730	0.92830			6
2025.10.31	00:34:25.290	0.92733				2
2025.10.31	00:34:25.791	0.92730				2
2025.10.31	00:34:26.290	0.92733				2
2025.10.31	00:34:26.791	0.92730				2
2025.10.31	00:34:27.289	0.92733				2
2025.10.31	00:34:27.790	0.92730				2
2025.10.31	00:34:28.292	0.92733				2
2025.10.31	00:34:28.791	0.92730				2
2025.10.31	00:34:29.290	0.92733				2
2025.10.31	00:34:29.791	0.92730	0.92831			6
2025.10.31	00:34:30.293	0.92733				2
2025.10.31	00:34:30.791	0.92731	0.92830			6
2025.10.31	00:34:31.292	0.92733				2
2025.10.31	00:34:31.791	0.92731				2
2025.10.31	00:34:32.283	0.92733				2
2025.10.31	00:34:32.791	0.92731				2
2025.10.31	00:34:33.292	0.92733				2
2025.10.31	00:34:33.790	0.92731				2
2025.10.31	00:34:34.291	0.92733				2
2025.10.31	00:34:34.790	0.92731				2
2025.10.31	00:34:35.292	0.92733				2
2025.10.31	00:34:35.791	0.92731				2
2025.10.31	00:34:36.290	0.92733				2
2025.10.31	00:34:36.791	0.92731				2
2025.10.31	00:34:38.291	0.92733				2
2025.10.31	00:34:38.792	0.92731				2
2025.10.31	00:34:39.292	0.92733				2
2025.10.31	00:34:39.790	0.92731				2
2025.10.31	00:34:40.289	0.92733				2
2025.10.31	00:34:40.792	0.92730				2
2025.10.31	00:34:41.292	0.92733	0.92829			6
2025.10.31	00:34:41.790	0.92731				2
2025.10.31	00:34:42.291	0.92733				2
2025.10.31	00:34:42.791	0.92730	0.92830			6
2025.10.31	00:34:43.291	0.92731				2
2025.10.31	00:34:43.791	0.92730				2
2025.10.31	00:34:45.032	0.92727	0.92825			6
2025.10.31	00:34:45.536	0.92734	0.92826			6
2025.10.31	00:34:45.983	0.92733	0.92831			6
2025.10.31	00:34:46.346	0.92728	0.92832			6
2025.10.31	00:34:46.985	0.92733	0.92831			6
2025.10.31	00:34:47.483	0.92728	0.92832			6
2025.10.31	00:34:47.984	0.92733	0.92830			6
2025.10.31	00:34:48.484	0.92728	0.92831			6
2025.10.31	00:34:48.983	0.92733	0.92830			6
2025.10.31	00:34:49.484	0.92728	0.92831			6
2025.10.31	00:34:49.986	0.92734	0.92829			6
2025.10.31	00:34:50.484	0.92727				2
2025.10.31	00:34:53.831	0.92734				2
2025.10.31	00:34:54.328	0.92725	0.92828			6
2025.10.31	00:34:54.826	0.92734				2
2025.10.31	00:34:55.329	0.92726	0.92829			6
2025.10.31	00:34:55.827	0.92734	0.92828			6
2025.10.31	00:34:56.330	0.92726	0.92829			6
2025.10.31	00:34:56.827	0.92734	0.92828			6
2025.10.31	00:34:57.330	0.92726	0.92829			6
2025.10.31	00:34:57.828	0.92734	0.92828			6
2025.10.31	00:34:58.265	0.92726	0.92829			6
2025.10.31	00:34:58.829	0.92732				2
2025.10.31	00:34:59.328	0.92726				2
2025.10.31	00:34:59.828	0.92734	0.92828			6
2025.10.31	00:35:00.316	0.92726	0.92829			6
2025.10.31	00:35:06.245	0.92723	0.92823			6
2025.10.31	00:35:10.657	0.92732	0.92831			6
2025.10.31	00:35:11.050	0.92729				2
2025.10.31	00:35:31.187	0.92732				2
2025.10.31	00:35:36.391	0.92728	0.92830			6
2025.10.31	00:35:40.482	0.92727	0.92826			6
2025.10.31	00:35:42.379	0.92734	0.92824			6
2025.10.31	00:35:42.899	0.92724	0.92823			6
2025.10.31	00:35:46.651	0.92733	0.92822			6
2025.10.31	00:35:46.954	0.92726	0.92823			6
2025.10.31	00:35:55.521	0.92723	0.92827			6
2025.10.31	00:35:56.022	0.92722	0.92824			6
2025.10.31	00:36:00.375	0.92723	0.92826			6
2025.10.31	00:36:00.712	0.92730	0.92824			6
2025.10.31	00:36:01.063	0.92731	0.92831			6
2025.10.31	00:36:01.368	0.92725	0.92826			6
2025.10.31	00:36:01.690	0.92722	0.92825			6
2025.10.31	00:36:02.760	0.92726	0.92828			6
2025.10.31	00:36:08.266	0.92722	0.92825			6
2025.10.31	00:36:15.705	0.92723	0.92819			6
2025.10.31	00:36:16.117	0.92721				2
2025.10.31	00:36:18.975	0.92724	0.92818			6
2025.10.31	00:36:27.700	0.92723	0.92820			6
2025.10.31	00:36:29.328		0.92825			4
2025.10.31	00:36:30.026	0.92721	0.92824			6
2025.10.31	00:36:31.537	0.92724				2
2025.10.31	00:36:31.898	0.92727	0.92829			6
2025.10.31	00:36:32.213		0.92822			4
2025.10.31	00:36:32.661		0.92829			4
2025.10.31	00:36:33.698	0.92726				2
2025.10.31	00:36:34.898	0.92733	0.92831			6
2025.10.31	00:36:35.199	0.92727	0.92829			6
2025.10.31	00:36:36.699	0.92732	0.92830			6
2025.10.31	00:36:37.075	0.92726	0.92826			6
2025.10.31	00:36:38.593	0.92734	0.92825			6
2025.10.31	00:36:39.092	0.92726	0.92826			6
2025.10.31	00:36:39.593	0.92732	0.92831			6
2025.10.31	00:36:39.998	0.92726	0.92826			6
2025.10.31	00:36:40.592	0.92734	0.92825			6
2025.10.31	00:36:41.092	0.92726	0.92826			6
2025.10.31	00:36:42.348	0.92733	0.92825			6
2025.10.31	00:36:42.716	0.92726				2
2025.10.31	00:36:43.136	0.92734				2
2025.10.31	00:36:43.636	0.92727	0.92826			6
2025.10.31	00:36:53.902	0.92725	0.92823			6
2025.10.31	00:36:54.253	0.92730	0.92824			6
2025.10.31	00:36:54.557	0.92725	0.92823			6
2025.10.31	00:36:55.490		0.92825			4
2025.10.31	00:36:55.938	0.92733				2
2025.10.31	00:36:56.241	0.92726	0.92823			6
2025.10.31	00:36:56.736	0.92733	0.92825			6
2025.10.31	00:36:57.064	0.92726				2
2025.10.31	00:36:57.402	0.92733				2
2025.10.31	00:36:57.846	0.92726	0.92822			6
2025.10.31	00:36:58.249	0.92725				2
2025.10.31	00:36:59.216	0.92724	0.92826			6
2025.10.31	00:37:00.416	0.92726				2
2025.10.31	00:37:02.966	0.92734				2
2025.10.31	00:37:03.336	0.92726				2
2025.10.31	00:37:03.831	0.92734				2
2025.10.31	00:37:04.832	0.92735	0.92817			6
2025.10.31	00:37:05.188	0.92732	0.92825			6
2025.10.31	00:37:05.862	0.92725				2
2025.10.31	00:37:06.361	0.92726	0.92821			6
2025.10.31	00:37:06.765	0.92729	0.92822			6
2025.10.31	00:37:07.092	0.92730	0.92824			6
2025.10.31	00:37:07.431	0.92726	0.92822			6
2025.10.31	00:37:07.873	0.92734	0.92821			6
2025.10.31	00:37:08.175	0.92727	0.92822			6
2025.10.31	00:37:08.477	0.92726	0.92819			6
2025.10.31	00:37:08.942	0.92732	0.92830			6
2025.10.31	00:37:09.246	0.92726	0.92819			6
2025.10.31	00:37:09.551		0.92824			4
2025.10.31	00:37:09.965	0.92733	0.92823			6
2025.10.31	00:37:10.297	0.92724	0.92821			6
2025.10.31	00:37:10.692	0.92726	0.92827			6
2025.10.31	00:37:10.994		0.92822			4
2025.10.31	00:37:11.397	0.92727				2
2025.10.31	00:37:11.801		0.92819			4
2025.10.31	00:37:12.281	0.92728	0.92825			6
2025.10.31	00:37:12.599	0.92725	0.92818			6
2025.10.31	00:37:13.116	0.92726	0.92826			6
2025.10.31	00:37:13.461	0.92725				2
2025.10.31	00:37:13.797		0.92824			4
2025.10.31	00:37:14.257	0.92726				2
2025.10.31	00:37:14.799	0.92725				2
2025.10.31	00:37:15.175	0.92728	0.92825			6
2025.10.31	00:37:15.483	0.92726	0.92826			6
2025.10.31	00:37:15.802		0.92823			4
2025.10.31	00:37:16.133		0.92826			4
2025.10.31	00:37:16.452		0.92827			4
2025.10.31	00:37:16.788		0.92824			4
2025.10.31	00:37:17.193		0.92826			4
2025.10.31	00:37:17.536	0.92732	0.92824			6
2025.10.31	00:37:18.078	0.92724	0.92825			6
2025.10.31	00:37:18.501	0.92733	0.92824			6
2025.10.31	00:37:18.820	0.92725	0.92825			6
2025.10.31	00:37:19.137	0.92726				2
2025.10.31	00:37:19.467	0.92725				2
2025.10.31	00:37:19.777	0.92734	0.92824			6
2025.10.31	00:37:20.155	0.92725	0.92825			6
2025.10.31	00:37:20.480	0.92732	0.92826			6
2025.10.31	00:37:20.982	0.92724	0.92825			6
2025.10.31	00:37:21.480	0.92732	0.92826			6
2025.10.31	00:37:21.988	0.92724	0.92825			6
2025.10.31	00:37:22.452	0.92731	0.92830			6
2025.10.31	00:37:22.982	0.92723	0.92825			6
2025.10.31	00:37:23.485	0.92724	0.92831			6
2025.10.31	00:37:23.837	0.92725				2
2025.10.31	00:37:24.641		0.92830			4
2025.10.31	00:37:25.084	0.92730	0.92824			6
2025.10.31	00:37:25.399	0.92726	0.92823			6
2025.10.31	00:37:25.736	0.92725	0.92822			6
2025.10.31	00:37:26.154		0.92821			4
2025.10.31	00:37:26.590	0.92726	0.92825			6
2025.10.31	00:37:26.891		0.92821			4
2025.10.31	00:37:27.198	0.92730	0.92829			6
2025.10.31	00:37:27.583	0.92726	0.92823			6
2025.10.31	00:37:28.364	0.92731	0.92825			6
2025.10.31	00:37:28.866	0.92726	0.92823			6
2025.10.31	00:37:29.364	0.92731	0.92825			6
2025.10.31	00:37:29.867	0.92726	0.92823			6
2025.10.31	00:37:30.364	0.92731	0.92825			6
2025.10.31	00:37:30.867	0.92726	0.92823			6
2025.10.31	00:37:31.368	0.92731	0.92825			6
2025.10.31	00:37:31.866	0.92726	0.92820			6
2025.10.31	00:37:32.199	0.92733	0.92825			6
2025.10.31	00:37:32.516	0.92727	0.92820			6
2025.10.31	00:37:32.920	0.92730	0.92823			6
2025.10.31	00:37:33.250	0.92725				2
2025.10.31	00:37:33.585	0.92726	0.92826			6
2025.10.31	00:37:33.908	0.92731	0.92825			6
2025.10.31	00:37:34.219	0.92726	0.92823			6
2025.10.31	00:37:34.527		0.92824			4
2025.10.31	00:37:34.947	0.92731	0.92830			6
2025.10.31	00:37:35.450	0.92724	0.92827			6
2025.10.31	00:37:35.876	0.92731	0.92830			6
2025.10.31	00:37:36.375	0.92724	0.92826			6
2025.10.31	00:37:36.877	0.92732				2
2025.10.31	00:37:37.376	0.92734				2
2025.10.31	00:37:37.728	0.92725	0.92825			6
2025.10.31	00:37:38.122	0.92724				2
2025.10.31	00:37:39.398	0.92723				2
2025.10.31	00:37:43.118	0.92734	0.92826			6
2025.10.31	00:37:44.052		0.92821			4
2025.10.31	00:37:45.337		0.92826			4
2025.10.31	00:37:52.158	0.92730	0.92827			6
2025.10.31	00:37:52.661	0.92728				2
2025.10.31	00:37:53.473	0.92733	0.92826			6
2025.10.31	00:38:00.377	0.92733				2
2025.10.31	00:38:00.713	0.92734	0.92827			6
2025.10.31	00:38:16.689	0.92731	0.92828			6
2025.10.31	00:38:30.476	0.92714	0.92833			6
2025.10.31	00:38:34.033	0.92731	0.92828			6
2025.10.31	00:38:41.151	0.92725	0.92827			6
2025.10.31	00:38:41.755	0.92724	0.92816			6
2025.10.31	00:38:46.859	0.92723	0.92815			6
2025.10.31	00:38:47.218	0.92725	0.92828			6
2025.10.31	00:38:54.484	0.92723	0.92816			6
2025.10.31	00:38:54.987	0.92724	0.92828			6
2025.10.31	00:38:56.498	0.92725				2
2025.10.31	00:38:57.423		0.92820			4
2025.10.31	00:38:58.345	0.92724				2
2025.10.31	00:39:00.054	0.92726	0.92822			6
2025.10.31	00:39:00.420	0.92724				2
2025.10.31	00:39:05.498		0.92816			4
2025.10.31	00:39:30.869	0.92726	0.92847			6
2025.10.31	00:39:31.236	0.92728	0.92837			6
2025.10.31	00:39:32.198	0.92729				2
2025.10.31	00:39:34.899	0.92730				2
2025.10.31	00:39:36.107	0.92731				2
2025.10.31	00:39:36.932	0.92733				2
2025.10.31	00:39:39.698	0.92734				2
2025.10.31	00:39:43.600	0.92735				2
2025.10.31	00:39:46.599	0.92736				2
2025.10.31	00:39:47.200	0.92735				2
2025.10.31	00:39:48.605	0.92734	0.92841			6
2025.10.31	00:39:48.908	0.92735	0.92837			6
2025.10.31	00:39:49.709		0.92852			4
2025.10.31	00:39:50.207		0.92835			4
2025.10.31	00:39:50.707		0.92852			4
2025.10.31	00:39:51.100		0.92835			4
2025.10.31	00:39:51.709		0.92852			4
2025.10.31	00:39:52.208		0.92835			4
2025.10.31	00:39:57.476	0.92736				2
2025.10.31	00:39:57.897	0.92737	0.92852			6
2025.10.31	00:39:58.200	0.92735	0.92836			6
2025.10.31	00:39:58.898		0.92852			4
2025.10.31	00:39:59.336		0.92836			4
2025.10.31	00:40:00.409	0.92734				2
2025.10.31	00:40:00.909	0.92736				2
2025.10.31	00:40:05.972	0.92738				2
2025.10.31	00:40:14.198	0.92737				2
2025.10.31	00:40:14.562	0.92738				2
2025.10.31	00:40:14.899	0.92729				2
2025.10.31	00:40:15.394	0.92734				2
2025.10.31	00:40:16.898	0.92735				2
2025.10.31	00:40:19.299	0.92736	0.92833			6
2025.10.31	00:40:20.083		0.92841			4
2025.10.31	00:40:20.587		0.92837			4
2025.10.31	00:40:21.099	0.92737				2
2025.10.31	00:40:23.200	0.92738				2
2025.10.31	00:40:25.628	0.92731				2
2025.10.31	00:40:25.935	0.92734				2
2025.10.31	00:40:26.947	0.92737				2
2025.10.31	00:40:28.609	0.92733				2
2025.10.31	00:40:30.699	0.92734	0.92840			6
2025.10.31	00:40:31.373		0.92838			4
2025.10.31	00:40:36.098	0.92738				2
2025.10.31	00:40:39.113		0.92841			4
2025.10.31	00:40:39.624		0.92839			4
2025.10.31	00:40:40.245	0.92739	0.92836			6
2025.10.31	00:40:40.624		0.92839			4
2025.10.31	00:40:41.107	0.92734				2
2025.10.31	00:40:41.416	0.92738				2
2025.10.31	00:40:43.810	0.92736				2
2025.10.31	00:40:44.242	0.92734				2
2025.10.31	00:40:45.790	0.92731				2
2025.10.31	00:40:46.287	0.92736				2
2025.10.31	00:40:46.786	0.92738				2
2025.10.31	00:40:47.098	0.92733				2
2025.10.31	00:40:47.471	0.92735				2
2025.10.31	00:40:48.975		0.92836			4
2025.10.31	00:40:50.199	0.92736				2
2025.10.31	00:40:53.690	0.92737				2
2025.10.31	00:40:54.036	0.92736				2
2025.10.31	00:40:58.299	0.92737				2
2025.10.31	00:41:00.335	0.92737				2
2025.10.31	00:41:02.282	0.92736				2
2025.10.31	00:41:04.062	0.92739	0.92843			6
2025.10.31	00:41:04.566		0.92835			4
2025.10.31	00:41:05.066		0.92851			4
2025.10.31	00:41:05.562		0.92839			4
2025.10.31	00:41:06.175		0.92837			4
2025.10.31	00:41:09.051		0.92850			4
2025.10.31	00:41:09.406	0.92740	0.92836			6
2025.10.31	00:41:11.484		0.92850			4
2025.10.31	00:41:11.987		0.92836			4
2025.10.31	00:41:12.488		0.92849			4
2025.10.31	00:41:12.987		0.92836			4
2025.10.31	00:41:13.988		0.92849			4
2025.10.31	00:41:14.486		0.92836			4
2025.10.31	00:41:14.864		0.92856			4
2025.10.31	00:41:15.485		0.92837			4
2025.10.31	00:41:15.985		0.92856			4
2025.10.31	00:41:16.485		0.92837			4
2025.10.31	00:41:16.988		0.92856			4
2025.10.31	00:41:17.426		0.92835			4
2025.10.31	00:41:17.986	0.92741	0.92842			6
2025.10.31	00:41:18.487		0.92835			4
2025.10.31	00:41:18.988		0.92843			4
2025.10.31	00:41:19.486		0.92835			4
2025.10.31	00:41:19.988		0.92843			4
2025.10.31	00:41:20.486		0.92835			4
2025.10.31	00:41:20.988		0.92852			4
2025.10.31	00:41:21.988		0.92841			4
2025.10.31	00:41:22.488		0.92852			4
2025.10.31	00:41:23.988	0.92740	0.92842			6
2025.10.31	00:41:24.450		0.92839			4
2025.10.31	00:41:45.031	0.92739	0.92837			6
2025.10.31	00:41:45.471	0.92740	0.92839			6
2025.10.31	00:41:46.030		0.92837			4
2025.10.31	00:41:46.430		0.92852			4
2025.10.31	00:41:47.530		0.92857			4
2025.10.31	00:41:53.440	0.92739				2
2025.10.31	00:41:55.535		0.92852			4
2025.10.31	00:42:02.535	0.92739	0.92841			6
2025.10.31	00:42:03.029		0.92837			4
2025.10.31	00:42:03.529	0.92737	0.92852			6
2025.10.31	00:42:06.030		0.92835			4
2025.10.31	00:42:06.530		0.92841			4
2025.10.31	00:42:07.031		0.92835			4
2025.10.31	00:42:07.529		0.92841			4
2025.10.31	00:42:08.031		0.92835			4
2025.10.31	00:42:08.528		0.92841			4
2025.10.31	00:42:09.029		0.92835			4
2025.10.31	00:42:09.528		0.92853			4
2025.10.31	00:42:10.530		0.92852			4
2025.10.31	00:42:12.530		0.92841			4
2025.10.31	00:42:13.030		0.92837			4
2025.10.31	00:42:13.530	0.92736	0.92841			6
2025.10.31	00:42:14.028		0.92837			4
2025.10.31	00:42:14.530		0.92841			4
2025.10.31	00:42:15.029		0.92837			4
2025.10.31	00:42:15.530		0.92840			4
2025.10.31	00:42:16.029		0.92837			4
2025.10.31	00:42:16.531		0.92840			4
2025.10.31	00:42:17.028		0.92852			4
2025.10.31	00:42:17.530		0.92841			4
2025.10.31	00:42:18.030		0.92837			4
2025.10.31	00:42:18.529		0.92841			4
2025.10.31	00:42:19.030		0.92837			4
2025.10.31	00:42:19.530		0.92840			4
2025.10.31	00:42:20.030		0.92837			4
2025.10.31	00:42:20.530		0.92840			4
2025.10.31	00:42:21.031		0.92852			4
2025.10.31	00:42:21.530		0.92841			4
2025.10.31	00:42:22.030		0.92837			4
2025.10.31	00:42:22.531		0.92840			4
2025.10.31	00:42:23.029	0.92739	0.92837			6
2025.10.31	00:42:23.368		0.92840			4
2025.10.31	00:42:24.029		0.92837			4
2025.10.31	00:42:24.435		0.92841			4
2025.10.31	00:42:25.031		0.92835			4
2025.10.31	00:42:25.498		0.92841			4
2025.10.31	00:42:26.030		0.92835			4
2025.10.31	00:42:26.530	0.92740	0.92841			6
2025.10.31	00:42:27.030		0.92835			4
2025.10.31	00:42:27.530		0.92841			4
2025.10.31	00:42:28.028		0.92835			4
2025.10.31	00:42:28.528	0.92739	0.92841			6
2025.10.31	00:42:29.028	0.92740	0.92835			6
2025.10.31	00:42:29.531		0.92841			4
2025.10.31	00:42:30.032		0.92835			4
2025.10.31	00:42:30.531		0.92841			4
2025.10.31	00:42:31.029		0.92852			4
2025.10.31	00:42:31.533		0.92841			4
2025.10.31	00:42:32.030		0.92837			4
2025.10.31	00:42:32.530		0.92841			4
2025.10.31	00:42:33.026	0.92741	0.92837			6
2025.10.31	00:42:36.648	0.92740				2
2025.10.31	00:42:41.052	0.92741	0.92841			6
2025.10.31	00:42:41.562		0.92839			4
2025.10.31	00:42:43.801	0.92739				2
2025.10.31	00:42:44.498	0.92736				2
2025.10.31	00:42:44.819	0.92737	0.92841			6
2025.10.31	00:42:45.369		0.92838			4
2025.10.31	00:42:47.009	0.92735				2
2025.10.31	00:42:47.445	0.92736				2
2025.10.31	00:42:47.765	0.92738				2
2025.10.31	00:42:48.249	0.92737	0.92836			6
2025.10.31	00:42:48.956		0.92838			4
2025.10.31	00:42:49.454		0.92836			4
2025.10.31	00:42:49.962		0.92840			4
2025.10.31	00:42:50.369		0.92835			4
2025.10.31	00:42:50.954		0.92840			4
2025.10.31	00:42:51.454		0.92835			4
2025.10.31	00:42:51.957		0.92840			4
2025.10.31	00:42:52.452		0.92835			4
2025.10.31	00:42:52.954		0.92840			4
2025.10.31	00:42:53.455		0.92837			4
2025.10.31	00:42:53.871		0.92839			4
2025.10.31	00:42:54.453		0.92836			4
2025.10.31	00:42:54.960		0.92839			4
2025.10.31	00:42:55.453		0.92837			4
2025.10.31	00:42:55.967		0.92839			4
2025.10.31	00:42:56.453		0.92837			4
2025.10.31	00:42:56.957		0.92839			4
2025.10.31	00:42:57.453		0.92837			4
2025.10.31	00:42:57.964		0.92841			4
2025.10.31	00:42:58.453		0.92837			4
2025.10.31	00:42:58.969		0.92841			4
2025.10.31	00:42:59.454		0.92837			4
2025.10.31	00:42:59.959		0.92840			4
2025.10.31	00:43:00.453	0.92737	0.92837			6
2025.10.31	00:43:00.952		0.92841			4
2025.10.31	00:43:01.453		0.92837			4
2025.10.31	00:43:01.953		0.92841			4
2025.10.31	00:43:02.453		0.92837			4
2025.10.31	00:43:02.954		0.92841			4
2025.10.31	00:43:03.454	0.92738	0.92837			6
2025.10.31	00:43:03.953	0.92740	0.92841			6
2025.10.31	00:43:04.454		0.92837			4
2025.10.31	00:43:04.955	0.92742				2
2025.10.31	00:43:06.077	0.92743	0.92847			6
2025.10.31	00:43:06.580		0.92841			4
2025.10.31	00:43:07.081	0.92744	0.92850			6
2025.10.31	00:43:07.581		0.92846			4
2025.10.31	00:43:09.698	0.92739				2
2025.10.31	00:43:10.007		0.92841			4
2025.10.31	00:43:10.413	0.92741	0.92837			6
2025.10.31	00:43:10.915	0.92739	0.92847			6
2025.10.31	00:43:11.219	0.92740	0.92842			6
2025.10.31	00:43:11.538		0.92837			4
2025.10.31	00:43:12.488		0.92846			4
2025.10.31	00:43:12.988		0.92837			4
2025.10.31	00:43:22.811		0.92840			4
2025.10.31	00:43:23.313		0.92836			4
2025.10.31	00:43:23.815		0.92840			4
2025.10.31	00:43:24.313		0.92836			4
2025.10.31	00:43:24.816		0.92841			4
2025.10.31	00:43:25.313	0.92741	0.92836			6
2025.10.31	00:43:25.617	0.92740	0.92841			6
2025.10.31	00:43:26.126	0.92741	0.92836			6
2025.10.31	00:43:26.813		0.92841			4
2025.10.31	00:43:27.115	0.92743	0.92836			6
2025.10.31	00:43:27.813		0.92839			4
2025.10.31	00:43:29.148		0.92836			4
2025.10.31	00:43:31.362	0.92742				2
2025.10.31	00:43:31.862		0.92839			4
2025.10.31	00:43:32.187	0.92744	0.92835			6
2025.10.31	00:43:32.602		0.92839			4
2025.10.31	00:43:33.616	0.92743	0.92835			6
2025.10.31	00:43:33.999	0.92744				2
2025.10.31	00:43:34.361		0.92839			4
2025.10.31	00:43:40.598		0.92835			4
2025.10.31	00:43:41.056		0.92843			4
2025.10.31	00:43:41.378	0.92741				2
2025.10.31	00:43:41.698	0.92742	0.92835			6
2025.10.31	00:43:42.775		0.92840			4
2025.10.31	00:43:43.298		0.92842			4
2025.10.31	00:43:44.423	0.92741	0.92835			6
2025.10.31	00:43:44.823	0.92743	0.92839			6
2025.10.31	00:43:45.138	0.92742				2
2025.10.31	00:43:46.109	0.92741				2
2025.10.31	00:43:51.342	0.92742				2
2025.10.31	00:43:55.222	0.92743				2
2025.10.31	00:43:57.696	0.92744				2
2025.10.31	00:44:00.376	0.92743	0.92845			6
2025.10.31	00:44:00.944	0.92742	0.92837			6
2025.10.31	00:44:01.462		0.92843			4
2025.10.31	00:44:01.950		0.92837			4
2025.10.31	00:44:02.280	0.92743	0.92843			6
2025.10.31	00:44:02.949		0.92837			4
2025.10.31	00:44:04.678		0.92843			4
2025.10.31	00:44:05.116	0.92744	0.92837			6
2025.10.31	00:44:06.503	0.92743	0.92844			6
2025.10.31	00:44:07.010	0.92742	0.92836			6
2025.10.31	00:44:07.511		0.92842			4
2025.10.31	00:44:10.561	0.92744	0.92837			6
2025.10.31	00:44:11.372		0.92842			4
2025.10.31	00:44:12.132		0.92837			4
2025.10.31	00:44:12.646		0.92842			4
2025.10.31	00:44:14.344		0.92846			4
2025.10.31	00:44:14.878	0.92743	0.92837			6
2025.10.31	00:44:15.949		0.92843			4
2025.10.31	00:44:16.446		0.92836			4
2025.10.31	00:44:20.760		0.92844			4
2025.10.31	00:44:21.259		0.92836			4
2025.10.31	00:44:23.499	0.92742				2
2025.10.31	00:44:24.439		0.92843			4
2025.10.31	00:44:24.944		0.92836			4
2025.10.31	00:44:25.300		0.92840			4
2025.10.31	00:44:27.326		0.92844			4
2025.10.31	00:44:27.824		0.92840			4
2025.10.31	00:44:31.432	0.92741	0.92845			6
2025.10.31	00:44:31.983		0.92843			4
2025.10.31	00:44:34.599	0.92742				2
2025.10.31	00:44:36.080		0.92839			4
2025.10.31	00:44:36.580		0.92844			4
2025.10.31	00:44:36.999	0.92741				2
2025.10.31	00:44:39.113		0.92847			4
2025.10.31	00:44:40.429		0.92843			4
2025.10.31	00:44:41.211	0.92740	0.92839			6
2025.10.31	00:44:41.716	0.92741	0.92842			6
2025.10.31	00:44:42.258		0.92838			4
2025.10.31	00:44:42.715		0.92846			4
2025.10.31	00:44:43.157	0.92740	0.92838			6
2025.10.31	00:44:43.709		0.92847			4
2025.10.31	00:44:44.208		0.92838			4
2025.10.31	00:44:44.715		0.92847			4
2025.10.31	00:44:45.216		0.92838			4
2025.10.31	00:44:45.710		0.92847			4
2025.10.31	00:44:46.212		0.92838			4
2025.10.31	00:44:46.716		0.92847			4
2025.10.31	00:44:47.200		0.92838			4
2025.10.31	00:44:47.518	0.92741	0.92846			6
2025.10.31	00:44:51.465	0.92742	0.92839			6
2025.10.31	00:44:51.816	0.92740	0.92846			6
2025.10.31	00:44:52.285	0.92741	0.92839			6
2025.10.31	00:44:53.683		0.92847			4
2025.10.31	00:44:54.256		0.92838			4
2025.10.31	00:44:58.298	0.92742				2
2025.10.31	00:45:00.381	0.92740	0.92842			6
2025.10.31	00:45:00.746		0.92838			4
2025.10.31	00:45:01.219	0.92741	0.92842			6
2025.10.31	00:45:01.685	0.92740	0.92838			6
2025.10.31	00:45:02.877	0.92738	0.92857			6
2025.10.31	00:45:06.765	0.92740	0.92842			6
2025.10.31	00:45:07.425		0.92838			4
2025.10.31	00:45:07.877		0.92842			4
2025.10.31	00:45:10.863	0.92758	0.92824			6
2025.10.31	00:45:13.533	0.92757				2
2025.10.31	00:45:13.927		0.92828			4
2025.10.31	00:45:14.378		0.92824			4
2025.10.31	00:45:14.925		0.92828			4
2025.10.31	00:45:15.377		0.92824			4
2025.10.31	00:45:15.926		0.92828			4
2025.10.31	00:45:16.377		0.92824			4
2025.10.31	00:45:16.878		0.92828			4
2025.10.31	00:45:17.199	0.92758	0.92824			6
2025.10.31	00:45:17.926	0.92761	0.92828			6
2025.10.31	00:45:18.377	0.92760	0.92820			6
2025.10.31	00:45:18.877	0.92761	0.92826			6
2025.10.31	00:45:20.250	0.92759	0.92821			6
2025.10.31	00:45:20.754		0.92829			4
2025.10.31	00:45:21.117	0.92758	0.92821			6
2025.10.31	00:45:21.750		0.92827			4
2025.10.31	00:45:24.301		0.92822			4
2025.10.31	00:45:24.753		0.92827			4
2025.10.31	00:45:25.299		0.92822			4
2025.10.31	00:45:25.753		0.92827			4
2025.10.31	00:45:26.299		0.92822			4
2025.10.31	00:45:26.675		0.92824			4
2025.10.31	00:45:27.299		0.92822			4
2025.10.31	00:45:27.749		0.92824			4
2025.10.31	00:45:28.298		0.92822			4
2025.10.31	00:45:28.749		0.92824			4
2025.10.31	00:45:29.300		0.92822			4
2025.10.31	00:45:29.751		0.92824			4
2025.10.31	00:45:30.300		0.92822			4
2025.10.31	00:45:30.750		0.92824			4
2025.10.31	00:45:31.299		0.92821			4
2025.10.31	00:45:31.751		0.92824			4
2025.10.31	00:45:32.299		0.92821			4
2025.10.31	00:45:32.755		0.92824			4
2025.10.31	00:45:33.299		0.92822			4
2025.10.31	00:45:33.752		0.92824			4
2025.10.31	00:45:34.300		0.92822			4
2025.10.31	00:45:34.750		0.92824			4
2025.10.31	00:45:35.298		0.92822			4
2025.10.31	00:45:35.753		0.92824			4
2025.10.31	00:45:36.057		0.92822			4
2025.10.31	00:45:36.756		0.92824			4
2025.10.31	00:45:37.223		0.92822			4
2025.10.31	00:45:37.750		0.92824			4
2025.10.31	00:45:38.249		0.92822			4
2025.10.31	00:45:38.751		0.92824			4
2025.10.31	00:45:39.150		0.92822			4
2025.10.31	00:45:39.749		0.92824			4
2025.10.31	00:45:40.095	0.92759	0.92822			6
2025.10.31	00:45:40.749		0.92824			4
2025.10.31	00:45:41.300		0.92822			4
2025.10.31	00:45:41.749		0.92824			4
2025.10.31	00:45:45.299		0.92822			4
2025.10.31	00:45:45.752		0.92824			4
2025.10.31	00:45:46.299	0.92758	0.92822			6
2025.10.31	00:45:46.750		0.92824			4
2025.10.31	00:45:47.300		0.92822			4
2025.10.31	00:45:47.749		0.92824			4
2025.10.31	00:45:48.299		0.92822			4
2025.10.31	00:45:48.751		0.92824			4
2025.10.31	00:45:49.299		0.92822			4
2025.10.31	00:45:49.750		0.92824			4
2025.10.31	00:45:50.299		0.92822			4
2025.10.31	00:45:50.615		0.92824			4
2025.10.31	00:45:51.299		0.92822			4
2025.10.31	00:45:51.750		0.92824			4
2025.10.31	00:45:52.299		0.92822			4
2025.10.31	00:45:52.755		0.92824			4
2025.10.31	00:45:53.199		0.92822			4
2025.10.31	00:45:53.750		0.92824			4
2025.10.31	00:45:56.277		0.92825			4
2025.10.31	00:46:01.605	0.92758				2
2025.10.31	00:46:06.999		0.92824			4
2025.10.31	00:46:10.457		0.92822			4
2025.10.31	00:46:10.962		0.92825			4
2025.10.31	00:46:11.408		0.92822			4
2025.10.31	00:46:11.962		0.92825			4
2025.10.31	00:46:12.515		0.92822			4
2025.10.31	00:46:12.963		0.92825			4
2025.10.31	00:46:17.517		0.92822			4
2025.10.31	00:46:17.962		0.92825			4
2025.10.31	00:46:18.512		0.92822			4
2025.10.31	00:46:18.962		0.92825			4
2025.10.31	00:46:19.515		0.92822			4
2025.10.31	00:46:19.962		0.92825			4
2025.10.31	00:46:20.512		0.92822			4
2025.10.31	00:46:20.963		0.92825			4
2025.10.31	00:46:21.514		0.92822			4
2025.10.31	00:46:21.962		0.92825			4
2025.10.31	00:46:22.511		0.92822			4
2025.10.31	00:46:22.899	0.92757	0.92825			6
2025.10.31	00:46:23.513		0.92822			4
2025.10.31	00:46:23.962		0.92825			4
2025.10.31	00:46:24.515		0.92822			4
2025.10.31	00:46:24.962		0.92825			4
2025.10.31	00:46:25.512		0.92822			4
2025.10.31	00:46:25.962		0.92825			4
2025.10.31	00:46:26.512		0.92822			4
2025.10.31	00:46:26.963		0.92825			4
2025.10.31	00:46:27.516		0.92822			4
2025.10.31	00:46:27.965		0.92825			4
2025.10.31	00:46:28.512		0.92822			4
2025.10.31	00:46:28.963		0.92825			4
2025.10.31	00:46:29.330	0.92758	0.92822			6
2025.10.31	00:46:29.964		0.92824			4
2025.10.31	00:46:30.417	0.92757	0.92826			6
2025.10.31	00:46:30.965	0.92758	0.92825			6
2025.10.31	00:46:33.088	0.92757	0.92822			6
2025.10.31	00:46:33.587	0.92758	0.92826			6
2025.10.31	00:46:42.214	0.92757				2
2025.10.31	00:46:44.339	0.92758	0.92821			6
2025.10.31	00:46:44.845	0.92757	0.92826			6
2025.10.31	00:46:45.342		0.92820			4
2025.10.31	00:46:45.847		0.92826			4
2025.10.31	00:46:46.341		0.92820			4
2025.10.31	00:46:46.844		0.92826			4
2025.10.31	00:46:47.340		0.92820			4
2025.10.31	00:46:47.843		0.92826			4
2025.10.31	00:46:48.341		0.92820			4
2025.10.31	00:46:48.842		0.92826			4
2025.10.31	00:46:49.343		0.92821			4
2025.10.31	00:46:49.842		0.92826			4
2025.10.31	00:46:50.342		0.92821			4
2025.10.31	00:46:50.844		0.92826			4
2025.10.31	00:46:51.340		0.92821			4
2025.10.31	00:46:51.844		0.92826			4
2025.10.31	00:46:52.340		0.92821			4
2025.10.31	00:46:52.843		0.92827			4
2025.10.31	00:46:53.339		0.92821			4
2025.10.31	00:46:53.841	0.92758	0.92826			6
2025.10.31	00:46:54.341		0.92821			4
2025.10.31	00:46:54.841		0.92826			4
2025.10.31	00:46:55.340		0.92821			4
2025.10.31	00:46:55.840		0.92826			4
2025.10.31	00:46:56.341		0.92824			4
2025.10.31	00:46:56.841		0.92825			4
2025.10.31	00:46:57.340		0.92824			4
2025.10.31	00:46:57.842		0.92825			4
2025.10.31	00:46:58.341		0.92824			4
2025.10.31	00:47:00.342	0.92758	0.92825			6
2025.10.31	00:47:01.798		0.92824			4
2025.10.31	00:47:03.148	0.92750	0.92833			6
2025.10.31	00:47:04.411	0.92751	0.92834			6
2025.10.31	00:47:06.619	0.92759	0.92824			6
2025.10.31	00:47:10.846		0.92825			4
2025.10.31	00:47:11.348		0.92821			4
2025.10.31	00:47:11.811	0.92758	0.92826			6
2025.10.31	00:47:12.350	0.92757	0.92821			6
2025.10.31	00:47:12.848		0.92827			4
2025.10.31	00:47:13.345		0.92821			4
2025.10.31	00:47:13.855		0.92827			4
2025.10.31	00:47:14.345		0.92821			4
2025.10.31	00:47:14.852		0.92827			4
2025.10.31	00:47:15.346		0.92821			4
2025.10.31	00:47:15.848		0.92827			4
2025.10.31	00:47:16.348		0.92821			4
2025.10.31	00:47:16.855		0.92827			4
2025.10.31	00:47:17.346		0.92821			4
2025.10.31	00:47:17.851		0.92827			4
2025.10.31	00:47:18.346		0.92821			4
2025.10.31	00:47:18.848		0.92827			4
2025.10.31	00:47:19.346		0.92821			4
2025.10.31	00:47:19.855		0.92827			4
2025.10.31	00:47:20.499	0.92756				2
2025.10.31	00:47:23.998	0.92757	0.92821			6
2025.10.31	00:47:24.570		0.92827			4
2025.10.31	00:47:25.070		0.92821			4
2025.10.31	00:47:25.570		0.92827			4
2025.10.31	00:47:26.071		0.92821			4
2025.10.31	00:47:26.570		0.92826			4
2025.10.31	00:47:27.075		0.92821			4
2025.10.31	00:47:27.570		0.92826			4
2025.10.31	00:47:35.040		0.92822			4
2025.10.31	00:47:35.542		0.92826			4
2025.10.31	00:47:36.043		0.92822			4
2025.10.31	00:47:36.541		0.92826			4
2025.10.31	00:47:37.041		0.92822			4
2025.10.31	00:47:37.543		0.92826			4
2025.10.31	00:47:38.040	0.92758	0.92822			6
2025.10.31	00:47:38.543		0.92826			4
2025.10.31	00:47:39.009		0.92821			4
2025.10.31	00:47:39.542		0.92826			4
2025.10.31	00:47:40.040		0.92820			4
2025.10.31	00:47:40.542		0.92826			4
2025.10.31	00:47:41.043		0.92820			4
2025.10.31	00:47:41.540		0.92826			4
2025.10.31	00:47:41.866	0.92757	0.92825			6
2025.10.31	00:47:43.040		0.92824			4
2025.10.31	00:47:43.542		0.92825			4
2025.10.31	00:47:44.039		0.92824			4
2025.10.31	00:47:44.539		0.92825			4
2025.10.31	00:47:45.040		0.92824			4
2025.10.31	00:47:45.546		0.92825			4
2025.10.31	00:47:48.542	0.92758	0.92824			6
2025.10.31	00:47:50.422		0.92825			4
2025.10.31	00:47:52.899		0.92824			4
2025.10.31	00:47:53.267		0.92819			4
2025.10.31	00:47:56.173		0.92839			4
2025.10.31	00:48:01.911	0.92758				2
2025.10.31	00:48:02.541		0.92825			4
2025.10.31	00:48:03.045		0.92822			4
2025.10.31	00:48:03.540		0.92825			4
2025.10.31	00:48:04.043	0.92757	0.92822			6
2025.10.31	00:48:04.542		0.92825			4
2025.10.31	00:48:05.048		0.92822			4
2025.10.31	00:48:05.540		0.92825			4
2025.10.31	00:48:06.043		0.92822			4
2025.10.31	00:48:06.543		0.92825			4
2025.10.31	00:48:07.041		0.92822			4
2025.10.31	00:48:07.445		0.92839			4
2025.10.31	00:48:17.849		0.92828			4
2025.10.31	00:48:18.351		0.92820			4
2025.10.31	00:48:18.855	0.92758	0.92825			6
2025.10.31	00:48:19.355		0.92820			4
2025.10.31	00:48:19.851		0.92825			4
2025.10.31	00:48:20.165		0.92820			4
2025.10.31	00:48:20.848		0.92839			4
2025.10.31	00:48:22.350		0.92821			4
2025.10.31	00:48:22.659	0.92756	0.92822			6
2025.10.31	00:48:23.400		0.92820			4
2025.10.31	00:48:24.100	0.92757				2
2025.10.31	00:48:24.950		0.92821			4
2025.10.31	00:48:26.565		0.92820			4
2025.10.31	00:48:27.757		0.92821			4
2025.10.31	00:48:40.299		0.92823			4
2025.10.31	00:48:41.028		0.92821			4
2025.10.31	00:48:41.408		0.92823			4
2025.10.31	00:48:45.393		0.92821			4
2025.10.31	00:48:45.846		0.92823			4
2025.10.31	00:48:46.392		0.92821			4
2025.10.31	00:48:46.843		0.92823			4
2025.10.31	00:48:47.393		0.92821			4
2025.10.31	00:48:47.843		0.92823			4
2025.10.31	00:49:00.342	0.92757				2
2025.10.31	00:49:00.854	0.92756	0.92824			6
2025.10.31	00:49:05.344		0.92827			4
2025.10.31	00:49:05.849		0.92832			4
2025.10.31	00:49:06.844	0.92757	0.92831			6
2025.10.31	00:49:08.515	0.92756	0.92832			6
2025.10.31	00:49:11.009		0.92831			4
2025.10.31	00:49:14.344		0.92827			4
2025.10.31	00:49:14.854		0.92831			4
2025.10.31	00:49:15.345		0.92827			4
2025.10.31	00:49:15.852		0.92831			4
2025.10.31	00:49:16.342		0.92827			4
2025.10.31	00:49:16.858		0.92831			4
2025.10.31	00:49:17.347		0.92827			4
2025.10.31	00:49:17.849		0.92831			4
2025.10.31	00:49:18.342		0.92827			4
2025.10.31	00:49:18.851	0.92757	0.92831			6
2025.10.31	00:49:19.346		0.92827			4
2025.10.31	00:49:19.856		0.92831			4
2025.10.31	00:49:20.342		0.92827			4
2025.10.31	00:49:20.857		0.92831			4
2025.10.31	00:49:21.345		0.92827			4
2025.10.31	00:49:21.851		0.92831			4
2025.10.31	00:49:22.343		0.92827			4
2025.10.31	00:49:22.862		0.92831			4
2025.10.31	00:49:23.343		0.92827			4
2025.10.31	00:49:26.199	0.92756				2
2025.10.31	00:49:40.209	0.92755				2
2025.10.31	00:49:51.999	0.92756				2
2025.10.31	00:50:01.000	0.92755				2
2025.10.31	00:50:05.499	0.92756				2
2025.10.31	00:50:20.230		0.92830			4
2025.10.31	00:50:21.010	0.92757	0.92829			6
2025.10.31	00:50:22.008	0.92756	0.92830			6
2025.10.31	00:50:22.645		0.92824			4
2025.10.31	00:50:23.032		0.92830			4
2025.10.31	00:50:23.522		0.92824			4
2025.10.31	00:50:24.012		0.92830			4
2025.10.31	00:50:24.524		0.92824			4
2025.10.31	00:50:25.030		0.92830			4
2025.10.31	00:50:25.523		0.92823			4
2025.10.31	00:50:26.035		0.92830			4
2025.10.31	00:50:26.522		0.92823			4
2025.10.31	00:50:27.012		0.92829			4
2025.10.31	00:50:27.523		0.92823			4
2025.10.31	00:50:28.022		0.92830			4
2025.10.31	00:50:30.819	0.92757	0.92829			6
2025.10.31	00:50:33.963	0.92756				2
2025.10.31	00:50:47.107	0.92755				2
2025.10.31	00:50:49.771	0.92756				2
2025.10.31	00:50:50.282	0.92755				2
2025.10.31	00:50:52.773	0.92756				2
2025.10.31	00:50:54.012	0.92755				2
2025.10.31	00:50:58.399	0.92757				2
2025.10.31	00:51:02.653	0.92757	0.92826			6
2025.10.31	00:51:11.314	0.92755				2
2025.10.31	00:51:14.969	0.92756				2
2025.10.31	00:51:17.863	0.92755				2
2025.10.31	00:51:22.826	0.92757	0.92831			6
2025.10.31	00:51:28.711	0.92755	0.92825			6
2025.10.31	00:51:29.115	0.92754	0.92826			6
2025.10.31	00:51:32.721	0.92753	0.92828			6
2025.10.31	00:51:33.419	0.92751	0.92826			6
2025.10.31	00:51:34.446	0.92753				2
2025.10.31	00:51:43.709	0.92754				2
2025.10.31	00:51:44.013	0.92753				2
2025.10.31	00:51:49.037	0.92754				2
2025.10.31	00:52:00.010	0.92754				2
2025.10.31	00:52:00.384	0.92753				2
2025.10.31	00:52:09.797		0.92824			4
2025.10.31	00:52:12.016	0.92754	0.92828			6
2025.10.31	00:52:15.886		0.92832			4
2025.10.31	00:52:17.561	0.92753				2
2025.10.31	00:52:26.388	0.92752	0.92827			6
2025.10.31	00:52:32.056		0.92833			4
2025.10.31	00:52:32.488	0.92754				2
2025.10.31	00:52:34.299	0.92753				2
2025.10.31	00:52:42.058	0.92751	0.92829			6
2025.10.31	00:52:43.145	0.92752	0.92833			6
2025.10.31	00:52:55.645	0.92751				2
2025.10.31	00:52:58.100	0.92750				2
2025.10.31	00:53:00.353	0.92750				2
2025.10.31	00:53:25.899		0.92821			4
2025.10.31	00:53:31.176	0.92749	0.92818			6
2025.10.31	00:53:32.211		0.92814			4
2025.10.31	00:53:34.299	0.92750				2
2025.10.31	00:53:35.934		0.92833			4
2025.10.31	00:53:36.248		0.92818			4
2025.10.31	00:53:40.009	0.92749				2
2025.10.31	00:53:44.012	0.92748	0.92819			6
2025.10.31	00:54:02.282	0.92748				2
2025.10.31	00:54:15.456	0.92750	0.92821			6
2025.10.31	00:54:15.758		0.92820			4
2025.10.31	00:54:17.499	0.92749	0.92821			6
2025.10.31	00:54:29.501	0.92750	0.92817			6
2025.10.31	00:54:30.219	0.92752	0.92816			6
2025.10.31	00:54:30.522		0.92819			4
2025.10.31	00:54:32.518	0.92751				2
2025.10.31	00:54:47.854		0.92816			4
2025.10.31	00:54:54.100	0.92750	0.92817			6
2025.10.31	00:55:00.076	0.92750				2
2025.10.31	00:55:00.461	0.92751	0.92819			6
2025.10.31	00:55:01.231	0.92752				2
2025.10.31	00:55:04.251	0.92750	0.92817			6
2025.10.31	00:55:06.999	0.92749	0.92818			6
2025.10.31	00:55:27.130	0.92751	0.92819			6
2025.10.31	00:55:30.434	0.92752				2
2025.10.31	00:55:34.350	0.92751				2
2025.10.31	00:55:42.998	0.92752				2
2025.10.31	00:55:43.722	0.92751	0.92820			6
2025.10.31	00:55:45.099	0.92752	0.92819			6
2025.10.31	00:55:49.299	0.92751				2
2025.10.31	00:55:51.464	0.92749	0.92821			6
2025.10.31	00:55:55.315	0.92750	0.92820			6
2025.10.31	00:55:58.899	0.92751				2
2025.10.31	00:56:01.231	0.92750	0.92826			6
2025.10.31	00:56:03.679		0.92823			4
2025.10.31	00:56:33.099		0.92824			4
2025.10.31	00:56:43.077		0.92823			4
2025.10.31	00:56:47.198		0.92824			4
2025.10.31	00:56:54.855	0.92749				2
2025.10.31	00:57:01.234	0.92749				2
2025.10.31	00:57:06.171	0.92747	0.92822			6
2025.10.31	00:57:06.478		0.92823			4
2025.10.31	00:57:06.841	0.92749	0.92822			6
2025.10.31	00:57:07.227		0.92825			4
2025.10.31	00:57:11.694		0.92827			4
2025.10.31	00:57:12.657	0.92750				2
2025.10.31	00:57:13.005	0.92749				2
2025.10.31	00:57:16.915		0.92828			4
2025.10.31	00:57:18.029		0.92827			4
2025.10.31	00:57:33.123	0.92747	0.92823			6
2025.10.31	00:57:35.154	0.92748	0.92822			6
2025.10.31	00:57:36.076	0.92746	0.92824			6
2025.10.31	00:57:43.257	0.92747	0.92823			6
2025.10.31	00:57:46.930		0.92824			4
2025.10.31	00:57:48.935	0.92748	0.92823			6
2025.10.31	00:57:49.281	0.92747	0.92826			6
2025.10.31	00:57:49.917	0.92748	0.92828			6
2025.10.31	00:57:50.253		0.92832			4
2025.10.31	00:57:53.658		0.92830			4
2025.10.31	00:57:54.447		0.92827			4
2025.10.31	00:57:56.115	0.92749	0.92826			6
2025.10.31	00:58:00.532	0.92749				2
2025.10.31	00:58:01.749	0.92751	0.92845			6
2025.10.31	00:58:02.351	0.92752	0.92844			6
2025.10.31	00:58:02.798	0.92749	0.92833			6
2025.10.31	00:58:04.112		0.92834			4
2025.10.31	00:58:05.692		0.92837			4
2025.10.31	00:58:07.036		0.92827			4
2025.10.31	00:58:29.501	0.92748				2
2025.10.31	00:58:39.129	0.92747				2
2025.10.31	00:58:41.288	0.92746				2
2025.10.31	00:58:41.623	0.92747				2
2025.10.31	00:58:43.927	0.92746				2
2025.10.31	00:58:44.288	0.92747				2
2025.10.31	00:58:49.341	0.92746				2
2025.10.31	00:58:49.707	0.92747				2
2025.10.31	00:58:53.774	0.92746				2
2025.10.31	00:58:54.411	0.92747				2
2025.10.31	00:59:00.999	0.92747				2
2025.10.31	00:59:03.130	0.92745				2
2025.10.31	00:59:05.200	0.92744				2
2025.10.31	00:59:06.198	0.92743				2
2025.10.31	00:59:07.622		0.92827			4
2025.10.31	00:59:15.984	0.92742				2
2025.10.31	00:59:18.399	0.92741				2
2025.10.31	00:59:19.276	0.92744				2
2025.10.31	00:59:20.799	0.92743				2
2025.10.31	00:59:35.080	0.92742				2
2025.10.31	00:59:58.412	0.92743				2
2025.10.31	01:00:00.306	0.92730	0.92821			6
2025.10.31	01:00:00.620	0.92731	0.92793			6
2025.10.31	01:00:01.039	0.92736	0.92823			6
2025.10.31	01:00:01.349	0.92733	0.92805			6
2025.10.31	01:00:03.370	0.92721	0.92845			6
2025.10.31	01:00:03.704	0.92720	0.92840			6
2025.10.31	01:00:04.006	0.92719	0.92842			6
2025.10.31	01:00:04.356		0.92843			4
2025.10.31	01:00:04.659	0.92718	0.92842			6
2025.10.31	01:00:05.011	0.92715	0.92816			6
2025.10.31	01:00:05.359	0.92713				2
2025.10.31	01:00:05.662	0.92714				2
2025.10.31	01:00:06.012		0.92815			4
2025.10.31	01:00:06.317	0.92713				2
2025.10.31	01:00:06.665	0.92714				2
2025.10.31	01:00:07.013	0.92741	0.92779			6
2025.10.31	01:00:07.944	0.92743				2
2025.10.31	01:00:08.980	0.92735	0.92780			6
2025.10.31	01:00:10.334		0.92777			4
2025.10.31	01:00:10.795	0.92730				2
2025.10.31	01:00:11.138	0.92731	0.92775			6
2025.10.31	01:00:15.520	0.92730	0.92780			6
2025.10.31	01:00:15.848		0.92777			4
2025.10.31	01:00:16.149		0.92778			4
2025.10.31	01:00:24.011	0.92731	0.92774			6
2025.10.31	01:00:25.138		0.92772			4
2025.10.31	01:00:25.899		0.92773			4
2025.10.31	01:00:27.912		0.92772			4
2025.10.31	01:00:31.676		0.92774			4
2025.10.31	01:00:31.980	0.92732	0.92776			6
2025.10.31	01:00:32.425		0.92772			4
2025.10.31	01:00:34.563		0.92771			4
2025.10.31	01:00:36.398	0.92731				2
2025.10.31	01:00:37.715	0.92736				2
2025.10.31	01:00:38.018	0.92735				2
2025.10.31	01:00:41.615		0.92769			4
2025.10.31	01:00:45.701		0.92771			4
2025.10.31	01:00:46.365	0.92728	0.92768			6
2025.10.31	01:00:46.687	0.92726	0.92766			6
2025.10.31	01:00:47.098	0.92727				2
2025.10.31	01:00:47.900		0.92765			4
2025.10.31	01:00:54.875		0.92761			4
2025.10.31	01:00:56.572		0.92766			4
2025.10.31	01:00:57.093		0.92767			4
2025.10.31	01:00:59.331		0.92768			4
2025.10.31	01:01:00.308	0.92727	0.92767			6
2025.10.31	01:01:01.862	0.92728				2
2025.10.31	01:01:05.797		0.92768			4
2025.10.31	01:01:07.248		0.92767			4
2025.10.31	01:01:07.606		0.92764			4
2025.10.31	01:01:08.419		0.92765			4
2025.10.31	01:01:09.488		0.92776			4
2025.10.31	01:01:10.569	0.92729				2
2025.10.31	01:01:14.388	0.92728				2
2025.10.31	01:01:15.373	0.92724				2
2025.10.31	01:01:16.340	0.92725				2
2025.10.31	01:01:17.370	0.92719	0.92763			6
2025.10.31	01:01:18.483		0.92765			4
2025.10.31	01:01:20.090		0.92764			4
2025.10.31	01:01:21.407		0.92763			4
2025.10.31	01:01:22.592		0.92764			4
2025.10.31	01:01:24.090		0.92763			4
2025.10.31	01:01:27.596		0.92758			4
2025.10.31	01:01:29.972		0.92761			4
2025.10.31	01:01:31.892		0.92759			4
2025.10.31	01:01:32.281		0.92758			4
2025.10.31	01:01:33.699	0.92718				2
2025.10.31	01:01:43.689		0.92760			4
2025.10.31	01:01:44.848	0.92719				2
2025.10.31	01:01:49.729	0.92718	0.92758			6
2025.10.31	01:01:50.199		0.92756			4
2025.10.31	01:01:53.865		0.92758			4
2025.10.31	01:01:55.781	0.92730	0.92776			6
2025.10.31	01:01:57.086	0.92729				2
2025.10.31	01:02:00.468	0.92727				2
2025.10.31	01:02:02.103	0.92725				2
2025.10.31	01:02:02.433	0.92723				2
2025.10.31	01:02:02.826	0.92726				2
2025.10.31	01:02:06.227		0.92771			4
2025.10.31	01:02:15.412	0.92722				2
2025.10.31	01:02:16.873		0.92764			4
2025.10.31	01:02:17.224	0.92720				2
2025.10.31	01:02:17.953	0.92719				2
2025.10.31	01:02:18.466	0.92718				2
2025.10.31	01:02:20.802		0.92770			4
2025.10.31	01:02:21.104		0.92769			4
2025.10.31	01:02:21.953		0.92766			4
2025.10.31	01:02:24.838	0.92719				2
2025.10.31	01:02:47.333	0.92720				2
2025.10.31	01:02:56.231	0.92719				2
2025.10.31	01:02:56.542	0.92720				2
2025.10.31	01:03:00.306	0.92726				2
2025.10.31	01:03:01.446	0.92728				2
2025.10.31	01:03:07.716	0.92722				2
2025.10.31	01:03:08.798	0.92728				2
2025.10.31	01:03:12.446	0.92723				2
2025.10.31	01:03:14.801	0.92724				2
2025.10.31	01:03:17.694	0.92720	0.92746			6
2025.10.31	01:03:20.831		0.92748			4
2025.10.31	01:03:24.456		0.92744			4
2025.10.31	01:03:25.202		0.92743			4
2025.10.31	01:03:26.649		0.92744			4
2025.10.31	01:03:27.700		0.92743			4
2025.10.31	01:03:34.932		0.92742			4
2025.10.31	01:03:37.790		0.92743			4
2025.10.31	01:03:43.957		0.92744			4
2025.10.31	01:03:44.794		0.92743			4
2025.10.31	01:03:51.399		0.92742			4
2025.10.31	01:04:00.942	0.92720				2
2025.10.31	01:04:20.496		0.92741			4
2025.10.31	01:04:29.134		0.92742			4
2025.10.31	01:04:40.301		0.92741			4
2025.10.31	01:04:56.013		0.92742			4
2025.10.31	01:04:58.688		0.92743			4
2025.10.31	01:04:59.799		0.92742			4
2025.10.31	01:05:00.415	0.92720	0.92741			6
2025.10.31	01:05:02.199		0.92742			4
2025.10.31	01:05:06.425	0.92722	0.92743			6
2025.10.31	01:05:07.542	0.92723				2
2025.10.31	01:05:09.160	0.92722	0.92742			6
2025.10.31	01:05:09.495	0.92721				2
2025.10.31	01:05:10.600	0.92720				2
2025.10.31	01:05:12.101	0.92721				2
2025.10.31	01:05:13.300	0.92720				2
2025.10.31	01:05:15.098	0.92721				2
2025.10.31	01:05:43.898		0.92741			4
2025.10.31	01:05:47.540	0.92720	0.92740			6
2025.10.31	01:05:55.900		0.92739			4
2025.10.31	01:06:00.240	0.92720	0.92740			6
2025.10.31	01:06:00.607	0.92726	0.92747			6
2025.10.31	01:06:00.912		0.92744			4
2025.10.31	01:06:01.409		0.92745			4
2025.10.31	01:06:02.159	0.92727	0.92747			6
2025.10.31	01:06:07.722		0.92749			4
2025.10.31	01:06:21.410		0.92747			4
2025.10.31	01:06:23.605	0.92728	0.92745			6
2025.10.31	01:06:25.000	0.92727				2
2025.10.31	01:06:25.898	0.92726	0.92746			6
2025.10.31	01:06:27.591	0.92728	0.92745			6
2025.10.31	01:06:37.864	0.92726				2
2025.10.31	01:06:38.437	0.92729				2
2025.10.31	01:06:39.623	0.92726	0.92746			6
2025.10.31	01:06:42.099	0.92727				2
2025.10.31	01:06:48.699		0.92745			4
2025.10.31	01:06:50.276	0.92726				2
2025.10.31	01:06:54.617	0.92722	0.92741			6
2025.10.31	01:06:57.488	0.92721				2
2025.10.31	01:07:00.327	0.92721				2
2025.10.31	01:07:01.599	0.92722				2
2025.10.31	01:07:15.374	0.92723				2
2025.10.31	01:07:25.214	0.92722				2
2025.10.31	01:07:25.900	0.92723	0.92742			6
2025.10.31	01:07:37.413	0.92724	0.92741			6
2025.10.31	01:07:49.051	0.92725	0.92742			6
2025.10.31	01:07:49.900	0.92726	0.92741			6
2025.10.31	01:07:50.800	0.92725				2
2025.10.31	01:07:51.704	0.92726				2
2025.10.31	01:08:00.099	0.92726				2
2025.10.31	01:08:02.801	0.92727	0.92743			6
2025.10.31	01:08:03.999	0.92729				2
2025.10.31	01:08:04.301	0.92727				2
2025.10.31	01:08:05.047	0.92728				2
2025.10.31	01:08:12.099	0.92727				2
2025.10.31	01:08:13.600	0.92728	0.92742			6
2025.10.31	01:08:17.798		0.92743			4
2025.10.31	01:08:18.998		0.92742			4
2025.10.31	01:08:20.498		0.92743			4
2025.10.31	01:08:22.299		0.92742			4
2025.10.31	01:08:28.622	0.92729				2
2025.10.31	01:08:30.392	0.92728				2
2025.10.31	01:08:49.653	0.92730				2
2025.10.31	01:08:50.400	0.92731	0.92744			6
2025.10.31	01:08:50.908	0.92732				2
2025.10.31	01:08:51.214	0.92731				2
2025.10.31	01:08:54.618	0.92732				2
2025.10.31	01:08:56.199		0.92745			4
2025.10.31	01:09:00.575	0.92732				2
2025.10.31	01:09:01.715	0.92731	0.92743			6
2025.10.31	01:09:07.002	0.92729				2
2025.10.31	01:09:07.902	0.92730	0.92742			6
2025.10.31	01:09:08.372	0.92731	0.92745			6
2025.10.31	01:09:08.799	0.92732	0.92744			6
2025.10.31	01:09:09.258	0.92729	0.92742			6
2025.10.31	01:09:10.357		0.92741			4
2025.10.31	01:09:13.898		0.92742			4
2025.10.31	01:09:17.498	0.92728				2
2025.10.31	01:09:21.013	0.92729				2
2025.10.31	01:09:21.412	0.92728				2
2025.10.31	01:09:22.953	0.92729				2
2025.10.31	01:09:25.250	0.92731	0.92743			6
2025.10.31	01:09:25.559	0.92734	0.92745			6
2025.10.31	01:09:26.017	0.92733				2
2025.10.31	01:09:28.599	0.92729	0.92744			6
2025.10.31	01:09:28.931	0.92730				2
2025.10.31	01:09:34.213	0.92732				2
2025.10.31	01:09:35.260	0.92730	0.92743			6
2025.10.31	01:09:36.343	0.92728				2
2025.10.31	01:09:37.544	0.92730				2
2025.10.31	01:09:39.775	0.92732	0.92744			6
2025.10.31	01:09:41.500	0.92731	0.92743			6
2025.10.31	01:09:42.127	0.92729				2
2025.10.31	01:09:44.883	0.92731				2
2025.10.31	01:09:50.078	0.92730				2
2025.10.31	01:09:51.057	0.92729				2
2025.10.31	01:09:51.987	0.92730				2
2025.10.31	01:09:52.817	0.92729				2
2025.10.31	01:09:53.387	0.92730				2
2025.10.31	01:09:55.578	0.92729				2
2025.10.31	01:10:00.446	0.92727	0.92740			6
2025.10.31	01:10:00.788	0.92728				2
2025.10.31	01:10:02.197		0.92739			4
2025.10.31	01:10:02.586	0.92723	0.92738			6
2025.10.31	01:10:03.108	0.92724				2
2025.10.31	01:10:04.900		0.92737			4
2025.10.31	01:10:05.541		0.92738			4
2025.10.31	01:10:06.399		0.92737			4
2025.10.31	01:10:07.185		0.92736			4
2025.10.31	01:10:14.350		0.92735			4
2025.10.31	01:10:15.456	0.92722	0.92732			6
2025.10.31	01:10:15.765	0.92718				2
2025.10.31	01:10:16.464	0.92720				2
2025.10.31	01:10:16.802	0.92726	0.92738			6
2025.10.31	01:10:17.248	0.92720	0.92734			6
2025.10.31	01:10:17.759	0.92721				2
2025.10.31	01:10:18.116	0.92722				2
2025.10.31	01:10:20.498	0.92723				2
2025.10.31	01:10:22.299	0.92721				2
2025.10.31	01:10:22.987	0.92717	0.92728			6
2025.10.31	01:10:23.320	0.92718	0.92727			6
2025.10.31	01:10:24.124	0.92720	0.92730			6
2025.10.31	01:10:27.700	0.92719	0.92729			6
2025.10.31	01:10:30.705	0.92720	0.92730			6
2025.10.31	01:10:34.299	0.92719	0.92729			6
2025.10.31	01:10:35.529	0.92717				2
2025.10.31	01:10:37.082		0.92728			4
2025.10.31	01:10:41.231	0.92720	0.92730			6
2025.10.31	01:10:45.400		0.92729			4
2025.10.31	01:10:47.199	0.92719				2
2025.10.31	01:10:49.053	0.92718				2
2025.10.31	01:10:49.853	0.92727	0.92735			6
2025.10.31	01:10:50.833	0.92720	0.92732			6
2025.10.31	01:10:52.257	0.92721				2
2025.10.31	01:10:53.701		0.92731			4
2025.10.31	01:10:58.274	0.92722				2
2025.10.31	01:10:59.199	0.92721				2
2025.10.31	01:11:00.249	0.92721				2
2025.10.31	01:11:08.202		0.92732			4
2025.10.31	01:11:11.381		0.92731			4
2025.10.31	01:11:52.899	0.92720				2
2025.10.31	01:11:54.582	0.92715	0.92726			6
2025.10.31	01:11:54.904	0.92718	0.92725			6
2025.10.31	01:11:55.588		0.92727			4
2025.10.31	01:11:58.577	0.92716				2
2025.10.31	01:11:59.382	0.92715	0.92726			6
2025.10.31	01:12:02.199	0.92715				2
2025.10.31	01:12:04.713	0.92718				2
2025.10.31	01:12:08.085	0.92708	0.92717			6
2025.10.31	01:12:13.920	0.92709	0.92718			6
2025.10.31	01:12:14.270	0.92707	0.92717			6
2025.10.31	01:12:15.425		0.92716			4
2025.10.31	01:12:16.371	0.92706				2
2025.10.31	01:12:19.899		0.92715			4
2025.10.31	01:12:21.309	0.92701	0.92710			6
2025.10.31	01:12:22.339	0.92702	0.92711			6
2025.10.31	01:12:22.927	0.92703	0.92713			6
2025.10.31	01:12:24.658	0.92704	0.92712			6
2025.10.31	01:12:25.025	0.92700	0.92709			6
2025.10.31	01:12:35.457	0.92698				2
2025.10.31	01:12:47.588	0.92697				2
2025.10.31	01:13:00.245	0.92698				2
2025.10.31	01:13:00.781	0.92708	0.92716			6
2025.10.31	01:13:01.084	0.92703	0.92713			6
2025.10.31	01:13:01.413	0.92702	0.92712			6
2025.10.31	01:13:02.938	0.92699	0.92711			6
2025.10.31	01:13:06.667		0.92712			4
2025.10.31	01:13:08.799	0.92700				2
2025.10.31	01:13:14.923	0.92698	0.92711			6
2025.10.31	01:13:34.231	0.92707	0.92716			6
2025.10.31	01:13:34.537	0.92703	0.92714			6
2025.10.31	01:13:34.841	0.92701	0.92713			6
2025.10.31	01:13:35.455	0.92702				2
2025.10.31	01:13:43.049	0.92707	0.92718			6
2025.10.31	01:13:43.394	0.92703	0.92715			6
2025.10.31	01:13:43.723	0.92702	0.92714			6
2025.10.31	01:13:51.399	0.92703	0.92715			6
2025.10.31	01:13:52.299		0.92714			4
2025.10.31	01:13:54.671	0.92706	0.92715			6
2025.10.31	01:13:56.199		0.92716			4
2025.10.31	01:13:57.400		0.92715			4
2025.10.31	01:13:57.871	0.92705				2
2025.10.31	01:14:00.326	0.92705				2
2025.10.31	01:14:08.914		0.92716			4
2025.10.31	01:14:09.244	0.92704	0.92715			6
2025.10.31	01:14:21.093	0.92705	0.92716			6
2025.10.31	01:14:26.393	0.92704	0.92715			6
2025.10.31	01:14:52.269	0.92703	0.92713			6
2025.10.31	01:14:52.570	0.92702				2
2025.10.31	01:14:53.800		0.92712			4
2025.10.31	01:14:57.532	0.92701				2
2025.10.31	01:14:59.417	0.92703	0.92713			6
2025.10.31	01:15:00.375	0.92703				2
2025.10.31	01:15:08.109	0.92702				2
2025.10.31	01:15:09.399		0.92712			4
2025.10.31	01:15:15.398		0.92713			4
2025.10.31	01:15:17.200		0.92712			4
2025.10.31	01:15:19.599		0.92713			4
2025.10.31	01:15:21.099		0.92712			4
2025.10.31	01:15:23.753	0.92703	0.92713			6
2025.10.31	01:15:42.628	0.92702				2
2025.10.31	01:15:43.300	0.92701				2
2025.10.31	01:15:46.774	0.92702				2
2025.10.31	01:15:48.716	0.92703				2
2025.10.31	01:15:50.645	0.92702				2
2025.10.31	01:15:55.000		0.92712			4
2025.10.31	01:16:00.791	0.92702				2
2025.10.31	01:16:01.100		0.92713			4
2025.10.31	01:16:13.598		0.92714			4
2025.10.31	01:16:19.926		0.92713			4
2025.10.31	01:16:26.433	0.92701				2
2025.10.31	01:17:00.957	0.92701				2
2025.10.31	01:17:12.079	0.92702				2
2025.10.31	01:17:20.198		0.92713			4
2025.10.31	01:17:32.175	0.92701				2
2025.10.31	01:17:33.273	0.92702				2
2025.10.31	01:17:36.893	0.92701				2
2025.10.31	01:17:42.674	0.92702				2
2025.10.31	01:17:45.048	0.92701				2
2025.10.31	01:17:49.033	0.92702				2
2025.10.31	01:17:51.699		0.92714			4
2025.10.31	01:17:54.825	0.92701				2
2025.10.31	01:17:55.871	0.92702				2
2025.10.31	01:17:56.283	0.92701	0.92713			6
2025.10.31	01:18:00.269	0.92701				2
2025.10.31	01:18:28.666	0.92702				2
2025.10.31	01:18:29.461	0.92701				2
2025.10.31	01:18:30.471	0.92702				2
2025.10.31	01:18:31.930	0.92701				2
2025.10.31	01:18:33.470	0.92702				2
2025.10.31	01:18:36.434	0.92701				2
2025.10.31	01:18:37.875	0.92702				2
2025.10.31	01:18:40.971	0.92701				2
2025.10.31	01:18:47.498		0.92712			4
2025.10.31	01:18:49.569	0.92698	0.92710			6
2025.10.31	01:18:49.873	0.92696				2
2025.10.31	01:19:00.083	0.92696				2
2025.10.31	01:19:02.214	0.92698	0.92709			6
2025.10.31	01:19:02.532	0.92696	0.92710			6
2025.10.31	01:19:04.545	0.92695				2
2025.10.31	01:19:05.499	0.92696				2
2025.10.31	01:19:07.624		0.92709			4
2025.10.31	01:19:09.707		0.92710			4
2025.10.31	01:19:10.732		0.92709			4
2025.10.31	01:19:11.926		0.92710			4
2025.10.31	01:19:12.833	0.92695				2
2025.10.31	01:19:13.521	0.92693	0.92705			6
2025.10.31	01:19:13.862	0.92694				2
2025.10.31	01:19:14.349		0.92704			4
2025.10.31	01:19:14.664	0.92693	0.92705			6
2025.10.31	01:19:16.726		0.92704			4
2025.10.31	01:19:17.799	0.92692	0.92705			6
2025.10.31	01:19:18.387	0.92693				2
2025.10.31	01:19:19.308	0.92692				2
2025.10.31	01:19:20.804	0.92694				2
2025.10.31	01:19:26.141		0.92704			4
2025.10.31	01:19:32.359		0.92705			4
2025.10.31	01:19:35.236	0.92695	0.92704			6
2025.10.31	01:19:35.596	0.92694	0.92705			6
2025.10.31	01:19:37.543		0.92704			4
2025.10.31	01:19:40.619		0.92705			4
2025.10.31	01:19:42.722		0.92704			4
2025.10.31	01:19:44.580	0.92695				2
2025.10.31	01:19:44.922	0.92694				2
2025.10.31	01:19:47.413		0.92705			4
2025.10.31	01:19:48.417		0.92704			4
2025.10.31	01:19:49.472		0.92705			4
2025.10.31	01:19:49.975	0.92695	0.92704			6
2025.10.31	01:19:50.360	0.92694	0.92705			6
2025.10.31	01:19:52.015		0.92704			4
2025.10.31	01:19:53.242	0.92695				2
2025.10.31	01:19:53.967	0.92694				2
2025.10.31	01:19:55.075	0.92695				2
2025.10.31	01:19:57.096	0.92694	0.92705			6
2025.10.31	01:20:00.075	0.92694				2
2025.10.31	01:20:00.909		0.92704			4
2025.10.31	01:20:09.232	0.92693	0.92701			6
2025.10.31	01:20:09.813	0.92692	0.92700			6
2025.10.31	01:20:10.266	0.92691				2
2025.10.31	01:20:11.965	0.92690	0.92701			6
2025.10.31	01:20:17.127	0.92688	0.92700			6
2025.10.31	01:20:19.317	0.92690	0.92699			6
2025.10.31	01:20:21.399	0.92689	0.92700			6
2025.10.31	01:20:28.299	0.92690				2
2025.10.31	01:20:30.098	0.92689	0.92701			6
2025.10.31	01:20:32.799		0.92700			4
2025.10.31	01:20:43.739		0.92701			4
2025.10.31	01:20:45.047	0.92692				2
2025.10.31	01:20:45.422	0.92689	0.92700			6
2025.10.31	01:20:46.057	0.92691	0.92701			6
2025.10.31	01:20:46.587	0.92692	0.92700			6
2025.10.31	01:20:51.987	0.92691	0.92701			6
2025.10.31	01:20:53.814	0.92692	0.92700			6
2025.10.31	01:20:55.598		0.92701			4
2025.10.31	01:20:56.944		0.92700			4
2025.10.31	01:21:00.030	0.92692	0.92701			6
2025.10.31	01:21:01.973		0.92700			4
2025.10.31	01:21:03.285		0.92701			4
2025.10.31	01:21:05.234	0.92691	0.92700			6
2025.10.31	01:21:14.543	0.92690				2
2025.10.31	01:21:24.455	0.92691				2
2025.10.31	01:21:26.587	0.92692				2
2025.10.31	01:21:27.114	0.92688	0.92699			6
2025.10.31	01:21:27.433		0.92700			4
2025.10.31	01:21:28.301		0.92699			4
2025.10.31	01:21:29.818		0.92700			4
2025.10.31	01:21:30.176	0.92687				2
2025.10.31	01:21:30.515	0.92688	0.92699			6
2025.10.31	01:21:37.298	0.92687				2
2025.10.31	01:21:39.878	0.92688				2
2025.10.31	01:21:40.599	0.92687				2
2025.10.31	01:21:44.246	0.92688				2
2025.10.31	01:21:45.998	0.92687				2
2025.10.31	01:21:47.129	0.92688				2
2025.10.31	01:21:49.601	0.92687				2
2025.10.31	01:21:51.216	0.92688				2
2025.10.31	01:21:52.003	0.92690	0.92700			6
2025.10.31	01:21:53.127	0.92689				2
2025.10.31	01:21:58.275	0.92690				2
2025.10.31	01:22:00.636	0.92690				2
2025.10.31	01:22:02.123		0.92701			4
2025.10.31	01:22:03.998		0.92700			4
2025.10.31	01:23:03.098	0.92690				2
2025.10.31	01:23:04.936		0.92700			4
2025.10.31	01:23:22.711	0.92691	0.92702			6
2025.10.31	01:23:23.781	0.92692				2
2025.10.31	01:23:44.873	0.92691				2
2025.10.31	01:23:50.840	0.92692				2
2025.10.31	01:23:51.779	0.92693	0.92704			6
2025.10.31	01:23:59.020	0.92692	0.92705			6
2025.10.31	01:23:59.443	0.92691				2
2025.10.31	01:24:00.087	0.92691				2
2025.10.31	01:24:06.315		0.92706			4
2025.10.31	01:24:07.350		0.92705			4
2025.10.31	01:24:11.015	0.92692	0.92706			6
2025.10.31	01:24:11.500	0.92693				2
2025.10.31	01:24:12.086	0.92692				2
2025.10.31	01:24:13.630		0.92705			4
2025.10.31	01:24:14.794		0.92706			4
2025.10.31	01:24:15.702		0.92705			4
2025.10.31	01:24:21.785		0.92706			4
2025.10.31	01:24:23.198	0.92693				2
2025.10.31	01:24:24.998	0.92692				2
2025.10.31	01:24:27.099	0.92693				2
2025.10.31	01:24:31.109	0.92692				2
2025.10.31	01:24:32.500	0.92693				2
2025.10.31	01:24:34.215	0.92692				2
2025.10.31	01:24:35.383	0.92693				2
2025.10.31	01:24:36.242	0.92692				2
2025.10.31	01:24:41.597	0.92693				2
2025.10.31	01:24:46.651	0.92692				2
2025.10.31	01:24:52.990	0.92693				2
2025.10.31	01:24:54.655	0.92692				2
2025.10.31	01:24:56.199	0.92693				2
2025.10.31	01:24:58.299		0.92705			4
2025.10.31	01:25:00.176	0.92693	0.92706			6
2025.10.31	01:25:05.430	0.92695				2
2025.10.31	01:25:10.339	0.92698				2
2025.10.31	01:25:12.740	0.92693	0.92702			6
2025.10.31	01:25:13.834	0.92695	0.92703			6
2025.10.31	01:25:14.926	0.92694	0.92702			6
2025.10.31	01:25:15.317	0.92693	0.92701			6
2025.10.31	01:25:17.055	0.92692				2
2025.10.31	01:25:22.125	0.92693	0.92704			6
2025.10.31	01:25:25.563	0.92691	0.92702			6
2025.10.31	01:25:43.299	0.92690				2
2025.10.31	01:25:45.998	0.92691				2
2025.10.31	01:25:55.658	0.92690				2
2025.10.31	01:25:56.728	0.92694	0.92701			6
2025.10.31	01:25:58.451	0.92692	0.92702			6
2025.10.31	01:25:59.691	0.92690	0.92701			6
2025.10.31	01:26:00.436	0.92690				2
2025.10.31	01:26:00.992	0.92689	0.92700			6
2025.10.31	01:26:03.920		0.92701			4
2025.10.31	01:26:05.494	0.92688	0.92698			6
2025.10.31	01:26:18.398	0.92687				2
2025.10.31	01:26:20.771	0.92688				2
2025.10.31	01:26:42.098	0.92687				2
2025.10.31	01:26:44.884	0.92688				2
2025.10.31	01:26:55.326	0.92689	0.92699			6
2025.10.31	01:26:56.344		0.92700			4
2025.10.31	01:26:57.437		0.92699			4
2025.10.31	01:26:58.898		0.92700			4
2025.10.31	01:27:00.277	0.92689				2
2025.10.31	01:27:11.015	0.92690				2
2025.10.31	01:27:27.613	0.92689				2
2025.10.31	01:27:32.776	0.92690				2
2025.10.31	01:27:33.771	0.92689				2
2025.10.31	01:27:34.738	0.92690				2
2025.10.31	01:27:35.971	0.92689				2
2025.10.31	01:27:40.387	0.92690				2
2025.10.31	01:27:42.570	0.92689				2
2025.10.31	01:27:44.936	0.92690				2
2025.10.31	01:27:49.453	0.92689				2
2025.10.31	01:27:50.341	0.92690				2
2025.10.31	01:27:50.660	0.92689				2
2025.10.31	01:27:53.870	0.92690				2
2025.10.31	01:27:54.871	0.92689				2
2025.10.31	01:27:57.398		0.92701			4
2025.10.31	01:28:00.802	0.92689				2
2025.10.31	01:28:16.598		0.92700			4
2025.10.31	01:28:26.354		0.92701			4
2025.10.31	01:28:27.379	0.92690				2
2025.10.31	01:28:29.471	0.92689				2
2025.10.31	01:28:33.398		0.92700			4
2025.10.31	01:28:40.527	0.92690				2
2025.10.31	01:28:43.299		0.92701			4
2025.10.31	01:28:57.342	0.92689				2
2025.10.31	01:29:01.600	0.92689				2
2025.10.31	01:29:10.945	0.92688				2
2025.10.31	01:29:11.337		0.92700			4
2025.10.31	01:29:11.728	0.92689	0.92701			6
2025.10.31	01:29:15.920		0.92702			4
2025.10.31	01:29:17.741	0.92690	0.92701			6
2025.10.31	01:29:18.771	0.92689				2
2025.10.31	01:29:20.142		0.92702			4
2025.10.31	01:29:21.913	0.92690	0.92701			6
2025.10.31	01:29:22.950	0.92689				2
2025.10.31	01:29:24.363		0.92702			4
2025.10.31	01:29:25.449		0.92701			4
2025.10.31	01:29:26.354		0.92702			4
2025.10.31	01:29:28.379		0.92701			4
2025.10.31	01:29:32.573		0.92702			4
2025.10.31	01:29:35.199		0.92701			4
2025.10.31	01:29:38.792		0.92702			4
2025.10.31	01:29:41.199		0.92701			4
2025.10.31	01:29:45.003		0.92702			4
2025.10.31	01:29:47.208		0.92701			4
2025.10.31	01:29:49.104		0.92702			4
2025.10.31	01:29:51.353		0.92701			4
2025.10.31	01:29:53.799		0.92700			4
2025.10.31	01:29:55.365		0.92701			4
2025.10.31	01:29:58.114	0.92692	0.92703			6
2025.10.31	01:29:58.418		0.92705			4
2025.10.31	01:29:59.358	0.92694	0.92708			6
2025.10.31	01:30:00.364	0.92694				2
2025.10.31	01:30:01.921	0.92695	0.92707			6
2025.10.31	01:30:03.197	0.92697	0.92706			6
2025.10.31	01:30:03.854	0.92698	0.92707			6
2025.10.31	01:30:06.716	0.92701	0.92717			6
2025.10.31	01:30:07.048		0.92716			4
2025.10.31	01:30:08.360	0.92699	0.92714			6
2025.10.31	01:30:10.856	0.92700				2
2025.10.31	01:30:15.371	0.92701				2
2025.10.31	01:30:16.750	0.92702	0.92715			6
2025.10.31	01:30:17.851	0.92701	0.92716			6
2025.10.31	01:30:19.790		0.92715			4
2025.10.31	01:30:21.759		0.92716			4
2025.10.31	01:30:23.288		0.92715			4
2025.10.31	01:30:28.646	0.92700				2
2025.10.31	01:31:00.343	0.92700				2
2025.10.31	01:31:05.403	0.92701				2
2025.10.31	01:31:06.699	0.92700	0.92716			6
2025.10.31	01:31:09.397	0.92701	0.92715			6
2025.10.31	01:31:12.281	0.92702				2
2025.10.31	01:31:15.398	0.92701				2
2025.10.31	01:31:28.899	0.92702				2
2025.10.31	01:31:41.430	0.92701				2
2025.10.31	01:31:47.332		0.92716			4
2025.10.31	01:31:48.000	0.92703				2
2025.10.31	01:31:56.759		0.92717			4
2025.10.31	01:31:58.820	0.92704				2
2025.10.31	01:32:00.316	0.92704				2
2025.10.31	01:32:00.711	0.92706	0.92718			6
2025.10.31	01:32:02.977	0.92708	0.92719			6
2025.10.31	01:32:04.294		0.92720			4
2025.10.31	01:32:06.531	0.92710	0.92722			6
2025.10.31	01:32:08.065		0.92721			4
2025.10.31	01:32:09.974		0.92722			4
2025.10.31	01:32:15.683	0.92713	0.92724			6
2025.10.31	01:32:20.927		0.92725			4
2025.10.31	01:32:23.800		0.92724			4
2025.10.31	01:32:24.689		0.92725			4
2025.10.31	01:32:25.888		0.92724			4
2025.10.31	01:32:29.351		0.92726			4
2025.10.31	01:32:35.177	0.92702	0.92714			6
2025.10.31	01:32:36.065	0.92703	0.92716			6
2025.10.31	01:32:39.596		0.92715			4
2025.10.31	01:32:40.637	0.92701	0.92712			6
2025.10.31	01:32:41.659	0.92702				2
2025.10.31	01:32:43.430	0.92698	0.92706			6
2025.10.31	01:32:44.037	0.92697				2
2025.10.31	01:32:44.349	0.92698	0.92710			6
2025.10.31	01:32:45.400	0.92699				2
2025.10.31	01:32:46.875	0.92700	0.92713			6
2025.10.31	01:32:48.345	0.92703				2
2025.10.31	01:32:50.947	0.92702	0.92714			6
2025.10.31	01:32:52.986	0.92692	0.92704			6
2025.10.31	01:32:53.916	0.92699	0.92709			6
2025.10.31	01:32:57.980	0.92692	0.92706			6
2025.10.31	01:33:00.655	0.92693	0.92705			6
2025.10.31	01:33:01.445	0.92696	0.92706			6
2025.10.31	01:33:01.764	0.92695				2
2025.10.31	01:33:03.674	0.92694				2
2025.10.31	01:33:09.626	0.92696	0.92709			6
2025.10.31	01:33:12.589	0.92695				2
2025.10.31	01:33:13.130	0.92702	0.92717			6
2025.10.31	01:33:14.275	0.92699	0.92711			6
2025.10.31	01:33:19.299	0.92698				2
2025.10.31	01:33:20.171	0.92699				2
2025.10.31	01:33:30.315		0.92710			4
2025.10.31	01:33:31.168	0.92698	0.92711			6
2025.10.31	01:33:34.047	0.92699	0.92710			6
2025.10.31	01:33:52.345	0.92701	0.92713			6
2025.10.31	01:33:56.233	0.92700				2
2025.10.31	01:34:00.100	0.92701				2
2025.10.31	01:34:03.830	0.92700				2
2025.10.31	01:34:05.850	0.92701				2
2025.10.31	01:34:06.501	0.92705	0.92717			6
2025.10.31	01:34:07.606	0.92706				2
2025.10.31	01:34:08.981		0.92718			4
2025.10.31	01:34:10.602		0.92717			4
2025.10.31	01:34:14.537	0.92707	0.92718			6
2025.10.31	01:34:16.717	0.92705	0.92715			6
2025.10.31	01:34:18.774	0.92706				2
2025.10.31	01:34:23.150	0.92705				2
2025.10.31	01:34:26.694	0.92693	0.92705			6
2025.10.31	01:34:27.003		0.92707			4
2025.10.31	01:34:27.319	0.92694				2
2025.10.31	01:34:27.831	0.92695				2
2025.10.31	01:34:28.754	0.92693	0.92706			6
2025.10.31	01:34:38.199		0.92705			4
2025.10.31	01:34:40.101	0.92696	0.92706			6
2025.10.31	01:34:43.145	0.92688	0.92699			6
2025.10.31	01:34:43.998	0.92689	0.92701			6
2025.10.31	01:34:45.069	0.92688				2
2025.10.31	01:34:53.864	0.92689				2
2025.10.31	01:34:59.834	0.92692				2
2025.10.31	01:35:00.400	0.92692				2
2025.10.31	01:35:01.408	0.92690				2
2025.10.31	01:35:08.119	0.92691				2
2025.10.31	01:35:12.010	0.92692	0.92702			6
2025.10.31	01:35:15.876	0.92691	0.92703			6
2025.10.31	01:35:18.160	0.92692				2
2025.10.31	01:35:22.001	0.92691				2
2025.10.31	01:35:23.221	0.92693	0.92704			6
2025.10.31	01:35:35.444	0.92691				2
2025.10.31	01:35:37.750	0.92692				2
2025.10.31	01:35:41.657	0.92693				2
2025.10.31	01:35:45.376	0.92692				2
2025.10.31	01:35:45.900	0.92691	0.92703			6
2025.10.31	01:35:46.223		0.92704			4
2025.10.31	01:35:48.215	0.92692				2
2025.10.31	01:35:51.801		0.92705			4
2025.10.31	01:35:52.529	0.92691	0.92703			6
2025.10.31	01:35:56.311	0.92694	0.92707			6
2025.10.31	01:35:56.680		0.92706			4
2025.10.31	01:35:57.570	0.92693	0.92705			6
2025.10.31	01:36:00.607	0.92693				2
2025.10.31	01:36:01.247	0.92692	0.92706			6
2025.10.31	01:36:03.878	0.92693				2
2025.10.31	01:36:25.900	0.92694				2
2025.10.31	01:36:29.801	0.92695				2
2025.10.31	01:36:30.243	0.92694				2
2025.10.31	01:36:31.084	0.92695	0.92707			6
2025.10.31	01:36:31.908	0.92694				2
2025.10.31	01:36:32.972		0.92706			4
2025.10.31	01:36:37.712	0.92701	0.92714			6
2025.10.31	01:36:41.366		0.92717			4
2025.10.31	01:36:43.576	0.92703				2
2025.10.31	01:36:44.873	0.92704				2
2025.10.31	01:36:47.701	0.92703				2
2025.10.31	01:36:50.422	0.92705	0.92719			6
2025.10.31	01:36:50.751	0.92704	0.92718			6
2025.10.31	01:36:51.556	0.92705				2
2025.10.31	01:36:53.676	0.92706				2
2025.10.31	01:36:54.822		0.92719			4
2025.10.31	01:36:58.299	0.92705	0.92718			6
2025.10.31	01:37:00.352	0.92705				2
2025.10.31	01:37:05.016	0.92706				2
2025.10.31	01:37:06.636	0.92707	0.92719			6
2025.10.31	01:37:07.733	0.92705	0.92718			6
2025.10.31	01:37:11.074	0.92706				2
2025.10.31	01:37:13.573	0.92705	0.92720			6
2025.10.31	01:37:14.278		0.92719			4
2025.10.31	01:37:14.917	0.92706				2
2025.10.31	01:37:18.699	0.92707				2
2025.10.31	01:37:23.498	0.92706				2
2025.10.31	01:37:26.293	0.92707				2
2025.10.31	01:37:27.220	0.92706				2
2025.10.31	01:37:32.202	0.92707				2
2025.10.31	01:37:36.965	0.92708	0.92720			6
2025.10.31	01:38:00.141	0.92708				2
2025.10.31	01:38:06.256	0.92707				2
2025.10.31	01:38:09.627	0.92708				2
2025.10.31	01:38:16.754	0.92709				2
2025.10.31	01:38:21.328	0.92710	0.92723			6
2025.10.31	01:38:21.629	0.92709	0.92722			6
2025.10.31	01:38:21.984	0.92710				2
2025.10.31	01:38:22.348	0.92708				2
2025.10.31	01:38:22.666	0.92710				2
2025.10.31	01:38:23.570	0.92709				2
2025.10.31	01:38:29.799		0.92721			4
2025.10.31	01:38:31.943		0.92722			4
2025.10.31	01:38:34.898		0.92721			4
2025.10.31	01:38:37.125		0.92722			4
2025.10.31	01:38:52.658	0.92708				2
2025.10.31	01:38:53.860	0.92709				2
2025.10.31	01:38:54.274	0.92708				2
2025.10.31	01:38:57.193	0.92709				2
2025.10.31	01:39:00.169	0.92709				2
2025.10.31	01:39:01.208	0.92708				2
2025.10.31	01:39:05.478	0.92709				2
2025.10.31	01:39:13.537	0.92708	0.92723			6
2025.10.31	01:39:21.304	0.92709	0.92722			6
2025.10.31	01:39:21.923	0.92708				2
2025.10.31	01:39:22.502	0.92709				2
2025.10.31	01:39:22.959	0.92708	0.92723			6
2025.10.31	01:39:26.799		0.92722			4
2025.10.31	01:39:32.283	0.92715	0.92726			6
2025.10.31	01:39:38.627	0.92714	0.92727			6
2025.10.31	01:39:40.598		0.92726			4
2025.10.31	01:39:42.704		0.92727			4
2025.10.31	01:39:43.373		0.92726			4
2025.10.31	01:39:59.848	0.92715				2
2025.10.31	01:40:00.161	0.92714	0.92727			6
2025.10.31	01:40:00.509	0.92715	0.92726			6
2025.10.31	01:40:01.347	0.92719	0.92732			6
2025.10.31	01:40:01.671	0.92720				2
2025.10.31	01:40:03.496	0.92721	0.92731			6
2025.10.31	01:40:10.066		0.92732			4
2025.10.31	01:40:14.430		0.92731			4
2025.10.31	01:40:19.742	0.92720				2
2025.10.31	01:40:21.965	0.92721				2
2025.10.31	01:40:25.603	0.92720				2
2025.10.31	01:40:28.604	0.92721	0.92733			6
2025.10.31	01:40:37.928	0.92719				2
2025.10.31	01:40:41.275	0.92720	0.92734			6
2025.10.31	01:40:41.590	0.92717	0.92729			6
2025.10.31	01:40:47.384		0.92728			4
2025.10.31	01:40:53.613		0.92730			4
2025.10.31	01:40:54.044		0.92729			4
2025.10.31	01:40:57.810	0.92719	0.92730			6
2025.10.31	01:40:58.822	0.92721	0.92731			6
2025.10.31	01:41:00.350	0.92721	0.92730			6
2025.10.31	01:41:05.499		0.92731			4
2025.10.31	01:41:06.857	0.92720				2
2025.10.31	01:41:08.471	0.92718	0.92730			6
2025.10.31	01:41:23.771	0.92724	0.92735			6
2025.10.31	01:41:24.078	0.92721	0.92734			6
2025.10.31	01:41:28.369	0.92722	0.92733			6
2025.10.31	01:41:33.126	0.92721				2
2025.10.31	01:41:37.323	0.92722	0.92734			6
2025.10.31	01:41:39.698		0.92733			4
2025.10.31	01:41:58.312		0.92734			4
2025.10.31	01:42:00.793	0.92722				2
2025.10.31	01:42:01.367	0.92731	0.92742			6
2025.10.31	01:42:11.610	0.92730	0.92739			6
2025.10.31	01:42:11.923	0.92726	0.92737			6
2025.10.31	01:42:15.699	0.92725				2
2025.10.31	01:42:35.481	0.92726				2
2025.10.31	01:42:36.739		0.92738			4
2025.10.31	01:42:43.770		0.92737			4
2025.10.31	01:42:44.275	0.92725				2
2025.10.31	01:42:46.233	0.92728	0.92740			6
2025.10.31	01:42:46.749	0.92727				2
2025.10.31	01:42:59.811	0.92725	0.92739			6
2025.10.31	01:43:00.764	0.92725				2
2025.10.31	01:43:04.159	0.92726	0.92738			6
2025.10.31	01:43:07.303		0.92737			4
2025.10.31	01:43:09.569	0.92725	0.92738			6
2025.10.31	01:43:21.936	0.92726	0.92739			6
2025.10.31	01:43:27.383		0.92738			4
2025.10.31	01:43:30.927		0.92739			4
2025.10.31	01:43:35.186	0.92730	0.92740			6
2025.10.31	01:43:40.494	0.92729				2
2025.10.31	01:43:46.961	0.92728	0.92739			6
2025.10.31	01:43:49.022	0.92726				2
2025.10.31	01:43:51.364	0.92727				2
2025.10.31	01:43:54.380	0.92728	0.92738			6
2025.10.31	01:44:00.455	0.92728	0.92739			6
2025.10.31	01:44:03.433	0.92727	0.92738			6
2025.10.31	01:44:08.802	0.92728				2
2025.10.31	01:44:11.466		0.92739			4
2025.10.31	01:44:22.719	0.92729	0.92738			6
2025.10.31	01:44:27.399	0.92728	0.92739			6
2025.10.31	01:44:31.588	0.92727				2
2025.10.31	01:44:31.948	0.92726	0.92738			6
2025.10.31	01:44:37.793	0.92725	0.92736			6
2025.10.31	01:44:40.743	0.92729	0.92741			6
2025.10.31	01:44:56.097	0.92725	0.92737			6
2025.10.31	01:44:56.684	0.92726				2
2025.10.31	01:45:02.247	0.92726				2
2025.10.31	01:45:06.699	0.92727	0.92736			6
2025.10.31	01:45:13.599	0.92726				2
2025.10.31	01:45:14.743	0.92727				2
2025.10.31	01:45:15.082	0.92726				2
2025.10.31	01:45:21.050	0.92725	0.92737			6
2025.10.31	01:45:26.829	0.92729	0.92738			6
2025.10.31	01:45:27.163		0.92739			4
2025.10.31	01:45:27.972	0.92728	0.92740			6
2025.10.31	01:45:33.969	0.92729				2
2025.10.31	01:45:43.526	0.92728				2
2025.10.31	01:45:44.211	0.92729				2
2025.10.31	01:45:47.577	0.92728	0.92737			6
2025.10.31	01:45:51.961	0.92727				2
2025.10.31	01:45:57.730	0.92725	0.92736			6
2025.10.31	01:46:00.445	0.92725				2
2025.10.31	01:46:08.199	0.92726				2
2025.10.31	01:46:09.733	0.92724	0.92737			6
2025.10.31	01:46:14.499	0.92725				2
2025.10.31	01:46:22.814	0.92726				2
2025.10.31	01:46:27.115	0.92722	0.92735			6
2025.10.31	01:46:27.446	0.92723				2
2025.10.31	01:46:28.974	0.92724				2
2025.10.31	01:46:29.771	0.92723				2
2025.10.31	01:46:36.959	0.92724				2
2025.10.31	01:46:59.810	0.92723	0.92736			6
2025.10.31	01:47:00.749	0.92723				2
2025.10.31	01:47:09.147	0.92722	0.92732			6
2025.10.31	01:47:14.733	0.92725	0.92734			6
2025.10.31	01:47:24.788	0.92724	0.92735			6
2025.10.31	01:47:25.708	0.92730	0.92740			6
2025.10.31	01:47:29.142	0.92728	0.92739			6
2025.10.31	01:47:35.921	0.92727				2
2025.10.31	01:47:37.599	0.92728				2
2025.10.31	01:47:41.142	0.92729	0.92741			6
2025.10.31	01:47:43.231	0.92732	0.92743			6
2025.10.31	01:47:43.884	0.92731				2
2025.10.31	01:47:52.777	0.92732				2
2025.10.31	01:47:54.415	0.92735	0.92747			6
2025.10.31	01:48:02.773	0.92735				2
2025.10.31	01:48:07.898		0.92746			4
2025.10.31	01:48:09.706		0.92745			4
2025.10.31	01:48:10.079	0.92734	0.92744			6
2025.10.31	01:48:12.816	0.92733				2
2025.10.31	01:48:15.564	0.92734	0.92745			6
2025.10.31	01:48:18.965	0.92733				2
2025.10.31	01:48:21.946	0.92736	0.92747			6
2025.10.31	01:48:26.131	0.92735				2
2025.10.31	01:48:30.135		0.92744			4
2025.10.31	01:48:35.499	0.92734				2
2025.10.31	01:48:39.461	0.92735	0.92746			6
2025.10.31	01:49:01.408	0.92735				2
2025.10.31	01:49:06.998	0.92736				2
2025.10.31	01:49:38.837	0.92735	0.92744			6
2025.10.31	01:49:41.366		0.92746			4
2025.10.31	01:49:42.182	0.92734	0.92745			6
2025.10.31	01:49:43.344	0.92732	0.92742			6
2025.10.31	01:49:44.230	0.92731	0.92743			6
2025.10.31	01:49:49.595	0.92732	0.92742			6
2025.10.31	01:49:53.362	0.92731	0.92741			6
2025.10.31	01:50:00.186	0.92732				2
2025.10.31	01:50:08.198		0.92742			4
2025.10.31	01:50:12.528	0.92730	0.92739			6
2025.10.31	01:50:17.888	0.92728				2
2025.10.31	01:50:29.237		0.92738			4
2025.10.31	01:50:30.359	0.92727	0.92739			6
2025.10.31	01:50:31.831	0.92724	0.92736			6
2025.10.31	01:50:32.687	0.92725				2
2025.10.31	01:50:36.466		0.92735			4
2025.10.31	01:50:37.563	0.92727	0.92738			6
2025.10.31	01:50:41.864	0.92726	0.92737			6
2025.10.31	01:50:43.163	0.92725	0.92736			6
2025.10.31	01:50:44.389	0.92726	0.92737			6
2025.10.31	01:50:52.504	0.92727				2
2025.10.31	01:50:53.876	0.92726				2
2025.10.31	01:50:55.621		0.92736			4
2025.10.31	01:51:00.585	0.92726	0.92737			6
2025.10.31	01:51:06.248	0.92724	0.92734			6
2025.10.31	01:51:07.051	0.92723				2
2025.10.31	01:51:14.499	0.92724				2
2025.10.31	01:51:16.272	0.92723				2
2025.10.31	01:51:17.263	0.92724				2
2025.10.31	01:51:25.250	0.92722	0.92732			6
2025.10.31	01:51:26.309	0.92721	0.92731			6
2025.10.31	01:51:27.329	0.92723	0.92734			6
2025.10.31	01:51:33.626	0.92724	0.92735			6
2025.10.31	01:51:38.348	0.92725				2
2025.10.31	01:51:47.388	0.92723	0.92733			6
2025.10.31	01:51:47.773	0.92724	0.92734			6
2025.10.31	01:51:50.353	0.92725				2
2025.10.31	01:51:50.710	0.92724				2
2025.10.31	01:51:52.450	0.92723	0.92733			6
2025.10.31	01:51:53.801	0.92721	0.92732			6
2025.10.31	01:51:58.154	0.92719	0.92729			6
2025.10.31	01:51:58.457	0.92718				2
2025.10.31	01:51:58.799	0.92719				2
2025.10.31	01:51:59.791	0.92720	0.92730			6
2025.10.31	01:52:00.098	0.92721	0.92731			6
2025.10.31	01:52:00.456	0.92720				2
2025.10.31	01:52:03.041	0.92729	0.92737			6
2025.10.31	01:52:06.086		0.92738			4
2025.10.31	01:52:07.128		0.92737			4
2025.10.31	01:52:13.059	0.92727				2
2025.10.31	01:52:13.384	0.92729				2
2025.10.31	01:52:23.800	0.92728				2
2025.10.31	01:52:49.026	0.92729	0.92736			6
2025.10.31	01:52:57.499	0.92728	0.92737			6
2025.10.31	01:52:59.760	0.92727	0.92735			6
2025.10.31	01:53:00.351	0.92727				2
2025.10.31	01:53:02.902	0.92726				2
2025.10.31	01:53:08.251	0.92727				2
2025.10.31	01:53:17.940	0.92726				2
2025.10.31	01:53:57.104		0.92734			4
2025.10.31	01:54:00.577	0.92726				2
2025.10.31	01:54:01.304	0.92725				2
2025.10.31	01:54:06.098	0.92726	0.92733			6
2025.10.31	01:54:06.524	0.92723				2
2025.10.31	01:54:07.123	0.92724	0.92732			6
2025.10.31	01:54:09.275	0.92723				2
2025.10.31	01:54:12.374	0.92724				2
2025.10.31	01:54:14.250	0.92723				2
2025.10.31	01:54:17.923	0.92724	0.92733			6
2025.10.31	01:54:19.554	0.92725				2
2025.10.31	01:54:25.299	0.92724				2
2025.10.31	01:54:29.954	0.92725				2
2025.10.31	01:54:36.837	0.92728	0.92736			6
2025.10.31	01:54:42.116	0.92727	0.92735			6
2025.10.31	01:54:43.178	0.92728	0.92737			6
2025.10.31	01:54:43.962	0.92729				2
2025.10.31	01:54:47.591	0.92728				2
2025.10.31	01:54:50.681		0.92736			4
2025.10.31	01:54:51.348	0.92727				2
2025.10.31	01:55:00.436	0.92727	0.92737			6
2025.10.31	01:55:03.063		0.92736			4
2025.10.31	01:55:09.386	0.92730	0.92739			6
2025.10.31	01:55:11.464		0.92738			4
2025.10.31	01:55:21.740	0.92729	0.92737			6
2025.10.31	01:55:29.461		0.92738			4
2025.10.31	01:55:38.963		0.92739			4
2025.10.31	01:55:40.540	0.92732	0.92742			6
2025.10.31	01:55:41.538	0.92733				2
2025.10.31	01:55:47.596	0.92734	0.92743			6
2025.10.31	01:55:53.499	0.92733				2
2025.10.31	01:55:53.838	0.92734	0.92742			6
2025.10.31	01:56:00.105	0.92734				2
2025.10.31	01:56:04.129	0.92735	0.92743			6
2025.10.31	01:56:06.492	0.92736	0.92745			6
2025.10.31	01:56:07.670	0.92737				2
2025.10.31	01:56:08.703	0.92736				2
2025.10.31	01:56:11.101	0.92735	0.92746			6
2025.10.31	01:56:12.891	0.92736				2
2025.10.31	01:56:15.115		0.92745			4
2025.10.31	01:56:23.854	0.92737				2
2025.10.31	01:56:24.450		0.92746			4
2025.10.31	01:56:25.476		0.92745			4
2025.10.31	01:56:26.766	0.92738				2
2025.10.31	01:56:27.521	0.92737	0.92746			6
2025.10.31	01:56:32.880		0.92745			4
2025.10.31	01:56:33.813	0.92734	0.92743			6
2025.10.31	01:56:43.207	0.92735	0.92742			6
2025.10.31	01:56:44.385	0.92734	0.92743			6
2025.10.31	01:56:59.291	0.92732	0.92742			6
2025.10.31	01:57:00.429	0.92733	0.92743			6
2025.10.31	01:57:12.379	0.92734				2
2025.10.31	01:57:13.480	0.92733				2
2025.10.31	01:57:24.354	0.92734				2
2025.10.31	01:57:30.503	0.92735	0.92744			6
2025.10.31	01:57:34.538	0.92734	0.92745			6
2025.10.31	01:57:36.099	0.92735				2
2025.10.31	01:57:47.801		0.92744			4
2025.10.31	01:57:58.155	0.92738	0.92747			6
2025.10.31	01:58:00.442	0.92737	0.92746			6
2025.10.31	01:58:08.330	0.92738				2
2025.10.31	01:58:14.123	0.92735	0.92745			6
2025.10.31	01:58:20.519	0.92734	0.92744			6
2025.10.31	01:58:23.965	0.92733				2
2025.10.31	01:58:27.610	0.92736	0.92746			6
2025.10.31	01:58:35.549	0.92733	0.92744			6
2025.10.31	01:58:35.891	0.92734				2
2025.10.31	01:58:42.962	0.92736				2
2025.10.31	01:58:45.326	0.92734				2
2025.10.31	01:58:58.548		0.92743			4
2025.10.31	01:59:00.108	0.92734				2
2025.10.31	01:59:00.445	0.92735	0.92744			6
2025.10.31	01:59:18.480	0.92734	0.92743			6
2025.10.31	01:59:21.639		0.92742			4
2025.10.31	01:59:24.796	0.92733				2
2025.10.31	01:59:31.014	0.92734				2
2025.10.31	01:59:43.443	0.92733	0.92743			6
2025.10.31	01:59:46.472	0.92734				2
2025.10.31	01:59:49.748	0.92733	0.92742			6
2025.10.31	01:59:55.287	0.92730	0.92738			6
2025.10.31	01:59:55.810	0.92733	0.92740			6
2025.10.31	01:59:56.781	0.92730				2
2025.10.31	01:59:59.256	0.92724	0.92732			6
2025.10.31	01:59:59.780	0.92725				2
2025.10.31	02:00:00.383	0.92728	0.92737			6
2025.10.31	02:00:00.701	0.92729				2
2025.10.31	02:00:01.025	0.92727				2
2025.10.31	02:00:03.306		0.92738			4
2025.10.31	02:00:04.522	0.92728	0.92737			6
2025.10.31	02:00:04.893	0.92723	0.92730			6
2025.10.31	02:00:05.889	0.92727	0.92735			6
2025.10.31	02:00:06.360		0.92737			4
2025.10.31	02:00:11.664	0.92723	0.92731			6
2025.10.31	02:00:12.832	0.92726	0.92734			6
2025.10.31	02:00:17.037	0.92727				2
2025.10.31	02:00:19.115	0.92724	0.92735			6
2025.10.31	02:00:21.348	0.92727	0.92736			6
2025.10.31	02:00:22.544	0.92726	0.92735			6
2025.10.31	02:00:23.045	0.92725	0.92733			6
2025.10.31	02:00:24.528		0.92735			4
2025.10.31	02:00:33.620	0.92729	0.92737			6
2025.10.31	02:00:33.929		0.92738			4
2025.10.31	02:00:41.905	0.92730	0.92736			6
2025.10.31	02:00:42.224	0.92729	0.92737			6
2025.10.31	02:00:42.837	0.92730				2
2025.10.31	02:00:45.313	0.92728				2
2025.10.31	02:00:45.705	0.92727	0.92736			6
2025.10.31	02:00:47.454		0.92737			4
2025.10.31	02:00:54.315	0.92728	0.92736			6
2025.10.31	02:00:55.068	0.92727				2
2025.10.31	02:01:00.816	0.92727				2
2025.10.31	02:01:03.130	0.92728				2
2025.10.31	02:01:06.332		0.92737			4
2025.10.31	02:01:13.296	0.92729	0.92738			6
2025.10.31	02:01:13.612	0.92727	0.92737			6
2025.10.31	02:01:20.279		0.92738			4
2025.10.31	02:01:22.084	0.92728	0.92740			6
2025.10.31	02:01:25.467		0.92739			4
2025.10.31	02:01:33.850	0.92732	0.92741			6
2025.10.31	02:01:42.055		0.92742			4
2025.10.31	02:01:45.006	0.92733				2
2025.10.31	02:01:47.207	0.92731				2
2025.10.31	02:01:49.900	0.92732				2
2025.10.31	02:01:52.917		0.92741			4
2025.10.31	02:01:54.464	0.92731				2
2025.10.31	02:02:00.239	0.92732				2
2025.10.31	02:02:01.790	0.92731	0.92740			6
2025.10.31	02:02:02.937		0.92741			4
2025.10.31	02:02:06.896	0.92730				2
2025.10.31	02:02:07.600	0.92731	0.92740			6
2025.10.31	02:02:08.048	0.92730				2
2025.10.31	02:02:08.855	0.92731	0.92739			6
2025.10.31	02:02:09.158		0.92740			4
2025.10.31	02:02:16.279	0.92729	0.92741			6
2025.10.31	02:02:17.267	0.92730	0.92740			6
2025.10.31	02:02:20.910	0.92731	0.92741			6
2025.10.31	02:02:23.713	0.92732				2
2025.10.31	02:02:25.868	0.92733	0.92742			6
2025.10.31	02:02:26.664	0.92732				2
2025.10.31	02:02:31.113	0.92742	0.92748			6
2025.10.31	02:02:32.388	0.92739	0.92751			6
2025.10.31	02:02:34.984	0.92740	0.92749			6
2025.10.31	02:02:49.198	0.92738	0.92747			6
2025.10.31	02:03:00.467	0.92738				2
2025.10.31	02:03:07.337		0.92746			4
2025.10.31	02:03:07.795	0.92736	0.92747			6
2025.10.31	02:03:08.172	0.92737				2
2025.10.31	02:03:09.480	0.92736				2
2025.10.31	02:03:20.194	0.92737				2
2025.10.31	02:03:45.786	0.92736	0.92744			6
2025.10.31	02:03:46.761	0.92737	0.92747			6
2025.10.31	02:03:56.198	0.92738	0.92746			6
2025.10.31	02:04:00.333	0.92738				2
2025.10.31	02:04:01.527	0.92737	0.92747			6
2025.10.31	02:04:06.876		0.92745			4
2025.10.31	02:04:24.349		0.92746			4
2025.10.31	02:04:25.455	0.92738				2
2025.10.31	02:04:33.745	0.92737	0.92747			6
2025.10.31	02:04:48.146	0.92738				2
2025.10.31	02:05:00.936	0.92738				2
2025.10.31	02:05:01.434	0.92737				2
2025.10.31	02:05:02.068	0.92740	0.92748			6
2025.10.31	02:05:21.262	0.92738	0.92747			6
2025.10.31	02:05:21.611	0.92740	0.92748			6
2025.10.31	02:05:22.299	0.92739	0.92747			6
2025.10.31	02:05:23.368	0.92737	0.92748			6
2025.10.31	02:05:23.758	0.92739				2
2025.10.31	02:05:24.366	0.92738	0.92747			6
2025.10.31	02:05:25.401	0.92739				2
2025.10.31	02:05:25.741		0.92748			4
2025.10.31	02:05:26.122	0.92738				2
2025.10.31	02:05:26.522	0.92739				2
2025.10.31	02:05:26.855	0.92736				2
2025.10.31	02:05:28.346	0.92737				2
2025.10.31	02:05:32.409	0.92739				2
2025.10.31	02:05:34.354	0.92738	0.92747			6
2025.10.31	02:05:37.380	0.92741	0.92746			6
2025.10.31	02:05:38.960	0.92742	0.92747			6
2025.10.31	02:05:40.917	0.92738	0.92748			6
2025.10.31	02:05:50.993		0.92747			4
2025.10.31	02:05:55.132	0.92740	0.92750			6
2025.10.31	02:05:55.461	0.92741	0.92749			6
2025.10.31	02:05:59.337	0.92742	0.92748			6
2025.10.31	02:06:01.287	0.92740	0.92750			6
2025.10.31	02:06:09.588	0.92741	0.92749			6
2025.10.31	02:06:12.319	0.92742				2
2025.10.31	02:06:13.153	0.92740				2
2025.10.31	02:06:13.470	0.92737	0.92745			6
2025.10.31	02:06:16.384		0.92746			4
2025.10.31	02:06:17.593		0.92747			4
2025.10.31	02:06:17.916	0.92739	0.92746			6
2025.10.31	02:06:23.053	0.92738				2
2025.10.31	02:06:29.197	0.92737				2
2025.10.31	02:06:31.147		0.92745			4
2025.10.31	02:06:33.434		0.92744			4
2025.10.31	02:06:35.647	0.92736				2
2025.10.31	02:06:45.032		0.92743			4
2025.10.31	02:06:54.811	0.92737	0.92744			6
2025.10.31	02:06:56.416	0.92735				2
2025.10.31	02:06:58.714		0.92743			4
2025.10.31	02:07:00.302	0.92736	0.92746			6
2025.10.31	02:07:00.620	0.92737	0.92744			6
2025.10.31	02:07:01.182	0.92736	0.92745			6
2025.10.31	02:07:03.451	0.92737				2
2025.10.31	02:07:14.501	0.92736				2
2025.10.31	02:07:21.369	0.92737				2
2025.10.31	02:07:24.813		0.92744			4
2025.10.31	02:07:25.135	0.92738	0.92745			6
2025.10.31	02:07:25.454	0.92736	0.92743			6
2025.10.31	02:07:26.760	0.92737	0.92744			6
2025.10.31	02:07:32.432		0.92745			4
2025.10.31	02:07:33.418		0.92743			4
2025.10.31	02:07:34.264	0.92736	0.92744			6
2025.10.31	02:07:37.970	0.92737				2
2025.10.31	02:07:39.836	0.92736	0.92743			6
2025.10.31	02:07:43.601		0.92744			4
2025.10.31	02:07:55.089	0.92737	0.92743			6
2025.10.31	02:07:56.163	0.92734				2
2025.10.31	02:08:00.448	0.92734	0.92742			6
2025.10.31	02:08:03.178	0.92736	0.92743			6
2025.10.31	02:08:05.892	0.92734	0.92742			6
2025.10.31	02:08:07.451	0.92735				2
2025.10.31	02:08:10.474	0.92734	0.92743			6
2025.10.31	02:08:14.498	0.92735				2
2025.10.31	02:08:16.833	0.92734	0.92742			6
2025.10.31	02:08:17.505	0.92735	0.92743			6
2025.10.31	02:08:20.337	0.92736	0.92742			6
2025.10.31	02:08:24.681		0.92743			4
2025.10.31	02:08:27.674	0.92734				2
2025.10.31	02:08:28.733	0.92736				2
2025.10.31	02:08:47.417	0.92735	0.92742			6
2025.10.31	02:08:54.062		0.92743			4
2025.10.31	02:08:55.123		0.92742			4
2025.10.31	02:08:56.637		0.92743			4
2025.10.31	02:08:59.692	0.92736				2
2025.10.31	02:09:00.449	0.92736	0.92742			6
2025.10.31	02:09:02.844	0.92735				2
2025.10.31	02:09:03.314		0.92743			4
2025.10.31	02:09:05.531		0.92742			4
2025.10.31	02:09:06.610	0.92734	0.92743			6
2025.10.31	02:09:09.709	0.92735				2
2025.10.31	02:09:20.915	0.92736				2
2025.10.31	02:09:21.907	0.92734				2
2025.10.31	02:09:23.120	0.92736				2
2025.10.31	02:09:24.591	0.92734	0.92742			6
2025.10.31	02:09:25.673	0.92735	0.92741			6
2025.10.31	02:09:26.260	0.92734	0.92742			6
2025.10.31	02:09:29.802	0.92735				2
2025.10.31	02:09:38.984	0.92736	0.92743			6
2025.10.31	02:09:39.438	0.92735				2
2025.10.31	02:09:49.611	0.92736				2
2025.10.31	02:09:51.336	0.92734				2
2025.10.31	02:09:51.682	0.92735	0.92742			6
2025.10.31	02:09:59.219	0.92734	0.92743			6
2025.10.31	02:10:00.924	0.92738	0.92744			6
2025.10.31	02:10:09.038	0.92736	0.92745			6
2025.10.31	02:10:14.500	0.92737				2
2025.10.31	02:10:18.999	0.92738	0.92744			6
2025.10.31	02:10:20.301	0.92737				2
2025.10.31	02:10:31.600	0.92738				2
2025.10.31	02:10:33.977	0.92737				2
2025.10.31	02:10:36.377		0.92747			4
2025.10.31	02:10:40.438	0.92739				2
2025.10.31	02:10:41.185	0.92737				2
2025.10.31	02:10:41.564	0.92740	0.92748			6
2025.10.31	02:10:44.004		0.92747			4
2025.10.31	02:10:49.300	0.92739				2
2025.10.31	02:10:55.202	0.92740				2
2025.10.31	02:10:58.312	0.92741	0.92750			6
2025.10.31	02:11:00.453	0.92742				2
2025.10.31	02:11:07.281	0.92743	0.92749			6
2025.10.31	02:11:15.582	0.92742				2
2025.10.31	02:11:28.896		0.92750			4
2025.10.31	02:11:34.165		0.92749			4
2025.10.31	02:11:41.461		0.92750			4
2025.10.31	02:11:47.931		0.92751			4
2025.10.31	02:11:49.944		0.92750			4
2025.10.31	02:11:53.326		0.92751			4
2025.10.31	02:11:58.564		0.92750			4
2025.10.31	02:11:59.461		0.92751			4
2025.10.31	02:12:01.990	0.92742				2
2025.10.31	02:12:03.645	0.92741	0.92749			6
2025.10.31	02:12:05.301		0.92750			4
2025.10.31	02:12:06.636	0.92740				2
2025.10.31	02:12:06.938		0.92749			4
2025.10.31	02:12:08.242	0.92742				2
2025.10.31	02:12:25.789	0.92746	0.92752			6
2025.10.31	02:12:26.294	0.92744				2
2025.10.31	02:12:28.403	0.92745				2
2025.10.31	02:12:39.997		0.92753			4
2025.10.31	02:12:53.347		0.92752			4
2025.10.31	02:12:55.496		0.92753			4
2025.10.31	02:13:00.353	0.92745				2
2025.10.31	02:13:01.621	0.92746				2
2025.10.31	02:13:04.453	0.92743	0.92752			6
2025.10.31	02:13:05.050		0.92751			4
2025.10.31	02:13:06.549	0.92749	0.92757			6
2025.10.31	02:13:06.856	0.92748				2
2025.10.31	02:13:07.215	0.92749	0.92756			6
2025.10.31	02:13:09.369	0.92748				2
2025.10.31	02:13:10.079	0.92749				2
2025.10.31	02:13:10.912		0.92757			4
2025.10.31	02:13:12.271		0.92756			4
2025.10.31	02:13:34.809		0.92757			4
2025.10.31	02:13:36.002	0.92748	0.92756			6
2025.10.31	02:13:49.099		0.92755			4
2025.10.31	02:13:49.401	0.92749	0.92756			6
2025.10.31	02:13:50.367	0.92748				2
2025.10.31	02:13:52.508		0.92755			4
2025.10.31	02:13:56.802	0.92746	0.92754			6
2025.10.31	02:13:58.323	0.92745	0.92752			6
2025.10.31	02:14:00.880	0.92745	0.92753			6
2025.10.31	02:14:01.522	0.92746				2
2025.10.31	02:14:02.205	0.92748	0.92755			6
2025.10.31	02:14:02.639	0.92747	0.92754			6
2025.10.31	02:14:05.638	0.92748	0.92755			6
2025.10.31	02:14:06.755	0.92746	0.92754			6
2025.10.31	02:14:11.923		0.92753			4
2025.10.31	02:14:31.836	0.92745	0.92754			6
2025.10.31	02:14:35.593	0.92746				2
2025.10.31	02:14:46.580		0.92753			4
2025.10.31	02:15:00.307	0.92746				2
2025.10.31	02:15:08.580	0.92747	0.92754			6
2025.10.31	02:15:09.242	0.92746	0.92753			6
2025.10.31	02:15:11.076	0.92749	0.92757			6
2025.10.31	02:15:15.276	0.92748	0.92756			6
2025.10.31	02:15:16.392	0.92749				2
2025.10.31	02:15:23.643	0.92750				2
2025.10.31	02:15:24.762	0.92749				2
2025.10.31	02:16:01.676	0.92749				2
2025.10.31	02:16:02.561	0.92748				2
2025.10.31	02:16:05.880		0.92757			4
2025.10.31	02:16:06.487	0.92749	0.92756			6
2025.10.31	02:16:09.001	0.92748				2
2025.10.31	02:16:10.944		0.92755			4
2025.10.31	02:16:11.303	0.92747				2
2025.10.31	02:16:19.926	0.92748	0.92756			6
2025.10.31	02:16:20.263		0.92755			4
2025.10.31	02:16:21.613	0.92749	0.92756			6
2025.10.31	02:16:27.973	0.92748	0.92755			6
2025.10.31	02:16:28.280	0.92747				2
2025.10.31	02:16:28.686	0.92748	0.92757			6
2025.10.31	02:16:30.408	0.92752	0.92760			6
2025.10.31	02:16:34.463	0.92753				2
2025.10.31	02:16:55.792	0.92752	0.92761			6
2025.10.31	02:16:59.595		0.92759			4
2025.10.31	02:17:02.281	0.92752				2
2025.10.31	02:17:02.652	0.92751				2
2025.10.31	02:17:04.347	0.92749	0.92758			6
2025.10.31	02:17:04.650	0.92750				2
2025.10.31	02:17:05.274	0.92752	0.92759			6
2025.10.31	02:17:08.719	0.92750	0.92758			6
2025.10.31	02:17:12.349	0.92751				2
2025.10.31	02:17:15.726	0.92753	0.92760			6
2025.10.31	02:17:18.815	0.92751	0.92758			6
2025.10.31	02:17:24.717	0.92750				2
2025.10.31	02:17:31.161	0.92749				2
2025.10.31	02:17:44.673	0.92752	0.92760			6
2025.10.31	02:17:50.622	0.92751				2
2025.10.31	02:17:55.452	0.92752				2
2025.10.31	02:18:03.545	0.92752				2
2025.10.31	02:18:09.057	0.92753				2
2025.10.31	02:18:09.723	0.92751	0.92759			6
2025.10.31	02:18:10.397	0.92752				2
2025.10.31	02:18:22.779		0.92760			4
2025.10.31	02:18:28.624	0.92753				2
2025.10.31	02:18:30.448	0.92752	0.92759			6
2025.10.31	02:19:00.155	0.92752	0.92760			6
2025.10.31	02:19:00.497	0.92751	0.92761			6
2025.10.31	02:19:01.227	0.92752	0.92760			6
2025.10.31	02:19:03.496	0.92753				2
2025.10.31	02:19:19.811	0.92752				2
2025.10.31	02:20:00.433	0.92752				2
2025.10.31	02:20:02.281		0.92760			4
2025.10.31	02:20:02.671		0.92761			4
2025.10.31	02:20:05.410		0.92760			4
2025.10.31	02:20:06.099	0.92753				2
2025.10.31	02:20:39.431	0.92754	0.92761			6
2025.10.31	02:20:39.739	0.92756	0.92763			6
2025.10.31	02:20:44.234	0.92757	0.92764			6
2025.10.31	02:20:59.626		0.92765			4
2025.10.31	02:21:00.661	0.92757				2
2025.10.31	02:21:04.877	0.92758				2
2025.10.31	02:21:19.330	0.92757				2
2025.10.31	02:21:30.355		0.92766			4
2025.10.31	02:21:30.688		0.92765			4
2025.10.31	02:21:36.532	0.92756	0.92763			6
2025.10.31	02:21:45.140	0.92755	0.92764			6
2025.10.31	02:21:48.403	0.92756	0.92763			6
2025.10.31	02:21:50.916		0.92764			4
2025.10.31	02:21:58.197	0.92754	0.92762			6
2025.10.31	02:21:58.502		0.92761			4
2025.10.31	02:22:01.592	0.92754				2
2025.10.31	02:22:07.452	0.92756	0.92764			6
2025.10.31	02:22:08.287	0.92755	0.92763			6
2025.10.31	02:22:11.402		0.92764			4
2025.10.31	02:22:34.408		0.92763			4
2025.10.31	02:22:49.349		0.92764			4
2025.10.31	02:23:02.562	0.92755				2
2025.10.31	02:23:03.345	0.92754	0.92762			6
2025.10.31	02:23:04.347		0.92763			4
2025.10.31	02:23:04.659	0.92755	0.92764			6
2025.10.31	02:23:09.378		0.92762			4
2025.10.31	02:23:18.314	0.92756	0.92763			6
2025.10.31	02:23:22.421	0.92755	0.92765			6
2025.10.31	02:23:22.775	0.92756	0.92764			6
2025.10.31	02:23:24.136	0.92755	0.92765			6
2025.10.31	02:23:32.627		0.92764			4
2025.10.31	02:23:36.017		0.92765			4
2025.10.31	02:23:38.498		0.92764			4
2025.10.31	02:23:50.217	0.92756	0.92765			6
2025.10.31	02:23:50.662	0.92755	0.92764			6
2025.10.31	02:23:59.355		0.92763			4
2025.10.31	02:24:00.476	0.92755				2
2025.10.31	02:24:10.410	0.92756				2
2025.10.31	02:24:11.493	0.92755				2
2025.10.31	02:24:15.475	0.92753	0.92762			6
