<DATE>	<TIME>	<BID>	<ASK>	<LAST>	<VOLUME>	<FLAGS>
2025.07.09	00:03:30.656	0.93230	0.93450			6
2025.07.09	00:04:05.377	0.93230				2
2025.07.09	00:04:37.059		0.93450			4
2025.07.09	00:05:00.387	0.93230				2
2025.07.09	00:05:40.344		0.93450			4
2025.07.09	00:06:00.393	0.93230				2
2025.07.09	00:06:41.065		0.93450			4
2025.07.09	00:07:00.466	0.93230				2
2025.07.09	00:07:45.377		0.93450			4
2025.07.09	00:08:04.542	0.93230				2
2025.07.09	00:08:45.755		0.93450			4
2025.07.09	00:09:07.715	0.93230				2
2025.07.09	00:09:48.370		0.93450			4
2025.07.09	00:10:00.329	0.93230				2
2025.07.09	00:10:00.962	0.93272				2
2025.07.09	00:10:01.292	0.93230				2
2025.07.09	00:10:02.162	0.93273				2
2025.07.09	00:10:03.004	0.93230				2
2025.07.09	00:10:03.985	0.93273				2
2025.07.09	00:10:04.298	0.93230				2
2025.07.09	00:10:05.462	0.93273				2
2025.07.09	00:10:05.788	0.93230				2
2025.07.09	00:10:06.665	0.93273				2
2025.07.09	00:10:06.988	0.93230				2
2025.07.09	00:10:07.587	0.93273				2
2025.07.09	00:10:07.890	0.93230				2
2025.07.09	00:10:11.707	0.93326	0.93442			6
2025.07.09	00:10:12.234		0.93443			4
2025.07.09	00:10:13.950		0.93442			4
2025.07.09	00:10:15.529		0.93443			4
2025.07.09	00:10:16.057		0.93442			4
2025.07.09	00:10:16.430	0.93327				2
2025.07.09	00:10:17.040		0.93445			4
2025.07.09	00:10:18.151		0.93442			4
2025.07.09	00:10:18.528		0.93445			4
2025.07.09	00:10:19.052		0.93442			4
2025.07.09	00:10:20.631		0.93445			4
2025.07.09	00:10:21.749		0.93442			4
2025.07.09	00:10:22.430		0.93447			4
2025.07.09	00:10:25.649		0.93442			4
2025.07.09	00:10:26.033		0.93446			4
2025.07.09	00:10:26.550		0.93442			4
2025.07.09	00:10:27.705		0.93445			4
2025.07.09	00:10:28.551		0.93442			4
2025.07.09	00:10:28.862		0.93445			4
2025.07.09	00:10:29.249		0.93442			4
2025.07.09	00:10:29.932		0.93445			4
2025.07.09	00:10:30.456		0.93442			4
2025.07.09	00:10:30.830		0.93445			4
2025.07.09	00:10:31.227		0.93444			4
2025.07.09	00:10:32.549		0.93442			4
2025.07.09	00:10:33.532		0.93441			4
2025.07.09	00:10:34.129	0.93326				2
2025.07.09	00:10:34.433		0.93446			4
2025.07.09	00:10:34.948		0.93441			4
2025.07.09	00:10:35.330		0.93446			4
2025.07.09	00:10:35.806	0.93335	0.93441			6
2025.07.09	00:10:36.235		0.93453			4
2025.07.09	00:10:36.662	0.93319				2
2025.07.09	00:10:37.349		0.93441			4
2025.07.09	00:10:37.731		0.93453			4
2025.07.09	00:10:38.748	0.93322				2
2025.07.09	00:10:39.751		0.93442			4
2025.07.09	00:10:40.130		0.93453			4
2025.07.09	00:10:40.649		0.93442			4
2025.07.09	00:10:41.034	0.93323	0.93441			6
2025.07.09	00:10:41.482	0.93322	0.93453			6
2025.07.09	00:10:42.350	0.93320				2
2025.07.09	00:10:43.048		0.93441			4
2025.07.09	00:10:43.429		0.93453			4
2025.07.09	00:10:43.951		0.93441			4
2025.07.09	00:10:44.932		0.93453			4
2025.07.09	00:10:45.752		0.93441			4
2025.07.09	00:10:46.430		0.93453			4
2025.07.09	00:10:48.454		0.93442			4
2025.07.09	00:10:48.828		0.93453			4
2025.07.09	00:10:52.951		0.93441			4
2025.07.09	00:10:53.636		0.93453			4
2025.07.09	00:10:54.749		0.93441			4
2025.07.09	00:10:55.129		0.93453			4
2025.07.09	00:10:55.949		0.93441			4
2025.07.09	00:10:56.329		0.93453			4
2025.07.09	00:10:56.850		0.93441			4
2025.07.09	00:10:57.229		0.93453			4
2025.07.09	00:10:57.638		0.93441			4
2025.07.09	00:10:57.949		0.93453			4
2025.07.09	00:10:58.354		0.93441			4
2025.07.09	00:10:58.731		0.93453			4
2025.07.09	00:11:00.148	0.93320				2
2025.07.09	00:11:00.752		0.93441			4
2025.07.09	00:11:02.033		0.93453			4
2025.07.09	00:11:03.150		0.93441			4
2025.07.09	00:11:03.529		0.93453			4
2025.07.09	00:11:05.150	0.93319				2
2025.07.09	00:11:06.151		0.93441			4
2025.07.09	00:11:06.529		0.93453			4
2025.07.09	00:11:08.249		0.93441			4
2025.07.09	00:11:08.928		0.93453			4
2025.07.09	00:11:09.450		0.93441			4
2025.07.09	00:11:10.129		0.93453			4
2025.07.09	00:11:10.647		0.93441			4
2025.07.09	00:11:11.126	0.93320	0.93453			6
2025.07.09	00:11:11.549		0.93441			4
2025.07.09	00:11:11.932		0.93453			4
2025.07.09	00:11:13.059		0.93440			4
2025.07.09	00:11:13.431		0.93453			4
2025.07.09	00:11:13.951		0.93440			4
2025.07.09	00:11:14.331		0.93453			4
2025.07.09	00:11:15.449		0.93440			4
2025.07.09	00:11:15.833	0.93328	0.93441			6
2025.07.09	00:11:16.250	0.93324	0.93453			6
2025.07.09	00:11:16.657		0.93440			4
2025.07.09	00:11:17.329		0.93453			4
2025.07.09	00:11:17.853		0.93440			4
2025.07.09	00:11:18.229	0.93230	0.93450			6
2025.07.09	00:11:18.601	0.93324	0.93453			6
2025.07.09	00:11:19.350	0.93230	0.93450			6
2025.07.09	00:11:19.864	0.93280				2
2025.07.09	00:11:20.189	0.93230				2
2025.07.09	00:11:22.561	0.93280				2
2025.07.09	00:11:23.188	0.93230				2
2025.07.09	00:11:23.762	0.93280				2
2025.07.09	00:11:24.088	0.93230				2
2025.07.09	00:11:24.962	0.93280				2
2025.07.09	00:11:25.288	0.93230				2
2025.07.09	00:11:25.647	0.93320	0.93453			6
2025.07.09	00:11:25.966		0.93440			4
2025.07.09	00:11:26.328	0.93230	0.93450			6
2025.07.09	00:11:27.064	0.93281				2
2025.07.09	00:11:27.380	0.93247				2
2025.07.09	00:11:27.704	0.93248				2
2025.07.09	00:11:28.263	0.93282				2
2025.07.09	00:11:28.579	0.93283				2
2025.07.09	00:11:28.918	0.93249				2
2025.07.09	00:11:29.461	0.93280				2
2025.07.09	00:11:31.289	0.93250				2
2025.07.09	00:11:32.763	0.93326	0.93442			6
2025.07.09	00:11:33.530	0.93251	0.93450			6
2025.07.09	00:11:34.864	0.93281				2
2025.07.09	00:11:35.192	0.93251				2
2025.07.09	00:11:36.391	0.93282				2
2025.07.09	00:11:37.418	0.93251				2
2025.07.09	00:11:37.862	0.93253				2
2025.07.09	00:11:38.176	0.93282				2
2025.07.09	00:11:38.488	0.93254				2
2025.07.09	00:11:39.063	0.93281				2
2025.07.09	00:11:39.989	0.93254				2
2025.07.09	00:11:41.164	0.93281				2
2025.07.09	00:11:41.493	0.93254				2
2025.07.09	00:11:42.688	0.93255				2
2025.07.09	00:11:43.000	0.93281				2
2025.07.09	00:11:44.191	0.93255				2
2025.07.09	00:11:45.364	0.93281				2
2025.07.09	00:11:46.291	0.93255				2
2025.07.09	00:11:47.164	0.93281				2
2025.07.09	00:11:47.789	0.93256				2
2025.07.09	00:11:48.350	0.93282				2
2025.07.09	00:11:48.691	0.93256				2
2025.07.09	00:11:49.514	0.93283				2
2025.07.09	00:11:50.189	0.93256				2
2025.07.09	00:11:50.761	0.93283				2
2025.07.09	00:11:51.688	0.93257				2
2025.07.09	00:11:52.266	0.93283				2
2025.07.09	00:11:52.581	0.93257				2
2025.07.09	00:11:53.162	0.93283				2
2025.07.09	00:11:53.478	0.93257				2
2025.07.09	00:11:54.063	0.93283				2
2025.07.09	00:11:54.991	0.93257				2
2025.07.09	00:11:55.564	0.93284				2
2025.07.09	00:11:55.889	0.93257				2
2025.07.09	00:11:57.063	0.93284				2
2025.07.09	00:11:57.692	0.93258				2
2025.07.09	00:11:58.862	0.93284				2
2025.07.09	00:11:59.189	0.93258				2
2025.07.09	00:11:59.762	0.93284				2
2025.07.09	00:12:00.089	0.93258				2
2025.07.09	00:12:00.400	0.93284				2
2025.07.09	00:12:00.990	0.93258				2
2025.07.09	00:12:02.462	0.93284				2
2025.07.09	00:12:03.389	0.93259				2
2025.07.09	00:12:04.262	0.93284				2
2025.07.09	00:12:05.491	0.93259				2
2025.07.09	00:12:06.064	0.93284				2
2025.07.09	00:12:06.389	0.93285				2
2025.07.09	00:12:06.991	0.93281				2
2025.07.09	00:12:07.589	0.93256				2
2025.07.09	00:12:08.162	0.93260				2
2025.07.09	00:12:09.361	0.93285				2
2025.07.09	00:12:09.988	0.93260				2
2025.07.09	00:12:10.300	0.93285				2
2025.07.09	00:12:11.489	0.93260				2
2025.07.09	00:12:12.365	0.93285				2
2025.07.09	00:12:12.689	0.93286				2
2025.07.09	00:12:13.289	0.93261				2
2025.07.09	00:12:13.861	0.93286				2
2025.07.09	00:12:14.488	0.93261				2
2025.07.09	00:12:15.662	0.93286				2
2025.07.09	00:12:15.988	0.93261				2
2025.07.09	00:12:16.564	0.93286				2
2025.07.09	00:12:17.761	0.93261				2
2025.07.09	00:12:18.282	0.93286				2
2025.07.09	00:12:19.293	0.93262				2
2025.07.09	00:12:19.864	0.93286				2
2025.07.09	00:12:20.190	0.93262				2
2025.07.09	00:12:20.762	0.93286				2
2025.07.09	00:12:21.088	0.93262				2
2025.07.09	00:12:21.988	0.93286				2
2025.07.09	00:12:23.191	0.93262				2
2025.07.09	00:12:24.061	0.93286				2
2025.07.09	00:12:24.689	0.93263				2
2025.07.09	00:12:25.264	0.93286				2
2025.07.09	00:12:25.591	0.93263				2
2025.07.09	00:12:26.163	0.93286				2
2025.07.09	00:12:26.492	0.93263				2
2025.07.09	00:12:27.064	0.93286				2
2025.07.09	00:12:27.391	0.93263				2
2025.07.09	00:12:28.190	0.93264				2
2025.07.09	00:12:29.461	0.93288				2
2025.07.09	00:12:30.353	0.93264				2
2025.07.09	00:12:30.662	0.93288				2
2025.07.09	00:12:30.989	0.93265				2
2025.07.09	00:12:31.301	0.93288				2
2025.07.09	00:12:31.889	0.93265				2
2025.07.09	00:12:32.200	0.93288				2
2025.07.09	00:12:33.390	0.93265				2
2025.07.09	00:12:33.965		0.93450			4
2025.07.09	00:12:35.765	0.93288				2
2025.07.09	00:12:36.089	0.93265				2
2025.07.09	00:12:37.264	0.93288				2
2025.07.09	00:12:37.893	0.93266				2
2025.07.09	00:12:39.064	0.93288				2
2025.07.09	00:12:39.689	0.93266				2
2025.07.09	00:12:40.863	0.93289				2
2025.07.09	00:12:41.189	0.93266				2
2025.07.09	00:12:41.764	0.93289				2
2025.07.09	00:12:42.390	0.93266				2
2025.07.09	00:12:44.761	0.93289				2
2025.07.09	00:12:45.078	0.93267				2
2025.07.09	00:12:45.661	0.93270				2
2025.07.09	00:12:45.965	0.93289				2
2025.07.09	00:12:46.889	0.93270				2
2025.07.09	00:12:47.463	0.93289				2
2025.07.09	00:12:48.124	0.93270				2
2025.07.09	00:12:50.360	0.93288				2
2025.07.09	00:12:50.789	0.93270				2
2025.07.09	00:12:51.365	0.93288				2
2025.07.09	00:12:51.689	0.93270				2
2025.07.09	00:12:52.002	0.93289				2
2025.07.09	00:12:52.589	0.93270				2
2025.07.09	00:12:53.764	0.93289				2
2025.07.09	00:12:54.090	0.93270				2
2025.07.09	00:12:54.662	0.93289				2
2025.07.09	00:12:55.891	0.93270				2
2025.07.09	00:12:56.463	0.93289				2
2025.07.09	00:12:57.089	0.93271				2
2025.07.09	00:12:57.661	0.93289				2
2025.07.09	00:12:58.290	0.93271				2
2025.07.09	00:12:58.605	0.93289				2
2025.07.09	00:12:59.190	0.93271				2
2025.07.09	00:13:00.062	0.93271				2
2025.07.09	00:13:00.382	0.93289				2
2025.07.09	00:13:00.691	0.93271				2
2025.07.09	00:13:01.862	0.93289				2
2025.07.09	00:13:03.390	0.93271				2
2025.07.09	00:13:03.816	0.93289				2
2025.07.09	00:13:04.291	0.93271				2
2025.07.09	00:13:04.865	0.93289				2
2025.07.09	00:13:05.193	0.93272				2
2025.07.09	00:13:06.062	0.93289				2
2025.07.09	00:13:06.691	0.93272				2
2025.07.09	00:13:07.562	0.93289				2
2025.07.09	00:13:07.878	0.93272				2
2025.07.09	00:13:08.989	0.93289				2
2025.07.09	00:13:09.390	0.93272				2
2025.07.09	00:13:10.597	0.93289				2
2025.07.09	00:13:11.197	0.93272				2
2025.07.09	00:13:11.762	0.93289				2
2025.07.09	00:13:12.088	0.93272				2
2025.07.09	00:13:13.262	0.93289				2
2025.07.09	00:13:13.588	0.93272				2
2025.07.09	00:13:15.362	0.93273				2
2025.07.09	00:13:17.161	0.93290				2
2025.07.09	00:13:17.489	0.93273				2
2025.07.09	00:13:18.065	0.93290				2
2025.07.09	00:13:18.389	0.93273				2
2025.07.09	00:13:19.861	0.93289				2
2025.07.09	00:13:20.488	0.93273				2
2025.07.09	00:13:21.965	0.93290				2
2025.07.09	00:13:22.891	0.93273				2
2025.07.09	00:13:23.466	0.93290				2
2025.07.09	00:13:23.795	0.93271				2
2025.07.09	00:13:24.361	0.93288				2
2025.07.09	00:13:24.689	0.93271				2
2025.07.09	00:13:25.261	0.93288				2
2025.07.09	00:13:25.889	0.93276				2
2025.07.09	00:13:26.461	0.93289				2
2025.07.09	00:13:26.778	0.93277				2
2025.07.09	00:13:27.961	0.93289				2
2025.07.09	00:13:28.890	0.93277				2
2025.07.09	00:13:29.790	0.93289				2
2025.07.09	00:13:30.389	0.93281				2
2025.07.09	00:13:31.561	0.93289				2
2025.07.09	00:13:32.188	0.93285				2
2025.07.09	00:13:32.537	0.93287				2
2025.07.09	00:13:33.064	0.93291				2
2025.07.09	00:13:33.989	0.93287	0.93450			6
2025.07.09	00:13:34.581	0.93291				2
2025.07.09	00:13:34.889	0.93287				2
2025.07.09	00:13:36.064	0.93291				2
2025.07.09	00:13:36.387	0.93287				2
2025.07.09	00:13:37.262	0.93291				2
2025.07.09	00:13:37.579	0.93287				2
2025.07.09	00:13:37.888	0.93291				2
2025.07.09	00:13:38.352	0.93287				2
2025.07.09	00:13:39.662	0.93291				2
2025.07.09	00:13:42.089	0.93287				2
2025.07.09	00:13:42.963	0.93291				2
2025.07.09	00:13:43.287	0.93288				2
2025.07.09	00:13:43.864	0.93287				2
2025.07.09	00:13:45.661	0.93291				2
2025.07.09	00:13:47.491	0.93288				2
2025.07.09	00:13:49.263	0.93291				2
2025.07.09	00:13:49.589	0.93292				2
2025.07.09	00:13:50.190	0.93288				2
2025.07.09	00:13:51.965	0.93292				2
2025.07.09	00:13:53.491	0.93289				2
2025.07.09	00:13:54.662	0.93292				2
2025.07.09	00:13:55.291	0.93289				2
2025.07.09	00:13:56.161	0.93292				2
2025.07.09	00:13:56.471	0.93289				2
2025.07.09	00:13:56.982	0.93288				2
2025.07.09	00:13:57.662	0.93292				2
2025.07.09	00:13:57.990	0.93288				2
2025.07.09	00:13:58.328	0.93292				2
2025.07.09	00:13:58.834	0.93288				2
2025.07.09	00:13:59.464	0.93292				2
2025.07.09	00:13:59.782	0.93289				2
2025.07.09	00:14:00.364	0.93289				2
2025.07.09	00:14:00.962	0.93292				2
2025.07.09	00:14:02.189	0.93289				2
2025.07.09	00:14:02.501	0.93292				2
2025.07.09	00:14:03.088	0.93289				2
2025.07.09	00:14:05.163	0.93292				2
2025.07.09	00:14:06.383	0.93289				2
2025.07.09	00:14:06.961	0.93292				2
2025.07.09	00:14:07.589	0.93289				2
2025.07.09	00:14:08.359	0.93292				2
2025.07.09	00:14:09.078	0.93289				2
2025.07.09	00:14:09.661	0.93292				2
2025.07.09	00:14:09.978	0.93289				2
2025.07.09	00:14:10.861	0.93292				2
2025.07.09	00:14:11.168	0.93289				2
2025.07.09	00:14:12.362	0.93292				2
2025.07.09	00:14:13.288	0.93289	0.93443			6
2025.07.09	00:14:13.610		0.93445			4
2025.07.09	00:14:14.013	0.93291	0.93444			6
2025.07.09	00:14:14.346	0.93290	0.93445			6
2025.07.09	00:14:15.063	0.93289	0.93446			6
2025.07.09	00:14:15.381	0.93292	0.93443			6
2025.07.09	00:14:16.289	0.93289				2
2025.07.09	00:14:16.600		0.93446			4
2025.07.09	00:14:17.763		0.93445			4
2025.07.09	00:14:18.362	0.93292				2
2025.07.09	00:14:18.683		0.93442			4
2025.07.09	00:14:18.988	0.93290				2
2025.07.09	00:14:19.300		0.93445			4
2025.07.09	00:14:19.863	0.93292				2
2025.07.09	00:14:20.178		0.93442			4
2025.07.09	00:14:21.389	0.93290				2
2025.07.09	00:14:21.701		0.93445			4
2025.07.09	00:14:22.265	0.93292				2
2025.07.09	00:14:22.580		0.93442			4
2025.07.09	00:14:22.888	0.93290	0.93445			6
2025.07.09	00:14:24.343	0.93291	0.93444			6
2025.07.09	00:14:24.660	0.93290	0.93445			6
2025.07.09	00:14:25.562	0.93292				2
2025.07.09	00:14:25.879	0.93290				2
2025.07.09	00:14:27.061	0.93293	0.93442			6
2025.07.09	00:14:27.388	0.93290	0.93445			6
2025.07.09	00:14:27.702	0.93293	0.93442			6
2025.07.09	00:14:28.288	0.93290	0.93445			6
2025.07.09	00:14:28.863	0.93293				2
2025.07.09	00:14:29.479	0.93290				2
2025.07.09	00:14:31.263	0.93293	0.93442			6
2025.07.09	00:14:33.379	0.93291	0.93446			6
2025.07.09	00:14:33.988	0.93288				2
2025.07.09	00:14:34.305		0.93449			4
2025.07.09	00:14:34.862	0.93291				2
2025.07.09	00:14:35.180	0.93288				2
2025.07.09	00:14:35.768	0.93292	0.93445			6
2025.07.09	00:14:36.089		0.93443			4
2025.07.09	00:14:36.403		0.93446			4
2025.07.09	00:14:36.807	0.93289	0.93448			6
2025.07.09	00:14:37.266		0.93449			4
2025.07.09	00:14:38.462		0.93448			4
2025.07.09	00:14:39.076	0.93292				2
2025.07.09	00:14:39.379		0.93445			4
2025.07.09	00:14:40.288	0.93290				2
2025.07.09	00:14:40.603		0.93448			4
2025.07.09	00:14:41.161	0.93292	0.93445			6
2025.07.09	00:14:41.490	0.93290				2
2025.07.09	00:14:41.801		0.93448			4
2025.07.09	00:14:42.363	0.93292	0.93447			6
2025.07.09	00:14:42.681	0.93290				2
2025.07.09	00:14:43.562	0.93292	0.93445			6
2025.07.09	00:14:45.388	0.93290	0.93448			6
2025.07.09	00:14:45.718	0.93291	0.93447			6
2025.07.09	00:14:46.262		0.93446			4
2025.07.09	00:14:48.062	0.93294	0.93444			6
2025.07.09	00:14:48.388	0.93291	0.93446			6
2025.07.09	00:14:49.561	0.93294				2
2025.07.09	00:14:49.879	0.93291				2
2025.07.09	00:14:50.464	0.93294				2
2025.07.09	00:14:50.786		0.93444			4
2025.07.09	00:14:51.694	0.93291				2
2025.07.09	00:14:52.000	0.93294				2
2025.07.09	00:14:52.590	0.93291				2
2025.07.09	00:14:53.204		0.93446			4
2025.07.09	00:14:53.761	0.93292				2
2025.07.09	00:14:54.662	0.93294				2
2025.07.09	00:14:54.987		0.93443			4
2025.07.09	00:14:55.889	0.93230	0.93433			6
2025.07.09	00:14:56.452		0.93434			4
2025.07.09	00:14:58.562	0.93231	0.93432			6
2025.07.09	00:14:58.889	0.93230	0.93434			6
2025.07.09	00:15:00.062	0.93265	0.93433			6
2025.07.09	00:15:00.689		0.93432			4
2025.07.09	00:15:02.010		0.93425			4
2025.07.09	00:15:02.463		0.93427			4
2025.07.09	00:15:03.061		0.93426			4
2025.07.09	00:15:03.388		0.93427			4
2025.07.09	00:15:04.571		0.93426			4
2025.07.09	00:15:04.888		0.93427			4
2025.07.09	00:15:05.388		0.93426			4
2025.07.09	00:15:06.100		0.93427			4
2025.07.09	00:15:06.963		0.93426			4
2025.07.09	00:15:07.588		0.93428			4
2025.07.09	00:15:08.163		0.93427			4
2025.07.09	00:15:09.882		0.93423			4
2025.07.09	00:15:11.179		0.93422			4
2025.07.09	00:15:11.492		0.93424			4
2025.07.09	00:15:13.289		0.93420			4
2025.07.09	00:15:13.600		0.93421			4
2025.07.09	00:15:15.063		0.93420			4
2025.07.09	00:15:15.390		0.93421			4
2025.07.09	00:15:19.264		0.93423			4
2025.07.09	00:15:19.865		0.93422			4
2025.07.09	00:15:21.094		0.93421			4
2025.07.09	00:16:58.507	0.93265	0.93407			6
2025.07.09	00:17:00.364	0.93265				2
2025.07.09	00:17:02.188		0.93406			4
2025.07.09	00:17:03.090		0.93407			4
2025.07.09	00:17:09.098		0.93406			4
2025.07.09	00:17:09.990		0.93407			4
2025.07.09	00:17:20.788		0.93408			4
2025.07.09	00:17:26.189		0.93407			4
2025.07.09	00:17:27.093		0.93408			4
2025.07.09	00:17:29.787		0.93407			4
2025.07.09	00:17:45.389		0.93408			4
2025.07.09	00:17:46.889		0.93407			4
2025.07.09	00:18:00.102	0.93265				2
2025.07.09	00:18:09.084		0.93406			4
2025.07.09	00:18:22.051		0.93407			4
2025.07.09	00:18:38.298		0.93406			4
2025.07.09	00:18:39.567		0.93407			4
2025.07.09	00:18:49.302		0.93406			4
2025.07.09	00:18:50.788		0.93407			4
2025.07.09	00:19:00.407	0.93265				2
2025.07.09	00:19:10.292		0.93406			4
2025.07.09	00:19:24.688		0.93405			4
2025.07.09	00:19:49.284		0.93406			4
2025.07.09	00:20:00.988	0.93265				2
2025.07.09	00:20:01.547		0.93408			4
2025.07.09	00:20:11.548		0.93406			4
2025.07.09	00:20:13.157		0.93408			4
2025.07.09	00:20:23.501		0.93409			4
2025.07.09	00:20:34.894		0.93408			4
2025.07.09	00:21:01.261	0.93265	0.93409			6
2025.07.09	00:21:06.950		0.93410			4
2025.07.09	00:21:16.518		0.93409			4
2025.07.09	00:21:20.476		0.93407			4
2025.07.09	00:21:21.990		0.93408			4
2025.07.09	00:21:23.486		0.93407			4
2025.07.09	00:21:24.995		0.93406			4
2025.07.09	00:21:26.188		0.93407			4
2025.07.09	00:21:32.183		0.93413			4
2025.07.09	00:21:33.391		0.93412			4
2025.07.09	00:21:34.319		0.93413			4
2025.07.09	00:21:34.949		0.93408			4
2025.07.09	00:21:35.797		0.93409			4
2025.07.09	00:21:42.961		0.93414			4
2025.07.09	00:21:43.308		0.93411			4
2025.07.09	00:21:44.793		0.93410			4
2025.07.09	00:21:47.493		0.93411			4
2025.07.09	00:21:50.639		0.93408			4
2025.07.09	00:21:55.592		0.93409			4
2025.07.09	00:22:00.989	0.93265				2
2025.07.09	00:22:11.547		0.93412			4
2025.07.09	00:22:21.388		0.93409			4
2025.07.09	00:22:33.636		0.93418			4
2025.07.09	00:22:41.942		0.93408			4
2025.07.09	00:22:51.765		0.93407			4
2025.07.09	00:22:53.074		0.93408			4
2025.07.09	00:22:55.293		0.93407			4
2025.07.09	00:23:00.689	0.93265				2
2025.07.09	00:23:10.015		0.93405			4
2025.07.09	00:23:13.770		0.93397			4
2025.07.09	00:23:23.539		0.93394			4
2025.07.09	00:23:25.763		0.93393			4
2025.07.09	00:23:47.848		0.93394			4
2025.07.09	00:23:50.086		0.93393			4
2025.07.09	00:23:59.491		0.93392			4
2025.07.09	00:24:00.691	0.93265				2
2025.07.09	00:24:03.977		0.93401			4
2025.07.09	00:24:04.352		0.93403			4
2025.07.09	00:24:13.003	0.93257				2
2025.07.09	00:24:14.424		0.93404			4
2025.07.09	00:24:41.380		0.93406			4
2025.07.09	00:25:00.309	0.93257				2
2025.07.09	00:25:01.891		0.93407			4
2025.07.09	00:25:03.972		0.93411			4
2025.07.09	00:25:20.491		0.93410			4
2025.07.09	00:25:38.795		0.93411			4
2025.07.09	00:26:00.383	0.93257				2
2025.07.09	00:26:06.688		0.93410			4
2025.07.09	00:26:11.540		0.93406			4
2025.07.09	00:26:51.551		0.93410			4
2025.07.09	00:27:00.088	0.93257				2
2025.07.09	00:27:01.545		0.93406			4
2025.07.09	00:27:06.965		0.93411			4
2025.07.09	00:27:17.925		0.93410			4
2025.07.09	00:27:23.593		0.93408			4
2025.07.09	00:27:41.548		0.93407			4
2025.07.09	00:27:42.663		0.93406			4
2025.07.09	00:27:45.089		0.93409			4
2025.07.09	00:27:45.881	0.93256				2
2025.07.09	00:27:49.299		0.93408			4
2025.07.09	00:27:49.937	0.93257				2
2025.07.09	00:27:53.376		0.93409			4
2025.07.09	00:28:00.987	0.93257				2
2025.07.09	00:28:14.821		0.93408			4
2025.07.09	00:28:16.291		0.93409			4
2025.07.09	00:28:24.791	0.93273				2
2025.07.09	00:28:27.384	0.93261	0.93408			6
2025.07.09	00:28:29.788		0.93407			4
2025.07.09	00:28:34.888	0.93262				2
2025.07.09	00:29:00.633	0.93262				2
2025.07.09	00:29:00.989	0.93261				2
2025.07.09	00:29:02.226	0.93262				2
2025.07.09	00:29:07.589		0.93406			4
2025.07.09	00:29:08.620		0.93407			4
2025.07.09	00:29:15.461	0.93263	0.93406			6
2025.07.09	00:29:27.708		0.93407			4
2025.07.09	00:29:28.889	0.93262				2
2025.07.09	00:29:31.539	0.93265	0.93405			6
2025.07.09	00:29:44.193	0.93264				2
2025.07.09	00:29:45.391	0.93265				2
2025.07.09	00:29:59.488	0.93266	0.93406			6
2025.07.09	00:30:00.383	0.93259	0.93408			6
2025.07.09	00:30:01.887	0.93266	0.93406			6
2025.07.09	00:30:04.289	0.93265				2
2025.07.09	00:30:05.257	0.93267	0.93404			6
2025.07.09	00:30:05.787	0.93268				2
2025.07.09	00:30:06.277	0.93265				2
2025.07.09	00:30:10.290	0.93266				2
2025.07.09	00:30:10.757	0.93265				2
2025.07.09	00:30:12.090	0.93264				2
2025.07.09	00:30:16.888		0.93400			4
2025.07.09	00:30:17.199	0.93266	0.93404			6
2025.07.09	00:30:18.688	0.93265				2
2025.07.09	00:30:21.390	0.93264				2
2025.07.09	00:30:26.188	0.93265				2
2025.07.09	00:30:27.688	0.93268				2
2025.07.09	00:30:36.306	0.93266				2
2025.07.09	00:30:46.929	0.93267				2
2025.07.09	00:30:47.488	0.93268				2
2025.07.09	00:30:52.267	0.93267				2
2025.07.09	00:31:00.990	0.93267				2
2025.07.09	00:31:06.283	0.93268				2
2025.07.09	00:31:07.589	0.93267				2
2025.07.09	00:31:13.010	0.93269				2
2025.07.09	00:31:14.188	0.93268				2
2025.07.09	00:31:18.088	0.93269	0.93404			6
2025.07.09	00:31:25.763	0.93262				2
2025.07.09	00:31:27.264	0.93261				2
2025.07.09	00:31:27.621	0.93258				2
2025.07.09	00:31:28.427	0.93259				2
2025.07.09	00:31:29.294	0.93266				2
2025.07.09	00:31:29.618	0.93270				2
2025.07.09	00:31:31.887	0.93266				2
2025.07.09	00:31:37.888	0.93265				2
2025.07.09	00:31:42.177	0.93268				2
2025.07.09	00:31:43.588	0.93269				2
2025.07.09	00:31:46.939	0.93265				2
2025.07.09	00:31:47.378	0.93272	0.93403			6
2025.07.09	00:31:54.176	0.93270	0.93404			6
2025.07.09	00:31:54.689	0.93271				2
2025.07.09	00:32:00.388	0.93271				2
2025.07.09	00:32:01.887		0.93403			4
2025.07.09	00:32:03.094	0.93272				2
2025.07.09	00:32:12.627	0.93270	0.93404			6
2025.07.09	00:32:13.291	0.93269				2
2025.07.09	00:32:15.089	0.93270				2
2025.07.09	00:32:29.302	0.93271				2
2025.07.09	00:32:31.541	0.93272				2
2025.07.09	00:32:35.489	0.93273				2
2025.07.09	00:32:46.292	0.93271				2
2025.07.09	00:34:23.610	0.93275	0.93404			6
2025.07.09	00:34:23.981	0.93272				2
2025.07.09	00:34:26.492	0.93273				2
2025.07.09	00:34:28.008	0.93271				2
2025.07.09	00:34:31.588	0.93272				2
2025.07.09	00:34:31.934	0.93279				2
2025.07.09	00:34:41.546	0.93275				2
2025.07.09	00:34:42.268	0.93273				2
2025.07.09	00:34:50.490	0.93274	0.93402			6
2025.07.09	00:34:50.847	0.93272	0.93404			6
2025.07.09	00:34:51.222	0.93274	0.93402			6
2025.07.09	00:34:51.572	0.93272	0.93401			6
2025.07.09	00:34:51.879		0.93404			4
2025.07.09	00:34:52.212	0.93274	0.93402			6
2025.07.09	00:34:52.583	0.93272	0.93404			6
2025.07.09	00:34:53.227	0.93274	0.93402			6
2025.07.09	00:34:53.581	0.93272	0.93404			6
2025.07.09	00:34:53.933	0.93274	0.93402			6
2025.07.09	00:34:54.293	0.93272				2
2025.07.09	00:34:54.601		0.93404			4
2025.07.09	00:34:54.950	0.93274	0.93402			6
2025.07.09	00:34:55.608	0.93272	0.93404			6
2025.07.09	00:34:55.966	0.93274				2
2025.07.09	00:34:56.279		0.93402			4
2025.07.09	00:34:56.632	0.93272	0.93404			6
2025.07.09	00:34:56.997	0.93274	0.93402			6
2025.07.09	00:34:57.329	0.93271	0.93404			6
2025.07.09	00:35:00.389	0.93271				2
2025.07.09	00:35:01.154	0.93275	0.93402			6
2025.07.09	00:35:02.495	0.93274				2
2025.07.09	00:35:04.971	0.93272	0.93404			6
2025.07.09	00:35:05.545	0.93274	0.93402			6
2025.07.09	00:35:06.069		0.93401			4
2025.07.09	00:35:06.716	0.93273				2
2025.07.09	00:35:10.593	0.93272				2
2025.07.09	00:35:11.542		0.93402			4
2025.07.09	00:35:12.993		0.93401			4
2025.07.09	00:35:14.194	0.93273				2
2025.07.09	00:35:15.165		0.93400			4
2025.07.09	00:35:15.506		0.93401			4
2025.07.09	00:35:16.589		0.93400			4
2025.07.09	00:35:25.568	0.93271	0.93402			6
2025.07.09	00:35:28.888		0.93403			4
2025.07.09	00:35:30.389	0.93269	0.93402			6
2025.07.09	00:35:31.256	0.93273	0.93399			6
2025.07.09	00:35:32.790	0.93272				2
2025.07.09	00:35:37.287		0.93400			4
2025.07.09	00:35:37.896	0.93275	0.93403			6
2025.07.09	00:35:39.988		0.93404			4
2025.07.09	00:35:41.188	0.93274				2
2025.07.09	00:35:41.543	0.93276	0.93402			6
2025.07.09	00:35:44.206	0.93270	0.93404			6
2025.07.09	00:35:46.256	0.93264				2
2025.07.09	00:35:46.589	0.93263				2
2025.07.09	00:35:48.351	0.93269				2
2025.07.09	00:35:51.524	0.93262				2
2025.07.09	00:36:00.388	0.93262				2
2025.07.09	00:36:01.287	0.93261				2
2025.07.09	00:36:02.411	0.93269				2
2025.07.09	00:36:08.188	0.93272				2
2025.07.09	00:36:08.511	0.93267				2
2025.07.09	00:36:11.794	0.93268				2
2025.07.09	00:36:14.501	0.93267	0.93402			6
2025.07.09	00:36:15.116	0.93266	0.93403			6
2025.07.09	00:36:15.570	0.93267	0.93402			6
2025.07.09	00:36:16.252	0.93262	0.93404			6
2025.07.09	00:36:16.567	0.93263				2
2025.07.09	00:36:16.878	0.93267	0.93402			6
2025.07.09	00:36:20.993		0.93404			4
2025.07.09	00:36:21.571		0.93403			4
2025.07.09	00:36:21.978	0.93266	0.93404			6
2025.07.09	00:36:22.621	0.93267				2
2025.07.09	00:36:24.101	0.93266				2
2025.07.09	00:36:24.867	0.93267				2
2025.07.09	00:36:27.325	0.93266				2
2025.07.09	00:36:28.283	0.93261				2
2025.07.09	00:36:29.854	0.93262				2
2025.07.09	00:36:30.357	0.93261				2
2025.07.09	00:36:32.136	0.93262				2
2025.07.09	00:36:32.900	0.93272				2
2025.07.09	00:36:33.990	0.93273				2
2025.07.09	00:36:35.014		0.93400			4
2025.07.09	00:36:36.041	0.93262	0.93404			6
2025.07.09	00:36:37.299	0.93268				2
2025.07.09	00:36:41.750	0.93267				2
2025.07.09	00:36:42.305	0.93268				2
2025.07.09	00:36:43.298	0.93259				2
2025.07.09	00:36:45.583	0.93260				2
2025.07.09	00:36:47.916	0.93259				2
2025.07.09	00:36:50.916	0.93269				2
2025.07.09	00:36:51.628	0.93267				2
2025.07.09	00:36:52.103	0.93266				2
2025.07.09	00:36:52.733	0.93258				2
2025.07.09	00:36:53.189	0.93260				2
2025.07.09	00:36:53.585	0.93258				2
2025.07.09	00:36:54.524	0.93261				2
2025.07.09	00:36:58.423	0.93260				2
2025.07.09	00:37:00.094	0.93260				2
2025.07.09	00:37:01.295	0.93261				2
2025.07.09	00:37:03.697	0.93260				2
2025.07.09	00:37:05.538	0.93258				2
2025.07.09	00:37:10.888	0.93259				2
2025.07.09	00:37:12.087	0.93258				2
2025.07.09	00:37:13.289	0.93260				2
2025.07.09	00:37:13.703	0.93259				2
2025.07.09	00:37:14.108	0.93265				2
2025.07.09	00:37:14.422	0.93258				2
2025.07.09	00:37:14.914	0.93257				2
2025.07.09	00:37:16.914	0.93258				2
2025.07.09	00:37:20.315	0.93264				2
2025.07.09	00:37:21.689	0.93258				2
2025.07.09	00:37:25.100	0.93260				2
2025.07.09	00:37:25.414	0.93265				2
2025.07.09	00:37:26.752	0.93260				2
2025.07.09	00:37:28.663	0.93267				2
2025.07.09	00:37:36.351		0.93404			4
2025.07.09	00:37:40.931	0.93268				2
2025.07.09	00:37:42.991	0.93267				2
2025.07.09	00:37:43.295	0.93259				2
2025.07.09	00:37:44.791	0.93260				2
2025.07.09	00:37:46.298	0.93259				2
2025.07.09	00:37:49.893	0.93260				2
2025.07.09	00:37:51.415	0.93268				2
2025.07.09	00:37:52.123	0.93281	0.93398			6
2025.07.09	00:37:52.746	0.93280	0.93399			6
2025.07.09	00:37:53.785	0.93279	0.93398			6
2025.07.09	00:37:54.089	0.93278				2
2025.07.09	00:37:54.688	0.93279	0.93397			6
2025.07.09	00:37:56.697	0.93278	0.93402			6
2025.07.09	00:37:57.001	0.93276	0.93405			6
2025.07.09	00:37:57.620	0.93274	0.93406			6
2025.07.09	00:37:58.888	0.93275				2
2025.07.09	00:38:00.091	0.93274				2
2025.07.09	00:38:01.116	0.93277	0.93404			6
2025.07.09	00:38:09.787	0.93274	0.93407			6
2025.07.09	00:38:11.538	0.93273				2
2025.07.09	00:38:11.919	0.93277	0.93404			6
2025.07.09	00:38:12.421	0.93276				2
2025.07.09	00:38:15.995	0.93277				2
2025.07.09	00:38:16.945	0.93276	0.93401			6
2025.07.09	00:38:21.691	0.93275	0.93402			6
2025.07.09	00:38:22.288		0.93403			4
2025.07.09	00:38:24.988		0.93400			4
2025.07.09	00:38:29.497	0.93276				2
2025.07.09	00:38:30.279		0.93410			4
2025.07.09	00:39:00.090	0.93276				2
2025.07.09	00:39:30.286		0.93410			4
2025.07.09	00:39:36.990		0.93395			4
2025.07.09	00:39:50.304		0.93401			4
2025.07.09	00:39:52.242		0.93399			4
2025.07.09	00:40:00.989	0.93276				2
2025.07.09	00:40:02.267		0.93398			4
2025.07.09	00:40:02.592		0.93399			4
2025.07.09	00:40:05.400	0.93277	0.93398			6
2025.07.09	00:40:06.271		0.93397			4
2025.07.09	00:40:07.251	0.93278	0.93405			6
2025.07.09	00:40:10.288	0.93280	0.93406			6
2025.07.09	00:40:10.600	0.93281	0.93405			6
2025.07.09	00:40:11.532	0.93279				2
2025.07.09	00:40:12.212	0.93280				2
2025.07.09	00:40:21.540	0.93278				2
2025.07.09	00:40:22.242	0.93279	0.93412			6
2025.07.09	00:40:23.616		0.93413			4
2025.07.09	00:40:24.689	0.93280	0.93412			6
2025.07.09	00:40:25.584	0.93283	0.93408			6
2025.07.09	00:40:28.290	0.93284	0.93412			6
2025.07.09	00:40:30.375	0.93279	0.93413			6
2025.07.09	00:40:33.726	0.93287	0.93409			6
2025.07.09	00:40:37.244	0.93286				2
2025.07.09	00:40:39.881	0.93287				2
2025.07.09	00:40:40.588	0.93283	0.93411			6
2025.07.09	00:40:45.988	0.93284				2
2025.07.09	00:40:46.838		0.93410			4
2025.07.09	00:40:49.289		0.93409			4
2025.07.09	00:40:51.690	0.93283	0.93410			6
2025.07.09	00:40:52.041	0.93282				2
2025.07.09	00:40:55.590	0.93281				2
2025.07.09	00:40:58.012	0.93282				2
2025.07.09	00:41:00.512	0.93282	0.93409			6
2025.07.09	00:41:01.534		0.93406			4
2025.07.09	00:41:02.756		0.93405			4
2025.07.09	00:41:04.544		0.93407			4
2025.07.09	00:41:11.532	0.93278				2
2025.07.09	00:41:11.832	0.93277				2
2025.07.09	00:41:20.359		0.93406			4
2025.07.09	00:41:22.169	0.93276	0.93405			6
2025.07.09	00:41:22.703	0.93286	0.93404			6
2025.07.09	00:41:23.783	0.93285	0.93403			6
2025.07.09	00:41:24.883		0.93404			4
2025.07.09	00:41:26.956		0.93407			4
2025.07.09	00:41:28.232		0.93406			4
2025.07.09	00:41:28.603		0.93407			4
2025.07.09	00:41:30.548		0.93409			4
2025.07.09	00:41:31.389		0.93408			4
2025.07.09	00:41:32.789		0.93407			4
2025.07.09	00:41:34.708	0.93288	0.93405			6
2025.07.09	00:41:36.281	0.93285	0.93407			6
2025.07.09	00:41:36.689		0.93408			4
2025.07.09	00:41:37.019		0.93409			4
2025.07.09	00:41:37.763	0.93286				2
2025.07.09	00:41:38.072		0.93407			4
2025.07.09	00:41:39.881	0.93287				2
2025.07.09	00:41:41.456	0.93286	0.93409			6
2025.07.09	00:41:42.694		0.93408			4
2025.07.09	00:41:49.711	0.93285	0.93409			6
2025.07.09	00:41:51.389	0.93288	0.93406			6
2025.07.09	00:41:54.089		0.93405			4
2025.07.09	00:41:54.523		0.93406			4
2025.07.09	00:41:55.587	0.93287	0.93407			6
2025.07.09	00:41:56.012	0.93286	0.93408			6
2025.07.09	00:41:56.997		0.93406			4
2025.07.09	00:41:58.600		0.93405			4
2025.07.09	00:42:00.990	0.93286	0.93404			6
2025.07.09	00:42:01.613	0.93287				2
2025.07.09	00:42:04.718	0.93285	0.93406			6
2025.07.09	00:42:05.488	0.93284				2
2025.07.09	00:42:06.082	0.93283	0.93407			6
2025.07.09	00:42:06.410	0.93284	0.93406			6
2025.07.09	00:42:07.591	0.93283				2
2025.07.09	00:42:07.904		0.93407			4
2025.07.09	00:42:09.656		0.93411			4
2025.07.09	00:42:12.015		0.93410			4
2025.07.09	00:42:12.737	0.93284	0.93403			6
2025.07.09	00:42:14.795		0.93404			4
2025.07.09	00:42:16.745		0.93402			4
2025.07.09	00:42:17.052		0.93401			4
2025.07.09	00:42:19.712	0.93283	0.93403			6
2025.07.09	00:42:20.023		0.93402			4
2025.07.09	00:42:20.550		0.93403			4
2025.07.09	00:42:22.888	0.93282				2
2025.07.09	00:42:23.558	0.93283	0.93402			6
2025.07.09	00:42:24.885	0.93282	0.93403			6
2025.07.09	00:42:25.621		0.93404			4
2025.07.09	00:42:27.394		0.93403			4
2025.07.09	00:42:27.807	0.93283				2
2025.07.09	00:42:29.855		0.93402			4
2025.07.09	00:42:30.163		0.93401			4
2025.07.09	00:42:31.297		0.93402			4
2025.07.09	00:42:32.758	0.93284	0.93400			6
2025.07.09	00:42:33.088	0.93285				2
2025.07.09	00:42:34.293	0.93281	0.93403			6
2025.07.09	00:42:34.602	0.93284	0.93401			6
2025.07.09	00:42:36.351	0.93283				2
2025.07.09	00:42:36.690	0.93285	0.93402			6
2025.07.09	00:42:37.765		0.93401			4
2025.07.09	00:42:38.191		0.93402			4
2025.07.09	00:42:39.690	0.93284	0.93403			6
2025.07.09	00:42:40.053		0.93401			4
2025.07.09	00:42:42.717		0.93402			4
2025.07.09	00:42:44.963	0.93285				2
2025.07.09	00:42:45.517	0.93284				2
2025.07.09	00:42:45.972	0.93285	0.93401			6
2025.07.09	00:42:46.714	0.93284	0.93402			6
2025.07.09	00:42:47.489	0.93281	0.93406			6
2025.07.09	00:42:48.948	0.93283	0.93402			6
2025.07.09	00:42:50.488	0.93285	0.93400			6
2025.07.09	00:42:50.801	0.93283	0.93402			6
2025.07.09	00:42:54.881	0.93280	0.93405			6
2025.07.09	00:42:56.051	0.93281	0.93404			6
2025.07.09	00:42:56.825		0.93403			4
2025.07.09	00:42:57.987		0.93402			4
2025.07.09	00:42:58.713	0.93280	0.93403			6
2025.07.09	00:42:59.689		0.93399			4
2025.07.09	00:42:59.999	0.93285	0.93398			6
2025.07.09	00:43:00.362	0.93280	0.93403			6
2025.07.09	00:43:01.539	0.93281				2
2025.07.09	00:43:03.033	0.93279	0.93405			6
2025.07.09	00:43:05.622	0.93283	0.93401			6
2025.07.09	00:43:06.688	0.93284				2
2025.07.09	00:43:07.009		0.93405			4
2025.07.09	00:43:09.882	0.93282	0.93407			6
2025.07.09	00:43:10.645		0.93406			4
2025.07.09	00:43:12.748	0.93283	0.93405			6
2025.07.09	00:43:13.154	0.93282	0.93406			6
2025.07.09	00:43:16.961	0.93284	0.93402			6
2025.07.09	00:43:17.282		0.93404			4
2025.07.09	00:43:17.761	0.93283				2
2025.07.09	00:43:21.533		0.93403			4
2025.07.09	00:43:24.886	0.93282				2
2025.07.09	00:43:25.287	0.93280	0.93406			6
2025.07.09	00:43:26.093	0.93281	0.93403			6
2025.07.09	00:43:26.986	0.93282				2
2025.07.09	00:43:27.718	0.93281				2
2025.07.09	00:43:28.415	0.93282				2
2025.07.09	00:43:32.555	0.93281	0.93401			6
2025.07.09	00:43:32.856	0.93284				2
2025.07.09	00:43:33.550		0.93402			4
2025.07.09	00:43:34.012	0.93281	0.93404			6
2025.07.09	00:43:34.449	0.93283	0.93403			6
2025.07.09	00:43:35.925	0.93280	0.93404			6
2025.07.09	00:43:37.175		0.93403			4
2025.07.09	00:43:39.881		0.93404			4
2025.07.09	00:43:40.422	0.93282				2
2025.07.09	00:43:41.390	0.93280	0.93406			6
2025.07.09	00:43:44.381	0.93278	0.93404			6
2025.07.09	00:43:44.787	0.93279				2
2025.07.09	00:43:47.828	0.93282	0.93400			6
2025.07.09	00:43:51.521	0.93278				2
2025.07.09	00:43:54.228	0.93276				2
2025.07.09	00:43:56.187	0.93279				2
2025.07.09	00:44:00.070	0.93279				2
2025.07.09	00:44:01.892	0.93283				2
2025.07.09	00:44:05.620	0.93279	0.93398			6
2025.07.09	00:44:06.279	0.93283				2
2025.07.09	00:44:07.339		0.93399			4
2025.07.09	00:44:10.659		0.93397			4
2025.07.09	00:44:11.533	0.93279	0.93408			6
2025.07.09	00:44:12.772	0.93281	0.93406			6
2025.07.09	00:44:13.288		0.93407			4
2025.07.09	00:44:15.124	0.93283	0.93405			6
2025.07.09	00:44:15.928	0.93280	0.93403			6
2025.07.09	00:44:18.165	0.93279	0.93407			6
2025.07.09	00:44:18.683	0.93280	0.93405			6
2025.07.09	00:44:20.190		0.93406			4
2025.07.09	00:44:21.538		0.93399			4
2025.07.09	00:44:24.390	0.93279				2
2025.07.09	00:44:24.882		0.93398			4
2025.07.09	00:44:25.702		0.93407			4
2025.07.09	00:44:26.092		0.93408			4
2025.07.09	00:44:26.452	0.93276	0.93410			6
2025.07.09	00:44:26.845	0.93278	0.93411			6
2025.07.09	00:44:31.542		0.93403			4
2025.07.09	00:44:36.952	0.93279	0.93401			6
2025.07.09	00:44:38.354	0.93280	0.93399			6
2025.07.09	00:44:39.880	0.93279				2
2025.07.09	00:44:41.188	0.93280	0.93404			6
2025.07.09	00:44:43.839		0.93401			4
2025.07.09	00:44:45.389	0.93279				2
2025.07.09	00:44:49.292	0.93280				2
2025.07.09	00:44:50.359	0.93279				2
2025.07.09	00:44:51.536	0.93280	0.93412			6
2025.07.09	00:44:52.888	0.93279				2
2025.07.09	00:44:53.366	0.93276	0.93415			6
2025.07.09	00:44:53.843		0.93413			4
2025.07.09	00:45:00.436	0.93276				2
2025.07.09	00:45:01.434		0.93401			4
2025.07.09	00:45:03.087	0.93263	0.93427			6
2025.07.09	00:45:04.944	0.93270	0.93421			6
2025.07.09	00:45:05.548	0.93261	0.93430			6
2025.07.09	00:45:06.762	0.93276	0.93396			6
2025.07.09	00:45:07.722	0.93279				2
2025.07.09	00:45:10.424	0.93294	0.93376			6
2025.07.09	00:45:11.543	0.93296				2
2025.07.09	00:45:12.814	0.93298				2
2025.07.09	00:45:18.476	0.93297	0.93375			6
2025.07.09	00:45:19.708		0.93376			4
2025.07.09	00:45:20.188	0.93298				2
2025.07.09	00:45:23.416	0.93294	0.93375			6
2025.07.09	00:45:25.235	0.93297	0.93372			6
2025.07.09	00:45:26.313		0.93373			4
2025.07.09	00:45:26.808	0.93298	0.93384			6
2025.07.09	00:45:27.157	0.93297				2
2025.07.09	00:45:27.558	0.93298				2
2025.07.09	00:45:35.923	0.93297				2
2025.07.09	00:45:36.916	0.93304	0.93386			6
2025.07.09	00:45:37.978	0.93305	0.93385			6
2025.07.09	00:45:39.923	0.93303	0.93387			6
2025.07.09	00:45:41.491	0.93305	0.93385			6
2025.07.09	00:45:42.690	0.93304	0.93386			6
2025.07.09	00:45:46.956	0.93303				2
2025.07.09	00:45:48.095	0.93304	0.93385			6
2025.07.09	00:45:50.945		0.93384			4
2025.07.09	00:45:51.997	0.93302	0.93386			6
2025.07.09	00:45:55.248		0.93385			4
2025.07.09	00:45:59.016		0.93386			4
2025.07.09	00:46:00.364	0.93302				2
2025.07.09	00:46:06.988	0.93284	0.93369			6
2025.07.09	00:46:07.298		0.93368			4
2025.07.09	00:46:08.012	0.93282	0.93370			6
2025.07.09	00:46:11.662	0.93283	0.93369			6
2025.07.09	00:46:12.775	0.93281				2
2025.07.09	00:46:13.895	0.93282				2
2025.07.09	00:46:21.088	0.93293	0.93368			6
2025.07.09	00:46:21.399	0.93294	0.93369			6
2025.07.09	00:46:21.990	0.93293				2
2025.07.09	00:46:22.518	0.93295	0.93368			6
2025.07.09	00:46:23.120	0.93292	0.93370			6
2025.07.09	00:46:24.353	0.93289	0.93366			6
2025.07.09	00:46:24.660	0.93286				2
2025.07.09	00:46:25.288	0.93287	0.93367			6
2025.07.09	00:46:25.601	0.93285	0.93366			6
2025.07.09	00:46:25.914	0.93286				2
2025.07.09	00:46:27.068	0.93285				2
2025.07.09	00:46:27.384	0.93286				2
2025.07.09	00:46:28.353	0.93287				2
2025.07.09	00:46:28.661	0.93286				2
2025.07.09	00:46:30.391	0.93284				2
2025.07.09	00:46:30.704	0.93285	0.93365			6
2025.07.09	00:46:31.610	0.93286				2
2025.07.09	00:46:33.611	0.93287				2
2025.07.09	00:46:37.005	0.93288	0.93364			6
2025.07.09	00:46:41.545	0.93283	0.93363			6
2025.07.09	00:46:43.252	0.93285				2
2025.07.09	00:46:43.598	0.93283				2
2025.07.09	00:46:44.428	0.93295	0.93371			6
2025.07.09	00:46:45.475		0.93370			4
2025.07.09	00:46:46.665	0.93284	0.93366			6
2025.07.09	00:46:46.992	0.93285				2
2025.07.09	00:46:47.377	0.93283				2
2025.07.09	00:46:49.356	0.93284	0.93364			6
2025.07.09	00:46:50.788		0.93365			4
2025.07.09	00:46:51.512	0.93282				2
2025.07.09	00:46:51.816	0.93285	0.93363			6
2025.07.09	00:46:52.964	0.93284	0.93364			6
2025.07.09	00:46:54.016	0.93282	0.93366			6
2025.07.09	00:46:55.289		0.93365			4
2025.07.09	00:46:56.190		0.93366			4
2025.07.09	00:46:57.192	0.93285				2
2025.07.09	00:46:58.664	0.93287	0.93364			6
2025.07.09	00:47:00.990	0.93287				2
2025.07.09	00:47:03.146	0.93269	0.93377			6
2025.07.09	00:47:05.000	0.93276	0.93370			6
2025.07.09	00:47:06.515	0.93286	0.93360			6
2025.07.09	00:47:06.998	0.93288	0.93359			6
2025.07.09	00:47:10.477	0.93287	0.93364			6
2025.07.09	00:47:10.871	0.93286				2
2025.07.09	00:47:13.665	0.93287	0.93363			6
2025.07.09	00:47:16.946		0.93364			4
2025.07.09	00:47:17.317	0.93288	0.93363			6
2025.07.09	00:47:18.388		0.93362			4
2025.07.09	00:47:18.819	0.93287	0.93363			6
2025.07.09	00:47:19.881		0.93364			4
2025.07.09	00:47:21.611	0.93288				2
2025.07.09	00:47:22.016	0.93286	0.93363			6
2025.07.09	00:47:25.393		0.93360			4
2025.07.09	00:47:26.790		0.93359			4
2025.07.09	00:47:28.076	0.93285	0.93357			6
2025.07.09	00:47:31.294	0.93286				2
2025.07.09	00:47:31.653	0.93284	0.93359			6
2025.07.09	00:47:33.644	0.93283	0.93358			6
2025.07.09	00:47:34.350		0.93359			4
2025.07.09	00:47:35.789	0.93284				2
2025.07.09	00:47:36.101	0.93286				2
2025.07.09	00:47:36.422	0.93282	0.93358			6
2025.07.09	00:47:36.997	0.93284	0.93357			6
2025.07.09	00:47:38.154	0.93282	0.93359			6
2025.07.09	00:47:39.374	0.93283	0.93357			6
2025.07.09	00:47:41.792	0.93281				2
2025.07.09	00:47:42.100	0.93283				2
2025.07.09	00:47:45.388	0.93280	0.93356			6
2025.07.09	00:47:46.463	0.93279				2
2025.07.09	00:47:46.790	0.93281				2
2025.07.09	00:47:47.489		0.93355			4
2025.07.09	00:47:49.051	0.93279				2
2025.07.09	00:47:50.948	0.93282				2
2025.07.09	00:47:51.535	0.93281	0.93356			6
2025.07.09	00:47:53.795	0.93280	0.93357			6
2025.07.09	00:47:54.695	0.93284	0.93356			6
2025.07.09	00:47:55.999	0.93285	0.93362			6
2025.07.09	00:48:00.394	0.93284	0.93357			6
2025.07.09	00:48:01.762		0.93358			4
2025.07.09	00:48:02.489		0.93357			4
2025.07.09	00:48:07.389	0.93281	0.93356			6
2025.07.09	00:48:08.488		0.93357			4
2025.07.09	00:48:09.215	0.93280				2
2025.07.09	00:48:11.816	0.93283	0.93358			6
2025.07.09	00:48:12.601	0.93281	0.93360			6
2025.07.09	00:48:16.977	0.93287				2
2025.07.09	00:48:17.543	0.93288	0.93361			6
2025.07.09	00:48:18.352	0.93280				2
2025.07.09	00:48:19.890		0.93362			4
2025.07.09	00:48:21.424	0.93281				2
2025.07.09	00:48:21.766	0.93284	0.93358			6
2025.07.09	00:48:24.006	0.93282	0.93360			6
2025.07.09	00:48:29.093	0.93283	0.93358			6
2025.07.09	00:48:30.365	0.93284				2
2025.07.09	00:48:31.598	0.93283	0.93359			6
2025.07.09	00:48:34.351		0.93358			4
2025.07.09	00:48:34.977	0.93285	0.93362			6
2025.07.09	00:48:35.692	0.93286				2
2025.07.09	00:48:36.833	0.93288	0.93361			6
2025.07.09	00:48:37.317	0.93284	0.93360			6
2025.07.09	00:48:39.696	0.93285				2
2025.07.09	00:48:40.718		0.93359			4
2025.07.09	00:48:41.543		0.93360			4
2025.07.09	00:48:42.687	0.93286				2
2025.07.09	00:48:43.321	0.93281	0.93359			6
2025.07.09	00:48:47.489	0.93282				2
2025.07.09	00:48:48.426	0.93280				2
2025.07.09	00:48:49.850		0.93358			4
2025.07.09	00:48:52.088		0.93357			4
2025.07.09	00:48:54.840	0.93284	0.93359			6
2025.07.09	00:48:55.471		0.93360			4
2025.07.09	00:48:55.888	0.93283				2
2025.07.09	00:48:59.812		0.93359			4
2025.07.09	00:49:00.688	0.93283				2
2025.07.09	00:49:02.319	0.93282	0.93360			6
2025.07.09	00:49:02.917	0.93283	0.93359			6
2025.07.09	00:49:11.189		0.93360			4
2025.07.09	00:49:14.356	0.93282				2
2025.07.09	00:49:16.399	0.93283				2
2025.07.09	00:49:17.488	0.93282	0.93361			6
2025.07.09	00:49:18.689	0.93283	0.93360			6
2025.07.09	00:49:20.188	0.93282				2
2025.07.09	00:49:21.388	0.93283	0.93359			6
2025.07.09	00:49:21.991	0.93284				2
2025.07.09	00:49:24.387		0.93358			4
2025.07.09	00:49:28.980	0.93285	0.93361			6
2025.07.09	00:49:30.178	0.93282	0.93360			6
2025.07.09	00:49:32.796		0.93359			4
2025.07.09	00:49:34.287	0.93285	0.93363			6
2025.07.09	00:49:34.884	0.93282	0.93359			6
2025.07.09	00:49:37.014	0.93283				2
2025.07.09	00:49:40.418		0.93358			4
2025.07.09	00:49:41.545	0.93285	0.93364			6
2025.07.09	00:49:41.903	0.93286				2
2025.07.09	00:49:42.350		0.93362			4
2025.07.09	00:49:43.054		0.93361			4
2025.07.09	00:49:43.562		0.93363			4
2025.07.09	00:49:43.918		0.93361			4
2025.07.09	00:49:45.522	0.93282	0.93359			6
2025.07.09	00:49:46.289	0.93283				2
2025.07.09	00:49:51.991	0.93284	0.93358			6
2025.07.09	00:49:53.488	0.93283	0.93359			6
2025.07.09	00:49:54.689		0.93358			4
2025.07.09	00:49:57.234		0.93359			4
2025.07.09	00:49:59.790	0.93284	0.93363			6
2025.07.09	00:50:00.111	0.93284				2
2025.07.09	00:50:00.765	0.93286	0.93361			6
2025.07.09	00:50:02.196		0.93363			4
2025.07.09	00:50:02.528	0.93283	0.93360			6
2025.07.09	00:50:02.918	0.93285	0.93362			6
2025.07.09	00:50:04.974	0.93281	0.93366			6
2025.07.09	00:50:06.988	0.93280	0.93368			6
2025.07.09	00:50:13.889	0.93282	0.93364			6
2025.07.09	00:50:17.491		0.93365			4
2025.07.09	00:50:17.914	0.93281				2
2025.07.09	00:50:19.133		0.93362			4
2025.07.09	00:50:21.396	0.93282	0.93361			6
2025.07.09	00:50:22.017	0.93277	0.93366			6
2025.07.09	00:50:24.688	0.93279	0.93364			6
2025.07.09	00:50:30.642		0.93368			4
2025.07.09	00:50:32.912	0.93280	0.93367			6
2025.07.09	00:50:35.489		0.93362			4
2025.07.09	00:50:37.020	0.93276	0.93366			6
2025.07.09	00:50:38.491	0.93277				2
2025.07.09	00:50:40.889		0.93365			4
2025.07.09	00:50:42.088		0.93366			4
2025.07.09	00:50:46.476	0.93276	0.93371			6
2025.07.09	00:50:47.489	0.93283	0.93364			6
2025.07.09	00:50:47.801	0.93280	0.93367			6
2025.07.09	00:50:52.223		0.93362			4
2025.07.09	00:50:52.890		0.93363			4
2025.07.09	00:50:54.053	0.93279	0.93364			6
2025.07.09	00:50:56.654		0.93368			4
2025.07.09	00:51:00.076	0.93280				2
2025.07.09	00:51:02.189	0.93283	0.93364			6
2025.07.09	00:51:02.504	0.93280	0.93368			6
2025.07.09	00:51:05.489		0.93369			4
2025.07.09	00:51:08.992	0.93281	0.93363			6
2025.07.09	00:51:09.896	0.93280	0.93359			6
2025.07.09	00:51:17.617		0.93363			4
2025.07.09	00:51:26.212		0.93359			4
2025.07.09	00:51:28.410	0.93279	0.93354			6
2025.07.09	00:51:30.089		0.93353			4
2025.07.09	00:51:32.351		0.93352			4
2025.07.09	00:51:32.658		0.93353			4
2025.07.09	00:51:37.589		0.93357			4
2025.07.09	00:51:41.765		0.93358			4
2025.07.09	00:51:42.799		0.93353			4
2025.07.09	00:51:47.631		0.93352			4
2025.07.09	00:51:48.089		0.93353			4
2025.07.09	00:51:54.390		0.93357			4
2025.07.09	00:51:58.460		0.93356			4
2025.07.09	00:51:59.570		0.93354			4
2025.07.09	00:52:00.387	0.93279	0.93353			6
2025.07.09	00:52:02.642		0.93356			4
2025.07.09	00:52:03.311		0.93362			4
2025.07.09	00:52:03.620		0.93366			4
2025.07.09	00:52:04.349		0.93367			4
2025.07.09	00:52:07.104	0.93284	0.93363			6
2025.07.09	00:52:08.450	0.93279				2
2025.07.09	00:52:11.482		0.93361			4
2025.07.09	00:52:15.004		0.93358			4
2025.07.09	00:52:15.312		0.93359			4
2025.07.09	00:52:26.356		0.93358			4
2025.07.09	00:52:30.079		0.93360			4
2025.07.09	00:52:37.285		0.93361			4
2025.07.09	00:52:41.903	0.93284	0.93362			6
2025.07.09	00:52:47.533		0.93368			4
2025.07.09	00:52:48.192	0.93285				2
2025.07.09	00:52:50.187	0.93284				2
2025.07.09	00:52:51.989	0.93287	0.93365			6
2025.07.09	00:52:53.121		0.93374			4
2025.07.09	00:52:56.630		0.93365			4
2025.07.09	00:52:59.487	0.93288	0.93364			6
2025.07.09	00:53:02.424	0.93281	0.93362			6
2025.07.09	00:53:05.172	0.93276				2
2025.07.09	00:53:22.588	0.93277	0.93361			6
2025.07.09	00:53:29.739	0.93276	0.93362			6
2025.07.09	00:53:53.286	0.93280				2
2025.07.09	00:54:00.686	0.93280				2
2025.07.09	00:54:02.085	0.93281	0.93361			6
2025.07.09	00:54:12.390	0.93282	0.93362			6
2025.07.09	00:54:18.391	0.93281				2
2025.07.09	00:54:21.539	0.93280	0.93363			6
2025.07.09	00:54:33.832	0.93285				2
2025.07.09	00:54:38.204	0.93280	0.93367			6
2025.07.09	00:54:39.432		0.93368			4
2025.07.09	00:54:42.267	0.93284	0.93363			6
2025.07.09	00:54:44.734		0.93364			4
2025.07.09	00:54:47.413		0.93369			4
2025.07.09	00:54:50.188		0.93370			4
2025.07.09	00:54:50.497	0.93279	0.93379			6
2025.07.09	00:54:50.930	0.93278	0.93380			6
2025.07.09	00:54:52.649		0.93370			4
2025.07.09	00:54:59.434		0.93375			4
2025.07.09	00:55:02.790	0.93278				2
2025.07.09	00:55:05.917	0.93282	0.93370			6
2025.07.09	00:55:07.856	0.93284	0.93364			6
2025.07.09	00:55:08.481	0.93283	0.93366			6
2025.07.09	00:55:10.362	0.93280	0.93365			6
2025.07.09	00:55:12.387	0.93281				2
2025.07.09	00:55:13.665		0.93364			4
2025.07.09	00:55:15.088		0.93365			4
2025.07.09	00:55:21.134	0.93279	0.93367			6
2025.07.09	00:55:22.288	0.93278	0.93368			6
2025.07.09	00:55:49.887		0.93369			4
2025.07.09	00:56:00.390	0.93277				2
2025.07.09	00:56:11.193	0.93278				2
2025.07.09	00:56:13.292	0.93276				2
2025.07.09	00:56:16.566	0.93278				2
2025.07.09	00:56:19.350	0.93277				2
2025.07.09	00:56:21.087	0.93276				2
2025.07.09	00:56:29.364		0.93368			4
2025.07.09	00:56:31.368		0.93369			4
2025.07.09	00:56:36.918	0.93279	0.93367			6
2025.07.09	00:56:39.100		0.93366			4
2025.07.09	00:56:48.242	0.93281	0.93364			6
2025.07.09	00:56:49.462	0.93288	0.93385			6
2025.07.09	00:56:50.266	0.93292	0.93382			6
2025.07.09	00:56:51.468	0.93291	0.93383			6
2025.07.09	00:56:53.382	0.93285	0.93371			6
2025.07.09	00:56:53.892	0.93287	0.93368			6
2025.07.09	00:56:57.389	0.93288				2
2025.07.09	00:56:59.388	0.93285	0.93371			6
2025.07.09	00:57:01.267	0.93285				2
2025.07.09	00:57:01.569	0.93283				2
2025.07.09	00:57:05.536	0.93282				2
2025.07.09	00:57:10.736	0.93286	0.93367			6
2025.07.09	00:57:11.571	0.93288				2
2025.07.09	00:57:14.372	0.93285	0.93369			6
2025.07.09	00:57:18.806	0.93283	0.93371			6
2025.07.09	00:57:19.767	0.93285				2
2025.07.09	00:57:21.295	0.93282				2
2025.07.09	00:57:29.367	0.93284	0.93369			6
2025.07.09	00:58:03.384	0.93284				2
2025.07.09	00:58:06.986		0.93370			4
2025.07.09	00:58:09.095		0.93369			4
2025.07.09	00:58:13.889	0.93283	0.93370			6
2025.07.09	00:58:38.503	0.93281	0.93372			6
2025.07.09	00:58:42.090		0.93371			4
2025.07.09	00:58:50.309		0.93372			4
2025.07.09	00:58:53.278	0.93278	0.93377			6
2025.07.09	00:58:58.154	0.93266				2
2025.07.09	00:59:04.354	0.93266				2
2025.07.09	00:59:12.087	0.93267	0.93376			6
2025.07.09	00:59:12.686	0.93268	0.93375			6
2025.07.09	00:59:16.810	0.93261				2
2025.07.09	00:59:17.220		0.93374			4
2025.07.09	00:59:17.542		0.93377			4
2025.07.09	00:59:18.279		0.93376			4
2025.07.09	00:59:18.924		0.93377			4
2025.07.09	00:59:20.567		0.93373			4
2025.07.09	00:59:22.188	0.93249				2
2025.07.09	00:59:28.152		0.93374			4
2025.07.09	00:59:28.648		0.93373			4
2025.07.09	00:59:30.013		0.93372			4
2025.07.09	00:59:38.977		0.93362			4
2025.07.09	00:59:40.359		0.93360			4
2025.07.09	00:59:41.081		0.93363			4
2025.07.09	00:59:41.433		0.93369			4
2025.07.09	00:59:42.360		0.93362			4
2025.07.09	00:59:50.359		0.93360			4
2025.07.09	00:59:53.980		0.93359			4
2025.07.09	00:59:54.383	0.93262				2
2025.07.09	00:59:56.787		0.93363			4
2025.07.09	00:59:57.100		0.93362			4
2025.07.09	01:00:00.309	0.93262	0.93363			6
2025.07.09	01:00:00.622		0.93370			4
2025.07.09	01:00:01.264	0.93249	0.93355			6
2025.07.09	01:00:02.003	0.93252	0.93354			6
2025.07.09	01:00:02.371	0.93260	0.93355			6
2025.07.09	01:00:03.215	0.93258				2
2025.07.09	01:00:03.522	0.93240	0.93378			6
2025.07.09	01:00:03.846	0.93232	0.93366			6
2025.07.09	01:00:04.150	0.93227	0.93357			6
2025.07.09	01:00:04.455	0.93202	0.93360			6
2025.07.09	01:00:05.363	0.93199	0.93364			6
2025.07.09	01:00:05.667	0.93221	0.93371			6
2025.07.09	01:00:05.968	0.93229				2
2025.07.09	01:00:06.574	0.93230				2
2025.07.09	01:00:06.878	0.93231	0.93370			6
2025.07.09	01:00:07.181	0.93275	0.93340			6
2025.07.09	01:00:10.887	0.93284	0.93330			6
2025.07.09	01:00:11.217		0.93326			4
2025.07.09	01:00:11.588		0.93328			4
2025.07.09	01:00:12.181	0.93291	0.93339			6
2025.07.09	01:00:12.565	0.93292	0.93340			6
2025.07.09	01:00:13.404	0.93298				2
2025.07.09	01:00:14.351		0.93338			4
2025.07.09	01:00:15.822	0.93304				2
2025.07.09	01:00:16.358		0.93337			4
2025.07.09	01:00:23.278		0.93336			4
2025.07.09	01:00:26.255		0.93335			4
2025.07.09	01:00:26.720		0.93334			4
2025.07.09	01:00:27.261	0.93282	0.93318			6
2025.07.09	01:00:27.582	0.93291				2
2025.07.09	01:00:28.355		0.93326			4
2025.07.09	01:00:28.673	0.93282				2
2025.07.09	01:00:29.679		0.93339			4
2025.07.09	01:00:29.981		0.93330			4
2025.07.09	01:00:30.356		0.93331			4
2025.07.09	01:00:31.045		0.93330			4
2025.07.09	01:00:31.403		0.93331			4
2025.07.09	01:00:32.175		0.93329			4
2025.07.09	01:00:33.177		0.93328			4
2025.07.09	01:00:34.354		0.93325			4
2025.07.09	01:00:35.423	0.93285				2
2025.07.09	01:00:36.338	0.93277	0.93323			6
2025.07.09	01:00:37.261		0.93322			4
2025.07.09	01:00:38.358	0.93278	0.93320			6
2025.07.09	01:00:38.766	0.93277	0.93339			6
2025.07.09	01:00:41.150	0.93286				2
2025.07.09	01:00:41.616	0.93295				2
2025.07.09	01:00:43.620	0.93291				2
2025.07.09	01:00:43.927	0.93289				2
2025.07.09	01:00:44.905	0.93288				2
2025.07.09	01:00:47.011	0.93284	0.93332			6
2025.07.09	01:00:47.324		0.93330			4
2025.07.09	01:00:47.735		0.93331			4
2025.07.09	01:00:48.353		0.93339			4
2025.07.09	01:00:48.689	0.93285				2
2025.07.09	01:00:50.247	0.93284				2
2025.07.09	01:00:57.318	0.93294				2
2025.07.09	01:00:58.363		0.93333			4
2025.07.09	01:01:00.089	0.93294	0.93334			6
2025.07.09	01:01:02.355		0.93335			4
2025.07.09	01:01:03.542		0.93337			4
2025.07.09	01:01:04.288		0.93335			4
2025.07.09	01:01:04.725		0.93336			4
2025.07.09	01:01:10.476		0.93335			4
2025.07.09	01:01:12.169		0.93333			4
2025.07.09	01:01:13.213		0.93334			4
2025.07.09	01:01:14.348	0.93298	0.93336			6
2025.07.09	01:01:14.679	0.93301	0.93339			6
2025.07.09	01:01:15.622		0.93338			4
2025.07.09	01:01:16.290	0.93304	0.93339			6
2025.07.09	01:01:17.788	0.93307				2
2025.07.09	01:01:20.611	0.93310				2
2025.07.09	01:01:24.989	0.93311				2
2025.07.09	01:01:27.317	0.93310				2
2025.07.09	01:01:27.902	0.93309				2
2025.07.09	01:01:28.795	0.93308				2
2025.07.09	01:01:29.499	0.93302	0.93338			6
2025.07.09	01:01:30.531	0.93305	0.93339			6
2025.07.09	01:01:31.045		0.93340			4
2025.07.09	01:01:35.363	0.93304	0.93341			6
2025.07.09	01:01:36.349		0.93340			4
2025.07.09	01:01:40.526	0.93305	0.93341			6
2025.07.09	01:01:42.360		0.93339			4
2025.07.09	01:01:45.286		0.93336			4
2025.07.09	01:01:46.213		0.93335			4
2025.07.09	01:01:49.794		0.93336			4
2025.07.09	01:01:51.340		0.93335			4
2025.07.09	01:01:51.764		0.93336			4
2025.07.09	01:01:54.690		0.93337			4
2025.07.09	01:01:55.265		0.93334			4
2025.07.09	01:01:55.834		0.93336			4
2025.07.09	01:01:56.438		0.93335			4
2025.07.09	01:01:59.980		0.93336			4
2025.07.09	01:02:00.389	0.93305				2
2025.07.09	01:02:00.865	0.93306				2
2025.07.09	01:02:01.254		0.93337			4
2025.07.09	01:02:04.511		0.93336			4
2025.07.09	01:02:05.780		0.93334			4
2025.07.09	01:02:06.389	0.93303	0.93331			6
2025.07.09	01:02:07.889	0.93302				2
2025.07.09	01:02:08.353		0.93333			4
2025.07.09	01:02:08.788	0.93300	0.93330			6
2025.07.09	01:02:09.525		0.93331			4
2025.07.09	01:02:09.975	0.93301	0.93333			6
2025.07.09	01:02:10.381		0.93336			4
2025.07.09	01:02:14.755		0.93335			4
2025.07.09	01:02:15.094	0.93306	0.93341			6
2025.07.09	01:02:15.567		0.93340			4
2025.07.09	01:02:15.903	0.93305	0.93339			6
2025.07.09	01:02:16.351		0.93338			4
2025.07.09	01:02:17.146		0.93339			4
2025.07.09	01:02:17.849	0.93309	0.93341			6
2025.07.09	01:02:18.163	0.93310				2
2025.07.09	01:02:23.782	0.93309	0.93340			6
2025.07.09	01:02:24.427	0.93310	0.93341			6
2025.07.09	01:02:24.796		0.93340			4
2025.07.09	01:02:25.212		0.93341			4
2025.07.09	01:02:27.114	0.93309				2
2025.07.09	01:02:27.446		0.93340			4
2025.07.09	01:02:30.366	0.93310	0.93339			6
2025.07.09	01:02:32.367		0.93341			4
2025.07.09	01:02:35.459		0.93338			4
2025.07.09	01:02:40.291		0.93339			4
2025.07.09	01:02:47.905	0.93311				2
2025.07.09	01:02:53.611	0.93310				2
2025.07.09	01:02:54.749	0.93309				2
2025.07.09	01:02:55.486	0.93310				2
2025.07.09	01:02:56.703		0.93338			4
2025.07.09	01:02:57.765		0.93337			4
2025.07.09	01:02:59.550		0.93338			4
2025.07.09	01:03:00.092	0.93310				2
2025.07.09	01:03:01.446		0.93340			4
2025.07.09	01:03:08.789		0.93339			4
2025.07.09	01:03:09.138		0.93340			4
2025.07.09	01:03:14.360	0.93308	0.93338			6
2025.07.09	01:03:36.690		0.93337			4
2025.07.09	01:03:57.388	0.93306	0.93332			6
2025.07.09	01:04:00.090	0.93306	0.93331			6
2025.07.09	01:04:08.611		0.93330			4
2025.07.09	01:04:14.554		0.93331			4
2025.07.09	01:04:18.090	0.93302				2
2025.07.09	01:04:18.515	0.93301	0.93330			6
2025.07.09	01:04:19.458		0.93325			4
2025.07.09	01:04:27.223		0.93324			4
2025.07.09	01:04:37.404		0.93323			4
2025.07.09	01:04:41.130		0.93324			4
2025.07.09	01:04:43.888		0.93323			4
2025.07.09	01:05:00.665	0.93301				2
2025.07.09	01:05:01.386		0.93321			4
2025.07.09	01:05:32.788		0.93320			4
2025.07.09	01:05:48.088	0.93302	0.93319			6
2025.07.09	01:06:01.591	0.93302				2
2025.07.09	01:06:08.368	0.93306	0.93321			6
2025.07.09	01:06:08.787	0.93307				2
2025.07.09	01:06:09.722	0.93305				2
2025.07.09	01:06:10.691	0.93307				2
2025.07.09	01:06:13.290		0.93322			4
2025.07.09	01:06:17.187		0.93321			4
2025.07.09	01:06:20.487	0.93306	0.93322			6
2025.07.09	01:06:22.287		0.93321			4
2025.07.09	01:06:29.380		0.93322			4
2025.07.09	01:06:42.922	0.93307	0.93324			6
2025.07.09	01:06:46.918	0.93313	0.93327			6
2025.07.09	01:06:48.689		0.93326			4
2025.07.09	01:06:49.889	0.93312				2
2025.07.09	01:07:00.398	0.93312				2
2025.07.09	01:07:21.817	0.93318	0.93332			6
2025.07.09	01:07:26.985	0.93321				2
2025.07.09	01:07:28.289	0.93320	0.93333			6
2025.07.09	01:07:28.886	0.93321				2
2025.07.09	01:07:33.388		0.93334			4
2025.07.09	01:07:34.590		0.93333			4
2025.07.09	01:07:36.869	0.93318				2
2025.07.09	01:07:53.481	0.93324	0.93337			6
2025.07.09	01:07:55.587		0.93336			4
2025.07.09	01:08:00.090	0.93324				2
2025.07.09	01:08:01.892		0.93337			4
2025.07.09	01:08:22.782	0.93322	0.93334			6
2025.07.09	01:08:31.586	0.93321	0.93333			6
2025.07.09	01:08:32.154	0.93320	0.93332			6
2025.07.09	01:08:32.909	0.93321	0.93335			6
2025.07.09	01:08:33.863		0.93333			4
2025.07.09	01:08:35.168		0.93334			4
2025.07.09	01:08:44.563		0.93336			4
2025.07.09	01:08:46.589		0.93335			4
2025.07.09	01:08:57.464	0.93320	0.93337			6
2025.07.09	01:09:00.586	0.93321	0.93336			6
2025.07.09	01:09:04.592		0.93337			4
2025.07.09	01:09:08.492	0.93320				2
2025.07.09	01:09:21.390		0.93336			4
2025.07.09	01:09:23.140	0.93321				2
2025.07.09	01:09:41.052		0.93335			4
2025.07.09	01:09:42.462	0.93320	0.93332			6
2025.07.09	01:09:50.164	0.93319				2
2025.07.09	01:09:51.389		0.93333			4
2025.07.09	01:09:55.756	0.93321	0.93334			6
2025.07.09	01:09:56.893		0.93333			4
2025.07.09	01:09:59.359		0.93334			4
2025.07.09	01:10:00.088	0.93321				2
2025.07.09	01:10:00.400	0.93319	0.93332			6
2025.07.09	01:10:02.187		0.93333			4
2025.07.09	01:10:11.445	0.93318	0.93334			6
2025.07.09	01:10:12.988	0.93319				2
2025.07.09	01:10:32.188		0.93333			4
2025.07.09	01:10:36.689	0.93316				2
2025.07.09	01:10:38.074	0.93318	0.93334			6
2025.07.09	01:10:42.688	0.93317				2
2025.07.09	01:10:45.690	0.93316				2
2025.07.09	01:10:55.288	0.93317				2
2025.07.09	01:11:00.090	0.93317				2
2025.07.09	01:11:02.489	0.93315				2
2025.07.09	01:11:02.802	0.93316				2
2025.07.09	01:11:06.982	0.93320				2
2025.07.09	01:11:09.089	0.93319				2
2025.07.09	01:11:14.243	0.93321				2
2025.07.09	01:11:27.362	0.93324	0.93335			6
2025.07.09	01:11:28.293	0.93323	0.93336			6
2025.07.09	01:11:33.698		0.93335			4
2025.07.09	01:11:49.287	0.93324				2
2025.07.09	01:12:01.287	0.93324				2
2025.07.09	01:12:34.017	0.93322	0.93334			6
2025.07.09	01:12:34.361		0.93332			4
2025.07.09	01:12:35.794	0.93321				2
2025.07.09	01:12:36.973	0.93320				2
2025.07.09	01:12:37.587		0.93333			4
2025.07.09	01:12:55.657	0.93322	0.93334			6
2025.07.09	01:13:01.573	0.93322				2
2025.07.09	01:13:03.088	0.93323				2
2025.07.09	01:13:04.728	0.93320	0.93335			6
2025.07.09	01:13:05.040	0.93321				2
2025.07.09	01:13:06.393	0.93322	0.93336			6
2025.07.09	01:13:13.869	0.93323	0.93335			6
2025.07.09	01:13:15.691	0.93324				2
2025.07.09	01:13:26.622	0.93322				2
2025.07.09	01:13:27.388	0.93321	0.93336			6
2025.07.09	01:13:28.371		0.93335			4
2025.07.09	01:13:32.494		0.93336			4
2025.07.09	01:13:52.303	0.93322	0.93334			6
2025.07.09	01:13:52.627	0.93320	0.93333			6
2025.07.09	01:13:53.357	0.93321	0.93334			6
2025.07.09	01:13:53.676	0.93322	0.93333			6
2025.07.09	01:13:54.914	0.93321				2
2025.07.09	01:13:56.788	0.93320				2
2025.07.09	01:13:57.421	0.93322				2
2025.07.09	01:13:58.891		0.93332			4
2025.07.09	01:14:00.689	0.93322				2
2025.07.09	01:14:01.540	0.93321				2
2025.07.09	01:14:02.779	0.93325	0.93336			6
2025.07.09	01:14:04.329	0.93327	0.93337			6
2025.07.09	01:14:04.659	0.93325	0.93336			6
2025.07.09	01:14:06.691	0.93324	0.93335			6
2025.07.09	01:14:10.835		0.93336			4
2025.07.09	01:14:12.276	0.93325				2
2025.07.09	01:14:12.588	0.93319	0.93333			6
2025.07.09	01:14:16.593	0.93320				2
2025.07.09	01:14:35.641	0.93321	0.93334			6
2025.07.09	01:14:36.856	0.93320				2
2025.07.09	01:14:44.191	0.93321	0.93333			6
2025.07.09	01:14:47.045	0.93319				2
2025.07.09	01:14:49.022	0.93321				2
2025.07.09	01:15:00.087	0.93321				2
2025.07.09	01:15:00.686	0.93320				2
2025.07.09	01:15:01.439	0.93321				2
2025.07.09	01:15:02.308	0.93320	0.93332			6
2025.07.09	01:15:02.700	0.93321				2
2025.07.09	01:15:05.145	0.93320	0.93333			6
2025.07.09	01:15:05.799	0.93321	0.93332			6
2025.07.09	01:15:06.315	0.93320				2
2025.07.09	01:15:06.711	0.93319				2
2025.07.09	01:15:07.889	0.93320				2
2025.07.09	01:15:08.292	0.93319				2
2025.07.09	01:15:08.779	0.93320				2
2025.07.09	01:15:09.361	0.93319				2
2025.07.09	01:15:09.814	0.93320				2
2025.07.09	01:15:10.289	0.93319				2
2025.07.09	01:15:10.978	0.93320				2
2025.07.09	01:15:11.374	0.93319				2
2025.07.09	01:15:12.016	0.93320				2
2025.07.09	01:15:12.440	0.93319				2
2025.07.09	01:15:12.860	0.93320				2
2025.07.09	01:15:13.184	0.93319				2
2025.07.09	01:15:13.964	0.93320				2
2025.07.09	01:15:14.648	0.93319	0.93333			6
2025.07.09	01:15:15.126	0.93320	0.93332			6
2025.07.09	01:15:15.430		0.93331			4
2025.07.09	01:15:15.767		0.93332			4
2025.07.09	01:15:16.506	0.93318	0.93333			6
2025.07.09	01:15:16.881	0.93320	0.93332			6
2025.07.09	01:15:17.552	0.93319				2
2025.07.09	01:15:17.860	0.93321				2
2025.07.09	01:15:18.162	0.93319				2
2025.07.09	01:15:19.179	0.93320				2
2025.07.09	01:15:20.789	0.93319				2
2025.07.09	01:15:21.311	0.93320				2
2025.07.09	01:15:22.889	0.93319				2
2025.07.09	01:15:23.400	0.93320				2
2025.07.09	01:15:25.361	0.93319				2
2025.07.09	01:15:29.564	0.93320	0.93333			6
2025.07.09	01:15:30.684	0.93319	0.93332			6
2025.07.09	01:15:33.145		0.93333			4
2025.07.09	01:15:33.526		0.93332			4
2025.07.09	01:15:34.288		0.93333			4
2025.07.09	01:15:35.737		0.93332			4
2025.07.09	01:15:38.643	0.93320				2
2025.07.09	01:15:38.980	0.93319				2
2025.07.09	01:15:39.692	0.93320				2
2025.07.09	01:15:44.035	0.93319				2
2025.07.09	01:15:45.069		0.93333			4
2025.07.09	01:15:45.859		0.93332			4
2025.07.09	01:15:48.170	0.93320	0.93331			6
2025.07.09	01:15:49.188	0.93319	0.93332			6
2025.07.09	01:15:50.232	0.93320	0.93331			6
2025.07.09	01:15:51.308	0.93319	0.93332			6
2025.07.09	01:16:00.510	0.93319				2
2025.07.09	01:16:01.513	0.93320				2
2025.07.09	01:16:02.553	0.93319				2
2025.07.09	01:16:13.369	0.93321				2
2025.07.09	01:16:14.080	0.93320	0.93333			6
2025.07.09	01:16:14.461	0.93321				2
2025.07.09	01:16:15.095	0.93319				2
2025.07.09	01:16:15.479	0.93320				2
2025.07.09	01:16:16.002	0.93322	0.93332			6
2025.07.09	01:16:16.455	0.93320	0.93333			6
2025.07.09	01:16:16.885	0.93319				2
2025.07.09	01:16:17.186	0.93322	0.93332			6
2025.07.09	01:16:17.492	0.93321	0.93333			6
2025.07.09	01:16:19.257	0.93322	0.93332			6
2025.07.09	01:16:19.560	0.93321	0.93333			6
2025.07.09	01:16:20.189	0.93322	0.93332			6
2025.07.09	01:16:20.597	0.93321	0.93333			6
2025.07.09	01:16:21.324	0.93322	0.93332			6
2025.07.09	01:16:21.633	0.93321	0.93333			6
2025.07.09	01:16:22.364	0.93322	0.93332			6
2025.07.09	01:16:22.676	0.93321	0.93333			6
2025.07.09	01:16:24.431	0.93322	0.93332			6
2025.07.09	01:16:24.749	0.93321	0.93333			6
2025.07.09	01:16:25.468	0.93322	0.93332			6
2025.07.09	01:16:25.785	0.93321	0.93333			6
2025.07.09	01:16:26.235	0.93320	0.93334			6
2025.07.09	01:16:26.636	0.93321	0.93333			6
2025.07.09	01:16:27.465	0.93322	0.93332			6
2025.07.09	01:16:27.859	0.93320	0.93333			6
2025.07.09	01:16:28.379		0.93334			4
2025.07.09	01:16:28.706	0.93321	0.93333			6
2025.07.09	01:16:29.320	0.93320				2
2025.07.09	01:16:29.622	0.93322	0.93332			6
2025.07.09	01:16:29.930	0.93321	0.93333			6
2025.07.09	01:16:30.454	0.93319	0.93334			6
2025.07.09	01:16:30.782	0.93321	0.93333			6
2025.07.09	01:16:31.674	0.93322	0.93332			6
2025.07.09	01:16:32.005	0.93321	0.93333			6
2025.07.09	01:16:32.663	0.93322	0.93332			6
2025.07.09	01:16:33.043	0.93321	0.93333			6
2025.07.09	01:16:33.363	0.93320				2
2025.07.09	01:16:33.761	0.93321	0.93332			6
2025.07.09	01:16:34.087		0.93333			4
2025.07.09	01:16:34.797	0.93322	0.93332			6
2025.07.09	01:16:35.117	0.93321	0.93333			6
2025.07.09	01:16:35.833	0.93322	0.93332			6
2025.07.09	01:16:36.153	0.93321	0.93333			6
2025.07.09	01:16:36.868	0.93322	0.93332			6
2025.07.09	01:16:38.874	0.93321	0.93333			6
2025.07.09	01:16:39.976	0.93322				2
2025.07.09	01:16:40.304	0.93321				2
2025.07.09	01:16:41.339	0.93320	0.93334			6
2025.07.09	01:16:41.643		0.93333			4
2025.07.09	01:16:42.649	0.93319				2
2025.07.09	01:16:46.944	0.93323	0.93334			6
2025.07.09	01:16:47.275	0.93322	0.93335			6
2025.07.09	01:16:47.579	0.93328	0.93339			6
2025.07.09	01:16:47.932	0.93323	0.93336			6
2025.07.09	01:16:48.271	0.93322	0.93335			6
2025.07.09	01:16:48.988		0.93336			4
2025.07.09	01:16:49.403		0.93335			4
2025.07.09	01:16:51.089		0.93336			4
2025.07.09	01:16:51.476	0.93323	0.93335			6
2025.07.09	01:16:51.782	0.93322	0.93336			6
2025.07.09	01:16:52.448		0.93335			4
2025.07.09	01:16:52.762		0.93336			4
2025.07.09	01:16:53.192	0.93323	0.93335			6
2025.07.09	01:16:53.501	0.93322				2
2025.07.09	01:16:54.488	0.93323				2
2025.07.09	01:16:55.775	0.93324	0.93334			6
2025.07.09	01:16:56.111	0.93322	0.93336			6
2025.07.09	01:16:56.555	0.93323	0.93335			6
2025.07.09	01:16:57.280	0.93322	0.93336			6
2025.07.09	01:16:57.626	0.93323	0.93335			6
2025.07.09	01:16:58.371	0.93322	0.93336			6
2025.07.09	01:16:58.690	0.93323	0.93335			6
2025.07.09	01:17:00.148	0.93322	0.93336			6
2025.07.09	01:17:01.155		0.93335			4
2025.07.09	01:17:06.871	0.93323				2
2025.07.09	01:17:10.533	0.93322				2
2025.07.09	01:17:11.583	0.93323				2
2025.07.09	01:17:12.582		0.93334			4
2025.07.09	01:17:14.284	0.93324	0.93335			6
2025.07.09	01:17:16.462	0.93323				2
2025.07.09	01:17:16.765	0.93324				2
2025.07.09	01:17:17.506	0.93323	0.93336			6
2025.07.09	01:17:17.920	0.93324	0.93335			6
2025.07.09	01:17:23.892	0.93325				2
2025.07.09	01:17:24.920	0.93326	0.93336			6
2025.07.09	01:17:26.187	0.93325				2
2025.07.09	01:17:27.379	0.93326				2
2025.07.09	01:17:27.705	0.93325	0.93335			6
2025.07.09	01:17:32.873	0.93323				2
2025.07.09	01:17:33.213	0.93324				2
2025.07.09	01:17:34.542	0.93323	0.93336			6
2025.07.09	01:17:35.347		0.93335			4
2025.07.09	01:17:36.689	0.93322	0.93336			6
2025.07.09	01:17:37.287	0.93323	0.93334			6
2025.07.09	01:17:37.602		0.93335			4
2025.07.09	01:17:39.532		0.93336			4
2025.07.09	01:17:40.179		0.93335			4
2025.07.09	01:17:41.191	0.93324	0.93334			6
2025.07.09	01:17:41.507	0.93323	0.93335			6
2025.07.09	01:17:47.585	0.93324				2
2025.07.09	01:17:48.604		0.93334			4
2025.07.09	01:17:48.982	0.93321	0.93335			6
2025.07.09	01:17:51.230		0.93336			4
2025.07.09	01:18:01.287	0.93322	0.93335			6
2025.07.09	01:18:02.473	0.93321				2
2025.07.09	01:18:06.625		0.93336			4
2025.07.09	01:18:07.287		0.93335			4
2025.07.09	01:18:08.693		0.93336			4
2025.07.09	01:18:12.267	0.93322	0.93335			6
2025.07.09	01:18:13.004		0.93334			4
2025.07.09	01:18:17.025	0.93319	0.93333			6
2025.07.09	01:18:17.510	0.93321	0.93332			6
2025.07.09	01:18:18.088	0.93322				2
2025.07.09	01:18:23.721	0.93321				2
2025.07.09	01:18:31.887	0.93322				2
2025.07.09	01:18:33.719	0.93324	0.93334			6
2025.07.09	01:18:35.283	0.93323	0.93333			6
2025.07.09	01:18:40.017		0.93332			4
2025.07.09	01:18:43.153	0.93322				2
2025.07.09	01:18:48.973	0.93323				2
2025.07.09	01:18:49.415		0.93333			4
2025.07.09	01:18:54.159		0.93332			4
2025.07.09	01:18:54.689	0.93322				2
2025.07.09	01:19:00.063	0.93323				2
2025.07.09	01:19:01.589		0.93333			4
2025.07.09	01:19:04.523		0.93332			4
2025.07.09	01:19:05.487		0.93333			4
2025.07.09	01:19:12.389		0.93332			4
2025.07.09	01:19:13.893		0.93333			4
2025.07.09	01:19:19.001		0.93332			4
2025.07.09	01:19:19.407	0.93321				2
2025.07.09	01:19:21.021	0.93322	0.93333			6
2025.07.09	01:19:22.269	0.93321				2
2025.07.09	01:19:25.290	0.93322				2
2025.07.09	01:19:26.787		0.93332			4
2025.07.09	01:19:27.687		0.93333			4
2025.07.09	01:19:29.492		0.93332			4
2025.07.09	01:19:30.556		0.93333			4
2025.07.09	01:19:32.628		0.93332			4
2025.07.09	01:19:35.355	0.93323				2
2025.07.09	01:19:36.078		0.93333			4
2025.07.09	01:19:36.917	0.93322	0.93332			6
2025.07.09	01:19:39.088	0.93323				2
2025.07.09	01:19:41.370	0.93322				2
2025.07.09	01:19:48.385	0.93323				2
2025.07.09	01:19:49.656	0.93321				2
2025.07.09	01:19:50.116	0.93322				2
2025.07.09	01:19:53.811	0.93321				2
2025.07.09	01:19:55.040	0.93322				2
2025.07.09	01:19:55.882	0.93321				2
2025.07.09	01:20:00.550	0.93323				2
2025.07.09	01:20:00.990	0.93322				2
2025.07.09	01:20:02.005		0.93331			4
2025.07.09	01:20:03.088		0.93332			4
2025.07.09	01:20:06.172	0.93321				2
2025.07.09	01:20:07.191	0.93322				2
2025.07.09	01:20:14.006	0.93323				2
2025.07.09	01:20:14.384		0.93333			4
2025.07.09	01:20:16.339	0.93322	0.93332			6
2025.07.09	01:20:25.455	0.93323				2
2025.07.09	01:20:26.488	0.93322				2
2025.07.09	01:20:27.980	0.93323				2
2025.07.09	01:20:29.247	0.93320	0.93331			6
2025.07.09	01:20:32.366	0.93319	0.93332			6
2025.07.09	01:20:34.453	0.93318				2
2025.07.09	01:20:37.475	0.93321				2
2025.07.09	01:20:39.692	0.93322				2
2025.07.09	01:20:50.042	0.93321	0.93331			6
2025.07.09	01:20:50.361	0.93318				2
2025.07.09	01:20:52.538	0.93317				2
2025.07.09	01:20:53.903	0.93318	0.93330			6
2025.07.09	01:20:57.720	0.93317	0.93331			6
2025.07.09	01:20:59.265	0.93318	0.93330			6
2025.07.09	01:21:01.559	0.93318				2
2025.07.09	01:21:02.187	0.93319				2
2025.07.09	01:21:03.553	0.93318				2
2025.07.09	01:21:09.706	0.93319	0.93329			6
2025.07.09	01:21:12.387	0.93320	0.93331			6
2025.07.09	01:21:12.699	0.93317	0.93328			6
2025.07.09	01:21:14.319	0.93318				2
2025.07.09	01:21:15.387		0.93327			4
2025.07.09	01:21:16.886	0.93317	0.93328			6
2025.07.09	01:21:18.687	0.93318	0.93327			6
2025.07.09	01:21:18.988	0.93317	0.93328			6
2025.07.09	01:21:19.405	0.93318	0.93327			6
2025.07.09	01:21:22.066		0.93328			4
2025.07.09	01:21:22.889		0.93327			4
2025.07.09	01:21:24.143		0.93328			4
2025.07.09	01:21:24.690		0.93327			4
2025.07.09	01:21:25.289	0.93317	0.93328			6
2025.07.09	01:21:25.893	0.93318	0.93327			6
2025.07.09	01:21:26.215	0.93317	0.93328			6
2025.07.09	01:21:26.792	0.93318	0.93327			6
2025.07.09	01:21:32.430		0.93328			4
2025.07.09	01:21:33.089		0.93327			4
2025.07.09	01:21:34.507	0.93317	0.93328			6
2025.07.09	01:21:34.891	0.93318	0.93327			6
2025.07.09	01:21:41.789		0.93328			4
2025.07.09	01:21:42.991		0.93327			4
2025.07.09	01:21:43.827		0.93328			4
2025.07.09	01:21:44.289		0.93327			4
2025.07.09	01:21:45.341		0.93328			4
2025.07.09	01:21:45.688		0.93327			4
2025.07.09	01:21:49.590		0.93328			4
2025.07.09	01:21:50.256		0.93327			4
2025.07.09	01:21:51.598		0.93328			4
2025.07.09	01:21:52.293		0.93327			4
2025.07.09	01:21:53.792		0.93328			4
2025.07.09	01:21:56.131		0.93329			4
2025.07.09	01:21:56.532	0.93317	0.93327			6
2025.07.09	01:21:57.037	0.93318				2
2025.07.09	01:21:57.686	0.93317	0.93328			6
2025.07.09	01:21:57.989	0.93318	0.93327			6
2025.07.09	01:21:58.426	0.93316	0.93328			6
2025.07.09	01:21:58.853	0.93317	0.93327			6
2025.07.09	01:22:00.089	0.93318				2
2025.07.09	01:22:01.803		0.93328			4
2025.07.09	01:22:02.308		0.93327			4
2025.07.09	01:22:03.903		0.93328			4
2025.07.09	01:22:04.245	0.93317				2
2025.07.09	01:22:05.002	0.93319	0.93330			6
2025.07.09	01:22:05.319	0.93320				2
2025.07.09	01:22:06.687	0.93319				2
2025.07.09	01:22:09.476		0.93331			4
2025.07.09	01:22:09.975	0.93320	0.93330			6
2025.07.09	01:22:11.545		0.93331			4
2025.07.09	01:22:13.290		0.93330			4
2025.07.09	01:22:20.188	0.93321	0.93332			6
2025.07.09	01:22:22.035	0.93322	0.93331			6
2025.07.09	01:22:23.980	0.93321				2
2025.07.09	01:22:25.083	0.93322				2
2025.07.09	01:22:25.503	0.93321	0.93330			6
2025.07.09	01:22:27.345	0.93320				2
2025.07.09	01:22:29.421	0.93321				2
2025.07.09	01:22:32.188	0.93322				2
2025.07.09	01:22:34.494	0.93321	0.93332			6
2025.07.09	01:22:36.284		0.93331			4
2025.07.09	01:22:36.614	0.93322				2
2025.07.09	01:22:38.810	0.93320	0.93329			6
2025.07.09	01:22:41.856	0.93321	0.93330			6
2025.07.09	01:22:43.588		0.93331			4
2025.07.09	01:23:00.988	0.93321				2
2025.07.09	01:23:21.823	0.93322	0.93330			6
2025.07.09	01:23:25.582	0.93317	0.93329			6
2025.07.09	01:23:27.057	0.93318	0.93330			6
2025.07.09	01:23:27.380	0.93320				2
2025.07.09	01:23:29.192	0.93321				2
2025.07.09	01:23:42.389	0.93320	0.93331			6
2025.07.09	01:23:43.298	0.93318	0.93330			6
2025.07.09	01:23:43.888		0.93329			4
2025.07.09	01:23:46.747	0.93319	0.93328			6
2025.07.09	01:23:50.631	0.93318	0.93332			6
2025.07.09	01:23:50.969	0.93320				2
2025.07.09	01:23:52.890		0.93331			4
2025.07.09	01:23:53.998		0.93332			4
2025.07.09	01:23:55.891		0.93331			4
2025.07.09	01:24:00.095	0.93320				2
2025.07.09	01:24:01.289		0.93332			4
2025.07.09	01:24:01.631	0.93323				2
2025.07.09	01:24:03.483	0.93321	0.93330			6
2025.07.09	01:24:04.742	0.93320				2
2025.07.09	01:24:05.788	0.93321	0.93329			6
2025.07.09	01:24:07.490	0.93320	0.93330			6
2025.07.09	01:24:08.820	0.93321				2
2025.07.09	01:24:09.855	0.93320				2
2025.07.09	01:24:12.391	0.93321	0.93329			6
2025.07.09	01:24:14.139		0.93330			4
2025.07.09	01:24:16.559	0.93320				2
2025.07.09	01:24:17.275	0.93321				2
2025.07.09	01:24:18.636	0.93320				2
2025.07.09	01:24:20.405	0.93321				2
2025.07.09	01:24:21.448	0.93320				2
2025.07.09	01:24:22.471	0.93321				2
2025.07.09	01:24:23.522		0.93329			4
2025.07.09	01:24:24.584		0.93330			4
2025.07.09	01:24:29.781	0.93320				2
2025.07.09	01:24:30.782	0.93321				2
2025.07.09	01:24:31.854	0.93320				2
2025.07.09	01:24:33.978	0.93321				2
2025.07.09	01:24:43.375	0.93320				2
2025.07.09	01:24:47.188	0.93321	0.93329			6
2025.07.09	01:24:48.598	0.93320	0.93330			6
2025.07.09	01:24:51.088	0.93321				2
2025.07.09	01:24:52.775	0.93320				2
2025.07.09	01:24:54.691	0.93321	0.93329			6
2025.07.09	01:24:55.904		0.93330			4
2025.07.09	01:24:56.951	0.93320				2
2025.07.09	01:24:58.437	0.93321				2
2025.07.09	01:25:00.081	0.93321				2
2025.07.09	01:25:00.577	0.93323	0.93332			6
2025.07.09	01:25:01.733	0.93322				2
2025.07.09	01:25:03.813	0.93323				2
2025.07.09	01:25:05.303		0.93333			4
2025.07.09	01:25:07.888		0.93332			4
2025.07.09	01:25:08.435		0.93333			4
2025.07.09	01:25:09.990		0.93332			4
2025.07.09	01:25:10.525		0.93333			4
2025.07.09	01:25:11.059		0.93332			4
2025.07.09	01:25:13.133	0.93324				2
2025.07.09	01:25:13.960	0.93323	0.93333			6
2025.07.09	01:25:15.204	0.93324				2
2025.07.09	01:25:19.348	0.93323				2
2025.07.09	01:25:22.457	0.93324				2
2025.07.09	01:25:25.483		0.93332			4
2025.07.09	01:25:28.673	0.93323	0.93333			6
2025.07.09	01:25:29.790		0.93332			4
2025.07.09	01:25:44.189	0.93324				2
2025.07.09	01:25:56.257	0.93323	0.93333			6
2025.07.09	01:25:58.288	0.93322	0.93331			6
2025.07.09	01:26:01.542	0.93322				2
2025.07.09	01:26:02.611		0.93332			4
2025.07.09	01:26:03.100		0.93331			4
2025.07.09	01:26:04.683	0.93323	0.93332			6
2025.07.09	01:26:31.372		0.93333			4
2025.07.09	01:26:39.087	0.93324	0.93332			6
2025.07.09	01:26:40.165	0.93323				2
2025.07.09	01:26:44.487	0.93324	0.93333			6
2025.07.09	01:26:45.689	0.93323	0.93332			6
2025.07.09	01:26:48.686		0.93333			4
2025.07.09	01:26:50.488	0.93324	0.93332			6
2025.07.09	01:26:51.823	0.93323				2
2025.07.09	01:26:52.444		0.93333			4
2025.07.09	01:26:53.489		0.93332			4
2025.07.09	01:26:54.799		0.93333			4
2025.07.09	01:26:55.228	0.93324				2
2025.07.09	01:27:00.389	0.93323				2
2025.07.09	01:27:08.696		0.93332			4
2025.07.09	01:27:09.697		0.93333			4
2025.07.09	01:27:10.145		0.93332			4
2025.07.09	01:27:11.516		0.93333			4
2025.07.09	01:27:12.218		0.93332			4
2025.07.09	01:27:12.814		0.93333			4
2025.07.09	01:27:13.142		0.93332			4
2025.07.09	01:27:13.878		0.93333			4
2025.07.09	01:27:14.184		0.93332			4
2025.07.09	01:27:14.662		0.93333			4
2025.07.09	01:27:17.992	0.93322				2
2025.07.09	01:27:18.687	0.93323				2
2025.07.09	01:27:20.054	0.93322				2
2025.07.09	01:27:20.787	0.93323				2
2025.07.09	01:27:22.141	0.93322				2
2025.07.09	01:27:22.504	0.93323				2
2025.07.09	01:27:27.087	0.93324	0.93332			6
2025.07.09	01:27:29.381	0.93323	0.93333			6
2025.07.09	01:27:30.528	0.93322	0.93332			6
2025.07.09	01:27:32.425	0.93323				2
2025.07.09	01:27:33.674		0.93333			4
2025.07.09	01:27:34.289		0.93332			4
2025.07.09	01:27:43.069		0.93333			4
2025.07.09	01:27:43.887		0.93332			4
2025.07.09	01:27:46.306	0.93322				2
2025.07.09	01:27:51.345	0.93323				2
2025.07.09	01:27:53.211	0.93322	0.93333			6
2025.07.09	01:27:55.540		0.93332			4
2025.07.09	01:27:56.987	0.93324	0.93333			6
2025.07.09	01:28:01.026	0.93324				2
2025.07.09	01:28:02.876		0.93334			4
2025.07.09	01:28:06.984		0.93333			4
2025.07.09	01:28:09.060	0.93325				2
2025.07.09	01:28:10.128	0.93324				2
2025.07.09	01:28:11.134	0.93325				2
2025.07.09	01:28:12.208	0.93324				2
2025.07.09	01:28:13.211	0.93326	0.93336			6
2025.07.09	01:28:19.383	0.93327				2
2025.07.09	01:28:21.388		0.93337			4
2025.07.09	01:28:35.065	0.93328				2
2025.07.09	01:29:01.382	0.93328				2
2025.07.09	01:29:10.625	0.93326	0.93336			6
2025.07.09	01:29:11.658		0.93335			4
2025.07.09	01:29:13.733	0.93325	0.93336			6
2025.07.09	01:29:14.803	0.93326	0.93335			6
2025.07.09	01:29:18.177	0.93325	0.93336			6
2025.07.09	01:29:18.950	0.93326	0.93335			6
2025.07.09	01:29:19.287	0.93325				2
2025.07.09	01:29:25.288	0.93326				2
2025.07.09	01:29:26.464	0.93325				2
2025.07.09	01:29:29.384		0.93333			4
2025.07.09	01:29:31.289		0.93334			4
2025.07.09	01:29:35.194		0.93333			4
2025.07.09	01:29:37.290	0.93324				2
2025.07.09	01:29:40.454	0.93325				2
2025.07.09	01:29:41.618		0.93334			4
2025.07.09	01:29:42.786		0.93333			4
2025.07.09	01:29:44.789	0.93324				2
2025.07.09	01:30:00.306	0.93323				2
2025.07.09	01:30:01.222	0.93326	0.93335			6
2025.07.09	01:30:02.164		0.93336			4
2025.07.09	01:30:02.942		0.93334			4
2025.07.09	01:30:06.615		0.93336			4
2025.07.09	01:30:08.488	0.93327	0.93335			6
2025.07.09	01:30:10.636	0.93326	0.93337			6
2025.07.09	01:30:10.940	0.93329	0.93338			6
2025.07.09	01:30:11.242	0.93328	0.93339			6
2025.07.09	01:30:11.560	0.93329				2
2025.07.09	01:30:21.499	0.93327	0.93336			6
2025.07.09	01:30:21.811		0.93337			4
2025.07.09	01:30:26.205	0.93328				2
2025.07.09	01:30:28.125	0.93329	0.93338			6
2025.07.09	01:30:35.492	0.93330				2
2025.07.09	01:30:39.068	0.93328				2
2025.07.09	01:30:39.504		0.93337			4
2025.07.09	01:30:40.126		0.93338			4
2025.07.09	01:30:41.986	0.93326	0.93335			6
2025.07.09	01:30:43.013	0.93327				2
2025.07.09	01:30:46.983	0.93323	0.93332			6
2025.07.09	01:30:48.017	0.93322				2
2025.07.09	01:30:49.039	0.93321				2
2025.07.09	01:30:51.089	0.93322	0.93331			6
2025.07.09	01:30:54.282	0.93321				2
2025.07.09	01:30:55.587	0.93320				2
2025.07.09	01:30:56.788	0.93321				2
2025.07.09	01:30:58.575	0.93320				2
2025.07.09	01:30:59.187	0.93321				2
2025.07.09	01:31:00.642	0.93320				2
2025.07.09	01:31:01.347	0.93321				2
2025.07.09	01:31:02.788		0.93332			4
2025.07.09	01:31:03.689		0.93331			4
2025.07.09	01:31:04.790		0.93332			4
2025.07.09	01:31:05.650	0.93323				2
2025.07.09	01:31:07.376	0.93319	0.93328			6
2025.07.09	01:31:08.862		0.93329			4
2025.07.09	01:31:10.290		0.93328			4
2025.07.09	01:31:13.988		0.93329			4
2025.07.09	01:31:15.088	0.93321				2
2025.07.09	01:31:16.289	0.93320				2
2025.07.09	01:31:24.388	0.93321				2
2025.07.09	01:31:25.288	0.93320				2
2025.07.09	01:31:30.695	0.93321				2
2025.07.09	01:31:32.188	0.93320				2
2025.07.09	01:31:33.743	0.93321				2
2025.07.09	01:31:34.982	0.93320				2
2025.07.09	01:31:37.890	0.93321				2
2025.07.09	01:31:40.594	0.93320				2
2025.07.09	01:31:42.090	0.93321				2
2025.07.09	01:31:43.889	0.93320				2
2025.07.09	01:31:45.150	0.93321				2
2025.07.09	01:31:46.811	0.93320				2
2025.07.09	01:31:48.452	0.93319				2
2025.07.09	01:31:50.381	0.93320				2
2025.07.09	01:31:51.693	0.93319				2
2025.07.09	01:31:54.167	0.93320				2
2025.07.09	01:31:57.988	0.93319				2
2025.07.09	01:31:59.706	0.93320				2
2025.07.09	01:32:00.690	0.93319				2
2025.07.09	01:32:02.788	0.93320				2
2025.07.09	01:32:06.014	0.93319				2
2025.07.09	01:32:07.959	0.93320				2
2025.07.09	01:32:09.165	0.93319				2
2025.07.09	01:32:13.144	0.93320				2
2025.07.09	01:32:14.488	0.93319	0.93329			6
2025.07.09	01:32:18.325	0.93320				2
2025.07.09	01:32:19.137	0.93319	0.93328			6
2025.07.09	01:32:27.390	0.93320				2
2025.07.09	01:32:30.512	0.93319				2
2025.07.09	01:32:54.093		0.93327			4
2025.07.09	01:32:55.887		0.93328			4
2025.07.09	01:33:00.614	0.93319				2
2025.07.09	01:33:03.997		0.93329			4
2025.07.09	01:33:04.300	0.93318	0.93326			6
2025.07.09	01:33:18.508		0.93327			4
2025.07.09	01:33:19.270		0.93328			4
2025.07.09	01:33:22.288		0.93327			4
2025.07.09	01:33:22.671	0.93319	0.93329			6
2025.07.09	01:33:23.008		0.93330			4
2025.07.09	01:33:24.371	0.93318	0.93327			6
2025.07.09	01:33:24.680	0.93319				2
2025.07.09	01:33:26.489		0.93328			4
2025.07.09	01:33:30.638	0.93320				2
2025.07.09	01:33:31.990	0.93322	0.93330			6
2025.07.09	01:33:32.299		0.93331			4
2025.07.09	01:33:33.847	0.93321	0.93330			6
2025.07.09	01:33:41.489	0.93322				2
2025.07.09	01:33:42.688	0.93321				2
2025.07.09	01:33:44.494	0.93322				2
2025.07.09	01:33:46.290	0.93321				2
2025.07.09	01:33:52.889	0.93322				2
2025.07.09	01:33:54.188	0.93321				2
2025.07.09	01:33:57.877	0.93320	0.93328			6
2025.07.09	01:34:00.063	0.93320				2
2025.07.09	01:34:21.763	0.93318	0.93327			6
2025.07.09	01:34:22.080		0.93328			4
2025.07.09	01:34:25.895	0.93319				2
2025.07.09	01:34:30.088		0.93329			4
2025.07.09	01:34:32.487	0.93318				2
2025.07.09	01:34:41.139		0.93328			4
2025.07.09	01:34:42.852		0.93329			4
2025.07.09	01:34:43.569	0.93316	0.93325			6
2025.07.09	01:35:02.605	0.93317				2
2025.07.09	01:35:23.632	0.93318				2
2025.07.09	01:35:23.936	0.93317				2
2025.07.09	01:35:24.899	0.93318	0.93326			6
2025.07.09	01:35:30.091	0.93319				2
2025.07.09	01:35:30.433	0.93318				2
2025.07.09	01:35:39.399	0.93316	0.93324			6
2025.07.09	01:35:55.984	0.93317				2
2025.07.09	01:35:57.095		0.93325			4
2025.07.09	01:36:00.113	0.93317				2
2025.07.09	01:36:15.654	0.93318				2
2025.07.09	01:36:17.789	0.93317				2
2025.07.09	01:36:21.731	0.93316	0.93326			6
2025.07.09	01:36:30.550	0.93317				2
2025.07.09	01:36:31.886	0.93316				2
2025.07.09	01:36:33.657	0.93317				2
2025.07.09	01:36:34.889	0.93316				2
2025.07.09	01:36:36.089	0.93319	0.93328			6
2025.07.09	01:36:40.699	0.93320				2
2025.07.09	01:36:42.688	0.93319				2
2025.07.09	01:36:52.883	0.93318	0.93326			6
2025.07.09	01:36:57.360	0.93317				2
2025.07.09	01:36:59.086	0.93318				2
2025.07.09	01:37:00.089	0.93317				2
2025.07.09	01:37:02.215		0.93325			4
2025.07.09	01:37:28.779		0.93326			4
2025.07.09	01:37:29.097	0.93318				2
2025.07.09	01:38:00.088	0.93318				2
2025.07.09	01:38:18.089	0.93317				2
2025.07.09	01:38:19.290	0.93318				2
2025.07.09	01:38:29.092		0.93326			4
2025.07.09	01:38:51.219	0.93317				2
2025.07.09	01:38:58.392	0.93319	0.93330			6
2025.07.09	01:38:59.790	0.93320				2
2025.07.09	01:39:00.988	0.93320				2
2025.07.09	01:39:02.865	0.93318	0.93327			6
2025.07.09	01:39:13.289	0.93317				2
2025.07.09	01:39:22.288	0.93319	0.93328			6
2025.07.09	01:39:22.668	0.93318				2
2025.07.09	01:39:24.389	0.93319	0.93327			6
2025.07.09	01:39:35.469	0.93317	0.93329			6
2025.07.09	01:39:35.896	0.93318	0.93328			6
2025.07.09	01:39:36.486		0.93329			4
2025.07.09	01:39:37.289	0.93319	0.93328			6
2025.07.09	01:39:41.733	0.93318	0.93329			6
2025.07.09	01:39:42.510		0.93327			4
2025.07.09	01:39:45.578		0.93326			4
2025.07.09	01:39:47.951		0.93327			4
2025.07.09	01:39:50.489		0.93326			4
2025.07.09	01:39:52.890		0.93327			4
2025.07.09	01:39:59.488	0.93317	0.93326			6
2025.07.09	01:40:00.362	0.93319	0.93328			6
2025.07.09	01:40:02.656	0.93318	0.93327			6
2025.07.09	01:40:04.898		0.93326			4
2025.07.09	01:40:16.296		0.93327			4
2025.07.09	01:40:18.088		0.93326			4
2025.07.09	01:40:23.488		0.93327			4
2025.07.09	01:40:24.995		0.93326			4
2025.07.09	01:40:27.486		0.93327			4
2025.07.09	01:40:33.839		0.93326			4
2025.07.09	01:40:36.091		0.93327			4
2025.07.09	01:40:41.130		0.93326			4
2025.07.09	01:40:42.463	0.93317				2
2025.07.09	01:40:45.761	0.93318				2
2025.07.09	01:40:47.817	0.93317				2
2025.07.09	01:40:54.182	0.93318				2
2025.07.09	01:40:56.789	0.93317				2
2025.07.09	01:41:00.559	0.93317				2
2025.07.09	01:41:06.393	0.93318				2
2025.07.09	01:41:18.393	0.93317				2
2025.07.09	01:41:19.721	0.93318				2
2025.07.09	01:41:25.492	0.93317				2
2025.07.09	01:41:27.692	0.93318				2
2025.07.09	01:41:31.286	0.93317				2
2025.07.09	01:41:32.237	0.93318	0.93327			6
2025.07.09	01:41:40.394	0.93317				2
2025.07.09	01:41:41.688		0.93326			4
2025.07.09	01:41:48.691	0.93318	0.93327			6
2025.07.09	01:42:00.392	0.93318				2
2025.07.09	01:42:46.165	0.93317				2
2025.07.09	01:42:48.354		0.93326			4
2025.07.09	01:42:59.827	0.93316	0.93325			6
2025.07.09	01:43:00.567	0.93316				2
2025.07.09	01:43:01.256	0.93317				2
2025.07.09	01:43:02.940	0.93316				2
2025.07.09	01:43:06.087	0.93317				2
2025.07.09	01:43:11.058	0.93316	0.93327			6
2025.07.09	01:43:12.379		0.93325			4
2025.07.09	01:43:39.688	0.93315	0.93324			6
2025.07.09	01:43:44.436	0.93314				2
2025.07.09	01:43:46.290	0.93315				2
2025.07.09	01:43:51.991		0.93325			4
2025.07.09	01:43:54.992		0.93324			4
2025.07.09	01:43:56.359	0.93316	0.93325			6
2025.07.09	01:44:00.246	0.93316				2
2025.07.09	01:44:05.558		0.93326			4
2025.07.09	01:44:09.390	0.93315				2
2025.07.09	01:44:12.682	0.93316	0.93325			6
2025.07.09	01:44:14.189	0.93314	0.93324			6
2025.07.09	01:44:15.390	0.93315				2
2025.07.09	01:44:20.490	0.93314				2
2025.07.09	01:44:27.087	0.93313				2
2025.07.09	01:44:28.970		0.93325			4
2025.07.09	01:44:29.291	0.93314				2
2025.07.09	01:44:42.504		0.93324			4
2025.07.09	01:44:42.836	0.93315	0.93323			6
2025.07.09	01:44:46.093	0.93314				2
2025.07.09	01:44:46.490		0.93324			4
2025.07.09	01:44:48.988		0.93323			4
2025.07.09	01:44:57.007		0.93324			4
2025.07.09	01:45:01.348	0.93314				2
2025.07.09	01:45:02.467		0.93323			4
2025.07.09	01:45:12.882		0.93324			4
2025.07.09	01:45:16.036		0.93323			4
2025.07.09	01:45:16.340	0.93315	0.93325			6
2025.07.09	01:45:21.723	0.93316				2
2025.07.09	01:45:26.661		0.93326			4
2025.07.09	01:45:32.485		0.93324			4
2025.07.09	01:45:35.789	0.93315	0.93325			6
2025.07.09	01:45:42.184	0.93316				2
2025.07.09	01:45:45.088	0.93315				2
2025.07.09	01:45:50.271	0.93314	0.93323			6
2025.07.09	01:45:52.523	0.93313	0.93322			6
2025.07.09	01:46:00.616	0.93313	0.93323			6
2025.07.09	01:46:02.789	0.93314				2
2025.07.09	01:46:06.374	0.93313				2
2025.07.09	01:46:11.214		0.93324			4
2025.07.09	01:46:13.887		0.93323			4
2025.07.09	01:46:16.383		0.93324			4
2025.07.09	01:46:18.524		0.93323			4
2025.07.09	01:46:21.541		0.93324			4
2025.07.09	01:46:23.744	0.93314	0.93323			6
2025.07.09	01:46:26.517	0.93310	0.93321			6
2025.07.09	01:46:36.628		0.93322			4
2025.07.09	01:46:37.746		0.93321			4
2025.07.09	01:46:41.598		0.93322			4
2025.07.09	01:46:41.972		0.93321			4
2025.07.09	01:46:42.643		0.93322			4
2025.07.09	01:46:43.019		0.93321			4
2025.07.09	01:46:48.029		0.93320			4
2025.07.09	01:47:00.734	0.93310				2
2025.07.09	01:47:11.539	0.93312	0.93322			6
2025.07.09	01:47:11.873	0.93310	0.93321			6
2025.07.09	01:47:13.039		0.93320			4
2025.07.09	01:47:16.997		0.93321			4
2025.07.09	01:47:22.245		0.93320			4
2025.07.09	01:47:23.052	0.93309	0.93321			6
2025.07.09	01:47:23.409		0.93320			4
2025.07.09	01:47:25.159		0.93321			4
2025.07.09	01:47:25.484		0.93320			4
2025.07.09	01:47:26.914		0.93321			4
2025.07.09	01:47:31.292	0.93310				2
2025.07.09	01:47:43.589	0.93309				2
2025.07.09	01:47:45.689	0.93313	0.93325			6
2025.07.09	01:47:46.021	0.93314	0.93324			6
2025.07.09	01:47:51.089	0.93313				2
2025.07.09	01:47:59.787	0.93314				2
2025.07.09	01:48:03.088	0.93314				2
2025.07.09	01:48:20.787		0.93323			4
2025.07.09	01:48:26.988	0.93315	0.93326			6
2025.07.09	01:48:27.314	0.93316	0.93325			6
2025.07.09	01:48:28.144	0.93315	0.93326			6
2025.07.09	01:48:34.052		0.93327			4
2025.07.09	01:48:36.989	0.93319	0.93328			6
2025.07.09	01:48:40.291		0.93329			4
2025.07.09	01:48:51.836	0.93318	0.93328			6
2025.07.09	01:48:52.165		0.93327			4
2025.07.09	01:49:00.816	0.93318				2
2025.07.09	01:49:03.453		0.93328			4
2025.07.09	01:49:36.994		0.93327			4
2025.07.09	01:49:51.987	0.93319	0.93328			6
2025.07.09	01:49:52.320		0.93327			4
2025.07.09	01:50:00.389	0.93323	0.93331			6
2025.07.09	01:50:33.387	0.93322				2
2025.07.09	01:50:36.269	0.93323				2
2025.07.09	01:50:37.379	0.93322	0.93332			6
2025.07.09	01:50:44.074		0.93331			4
2025.07.09	01:50:48.390	0.93320				2
2025.07.09	01:50:49.451	0.93321				2
2025.07.09	01:50:55.332		0.93333			4
2025.07.09	01:50:56.166	0.93323	0.93332			6
2025.07.09	01:50:58.435	0.93322				2
2025.07.09	01:51:01.812	0.93322				2
2025.07.09	01:51:07.333	0.93324	0.93334			6
2025.07.09	01:51:10.056		0.93333			4
2025.07.09	01:51:13.873		0.93334			4
2025.07.09	01:51:14.270	0.93325				2
2025.07.09	01:51:15.160	0.93326				2
2025.07.09	01:51:19.288	0.93325				2
2025.07.09	01:51:20.757	0.93326				2
2025.07.09	01:51:27.001	0.93325				2
2025.07.09	01:51:27.728	0.93323				2
2025.07.09	01:51:46.810	0.93324				2
2025.07.09	01:51:47.898	0.93325				2
2025.07.09	01:51:59.484	0.93324	0.93333			6
2025.07.09	01:52:00.122	0.93323	0.93334			6
2025.07.09	01:52:02.374	0.93324				2
2025.07.09	01:52:05.817	0.93325				2
2025.07.09	01:52:29.825	0.93326				2
2025.07.09	01:52:30.635	0.93325				2
2025.07.09	01:52:37.293	0.93326				2
2025.07.09	01:52:39.061	0.93325	0.93333			6
2025.07.09	01:52:44.397	0.93326	0.93334			6
2025.07.09	01:52:53.092	0.93321	0.93331			6
2025.07.09	01:52:55.160		0.93330			4
2025.07.09	01:52:57.278	0.93322	0.93332			6
2025.07.09	01:52:59.731	0.93323	0.93331			6
2025.07.09	01:53:00.388	0.93323				2
2025.07.09	01:53:03.100	0.93324	0.93332			6
2025.07.09	01:53:27.003	0.93319	0.93329			6
2025.07.09	01:53:27.950	0.93321				2
2025.07.09	01:53:28.272	0.93320				2
2025.07.09	01:53:29.053	0.93321				2
2025.07.09	01:53:29.968	0.93323	0.93332			6
2025.07.09	01:53:32.040	0.93324				2
2025.07.09	01:53:36.221	0.93322				2
2025.07.09	01:53:36.541		0.93330			4
2025.07.09	01:53:36.922	0.93320				2
2025.07.09	01:53:50.052	0.93321	0.93329			6
2025.07.09	01:53:51.069	0.93318	0.93327			6
2025.07.09	01:53:53.344		0.93326			4
2025.07.09	01:53:54.035	0.93320	0.93329			6
2025.07.09	01:53:56.555	0.93318	0.93328			6
2025.07.09	01:53:57.743	0.93319				2
2025.07.09	01:53:59.771	0.93318				2
2025.07.09	01:54:00.364	0.93318				2
2025.07.09	01:54:01.789	0.93319				2
2025.07.09	01:54:07.291	0.93318				2
2025.07.09	01:54:18.513	0.93320				2
2025.07.09	01:54:18.987	0.93319	0.93327			6
2025.07.09	01:54:25.942	0.93320	0.93329			6
2025.07.09	01:54:26.972		0.93330			4
2025.07.09	01:54:37.003	0.93321	0.93329			6
2025.07.09	01:55:01.269	0.93321				2
2025.07.09	01:55:37.006		0.93329			4
2025.07.09	01:56:00.668	0.93320				2
2025.07.09	01:56:37.007		0.93329			4
2025.07.09	01:56:38.131	0.93321	0.93330			6
2025.07.09	01:56:56.118	0.93320	0.93329			6
2025.07.09	01:57:10.959	0.93320				2
2025.07.09	01:57:13.098	0.93324	0.93332			6
2025.07.09	01:57:13.684	0.93320	0.93330			6
2025.07.09	01:57:15.824	0.93321				2
2025.07.09	01:57:18.080	0.93320				2
2025.07.09	01:57:22.288	0.93321				2
2025.07.09	01:57:26.696	0.93320				2
2025.07.09	01:57:31.287	0.93321				2
2025.07.09	01:57:33.088		0.93331			4
2025.07.09	01:57:40.669		0.93330			4
2025.07.09	01:57:43.889		0.93331			4
2025.07.09	01:58:02.268	0.93321				2
2025.07.09	01:58:09.205		0.93330			4
2025.07.09	01:58:10.385		0.93331			4
2025.07.09	01:58:10.724	0.93322	0.93333			6
2025.07.09	01:58:16.277	0.93323				2
2025.07.09	01:58:24.989	0.93322				2
2025.07.09	01:59:00.333	0.93322				2
2025.07.09	01:59:03.989		0.93332			4
2025.07.09	01:59:10.587		0.93333			4
2025.07.09	01:59:18.908		0.93330			4
2025.07.09	01:59:20.290	0.93326	0.93334			6
2025.07.09	01:59:25.006		0.93335			4
2025.07.09	01:59:30.136	0.93327				2
2025.07.09	01:59:30.439		0.93336			4
2025.07.09	01:59:43.638	0.93328				2
2025.07.09	01:59:44.713	0.93329	0.93337			6
2025.07.09	02:00:00.338	0.93325	0.93333			6
2025.07.09	02:00:00.672	0.93324				2
2025.07.09	02:00:00.975		0.93332			4
2025.07.09	02:00:06.366	0.93328	0.93337			6
2025.07.09	02:00:08.386	0.93327	0.93335			6
2025.07.09	02:00:10.394		0.93334			4
2025.07.09	02:00:24.037	0.93326	0.93335			6
2025.07.09	02:00:29.400	0.93325	0.93333			6
2025.07.09	02:00:29.704	0.93323	0.93332			6
2025.07.09	02:00:34.209		0.93331			4
2025.07.09	02:00:36.978	0.93326	0.93334			6
2025.07.09	02:00:50.686	0.93327	0.93335			6
2025.07.09	02:00:55.031		0.93337			4
2025.07.09	02:00:57.231	0.93328	0.93336			6
2025.07.09	02:01:00.372	0.93330	0.93339			6
2025.07.09	02:01:00.696		0.93340			4
2025.07.09	02:01:07.690		0.93336			4
2025.07.09	02:01:10.427	0.93328				2
2025.07.09	02:01:11.588	0.93327				2
2025.07.09	02:01:16.239		0.93335			4
2025.07.09	02:01:24.507		0.93334			4
2025.07.09	02:01:26.989		0.93337			4
2025.07.09	02:01:31.610		0.93338			4
2025.07.09	02:01:35.670		0.93335			4
2025.07.09	02:01:36.091		0.93334			4
2025.07.09	02:01:41.583	0.93329	0.93336			6
2025.07.09	02:01:41.887		0.93338			4
2025.07.09	02:01:47.004		0.93339			4
2025.07.09	02:01:54.553		0.93338			4
2025.07.09	02:02:02.267	0.93329				2
2025.07.09	02:02:14.600		0.93339			4
2025.07.09	02:02:16.505		0.93338			4
2025.07.09	02:02:17.224		0.93337			4
2025.07.09	02:02:21.688		0.93336			4
2025.07.09	02:02:27.027	0.93331	0.93338			6
2025.07.09	02:02:27.341	0.93332	0.93341			6
2025.07.09	02:02:29.277	0.93331				2
2025.07.09	02:02:31.415	0.93332	0.93342			6
2025.07.09	02:02:32.628		0.93341			4
2025.07.09	02:02:35.067	0.93331	0.93339			6
2025.07.09	02:02:36.278		0.93340			4
2025.07.09	02:02:37.002		0.93341			4
2025.07.09	02:02:42.389		0.93340			4
2025.07.09	02:02:55.721		0.93341			4
2025.07.09	02:03:01.371	0.93332	0.93340			6
2025.07.09	02:03:02.833		0.93342			4
2025.07.09	02:03:04.518		0.93341			4
2025.07.09	02:03:23.845	0.93331	0.93340			6
2025.07.09	02:03:46.289	0.93330				2
2025.07.09	02:04:03.687	0.93330				2
2025.07.09	02:04:11.489		0.93341			4
2025.07.09	02:04:28.047		0.93339			4
2025.07.09	02:04:29.291	0.93329	0.93338			6
2025.07.09	02:04:31.411	0.93330	0.93341			6
2025.07.09	02:04:44.901	0.93327	0.93337			6
2025.07.09	02:04:50.198	0.93328				2
2025.07.09	02:04:50.510		0.93336			4
2025.07.09	02:04:57.989		0.93337			4
2025.07.09	02:05:04.019	0.93328				2
2025.07.09	02:05:10.990	0.93327	0.93339			6
2025.07.09	02:05:14.007		0.93338			4
2025.07.09	02:05:14.325		0.93337			4
2025.07.09	02:05:15.436	0.93326	0.93336			6
2025.07.09	02:05:15.783		0.93337			4
2025.07.09	02:05:16.607	0.93327	0.93336			6
2025.07.09	02:05:22.299	0.93326	0.93337			6
2025.07.09	02:05:25.048	0.93325	0.93334			6
2025.07.09	02:05:31.892		0.93335			4
2025.07.09	02:05:43.057	0.93326				2
2025.07.09	02:05:45.749	0.93325				2
2025.07.09	02:05:50.806		0.93337			4
2025.07.09	02:05:53.669	0.93324	0.93336			6
2025.07.09	02:05:55.198		0.93335			4
2025.07.09	02:05:56.380		0.93336			4
2025.07.09	02:06:01.974	0.93325	0.93335			6
2025.07.09	02:06:08.773		0.93336			4
2025.07.09	02:06:21.387	0.93326				2
2025.07.09	02:06:32.703		0.93334			4
2025.07.09	02:06:41.202		0.93335			4
2025.07.09	02:06:41.659		0.93336			4
2025.07.09	02:06:46.293		0.93337			4
2025.07.09	02:06:52.724		0.93336			4
2025.07.09	02:06:57.974		0.93335			4
2025.07.09	02:06:59.257	0.93328	0.93336			6
2025.07.09	02:07:00.013	0.93328	0.93337			6
2025.07.09	02:07:15.849		0.93336			4
2025.07.09	02:07:16.351		0.93335			4
2025.07.09	02:07:16.682		0.93336			4
2025.07.09	02:07:20.477		0.93337			4
2025.07.09	02:07:30.314		0.93336			4
2025.07.09	02:07:31.067		0.93337			4
2025.07.09	02:07:48.933	0.93327	0.93336			6
2025.07.09	02:07:49.259	0.93335	0.93338			6
2025.07.09	02:07:49.565	0.93330				2
2025.07.09	02:07:50.386	0.93329	0.93339			6
2025.07.09	02:07:57.595	0.93326	0.93335			6
2025.07.09	02:07:59.810	0.93329	0.93339			6
2025.07.09	02:08:00.181	0.93329				2
2025.07.09	02:08:18.591		0.93340			4
2025.07.09	02:08:26.979		0.93339			4
2025.07.09	02:08:28.345		0.93340			4
2025.07.09	02:08:32.188	0.93330				2
2025.07.09	02:08:36.988		0.93341			4
2025.07.09	02:08:37.938	0.93329	0.93338			6
2025.07.09	02:08:42.388		0.93336			4
2025.07.09	02:08:47.966	0.93328	0.93337			6
2025.07.09	02:08:55.305	0.93329				2
2025.07.09	02:09:01.196	0.93329				2
2025.07.09	02:09:04.002	0.93327				2
2025.07.09	02:09:08.883	0.93326				2
2025.07.09	02:09:39.602	0.93323	0.93333			6
2025.07.09	02:09:39.922	0.93324				2
2025.07.09	02:09:41.365	0.93323				2
2025.07.09	02:09:43.105	0.93324				2
2025.07.09	02:09:43.744	0.93322	0.93331			6
2025.07.09	02:09:49.723	0.93323	0.93333			6
2025.07.09	02:09:52.709	0.93322				2
2025.07.09	02:09:56.263	0.93319	0.93329			6
2025.07.09	02:10:02.428	0.93315	0.93326			6
2025.07.09	02:10:12.431	0.93321				2
2025.07.09	02:10:12.761	0.93316	0.93327			6
2025.07.09	02:10:30.488		0.93326			4
2025.07.09	02:10:33.115	0.93315				2
2025.07.09	02:10:33.467	0.93316	0.93327			6
2025.07.09	02:10:33.778		0.93326			4
2025.07.09	02:10:34.445	0.93315				2
2025.07.09	02:10:35.868	0.93316				2
2025.07.09	02:10:36.170	0.93315				2
2025.07.09	02:10:42.782	0.93314	0.93324			6
2025.07.09	02:10:43.807	0.93316	0.93327			6
2025.07.09	02:10:44.851	0.93320	0.93328			6
2025.07.09	02:10:45.166	0.93319	0.93329			6
2025.07.09	02:10:45.528	0.93320				2
2025.07.09	02:10:45.852	0.93319				2
2025.07.09	02:10:46.614		0.93330			4
2025.07.09	02:10:48.047		0.93329			4
2025.07.09	02:10:48.694		0.93328			4
2025.07.09	02:10:49.065		0.93329			4
2025.07.09	02:10:54.748	0.93320				2
2025.07.09	02:10:58.293	0.93321				2
2025.07.09	02:11:01.289	0.93321	0.93330			6
2025.07.09	02:11:02.734	0.93320	0.93331			6
2025.07.09	02:11:06.389		0.93330			4
2025.07.09	02:11:19.004		0.93329			4
2025.07.09	02:11:20.617	0.93319	0.93327			6
2025.07.09	02:11:21.574	0.93320	0.93329			6
2025.07.09	02:11:25.624	0.93319	0.93327			6
