<DATE>	<TIME>	<BID>	<ASK>	<LAST>	<VOLUME>	<FLAGS>
2025.09.16	00:03:30.720	0.93399	0.93521			6
2025.09.16	00:04:00.851	0.93399				2
2025.09.16	00:04:36.886		0.93521			4
2025.09.16	00:05:00.428	0.93419				2
2025.09.16	00:05:41.271		0.93521			4
2025.09.16	00:06:05.692	0.93419				2
2025.09.16	00:06:41.728		0.93521			4
2025.09.16	00:07:01.947	0.93419				2
2025.09.16	00:07:41.731		0.93521			4
2025.09.16	00:08:01.948	0.93419				2
2025.09.16	00:08:44.348		0.93521			4
2025.09.16	00:09:02.356	0.93419				2
2025.09.16	00:09:57.346		0.93521			4
2025.09.16	00:10:00.319	0.93419				2
2025.09.16	00:10:02.572		0.93544			4
2025.09.16	00:10:07.834		0.93562			4
2025.09.16	00:10:11.546	0.93390	0.93544			6
2025.09.16	00:10:12.186	0.93391				2
2025.09.16	00:10:14.305		0.93543			4
2025.09.16	00:10:16.423	0.93393	0.93546			6
2025.09.16	00:10:17.637	0.93392	0.93544			6
2025.09.16	00:10:27.026	0.93393				2
2025.09.16	00:10:40.362		0.93543			4
2025.09.16	00:10:42.178	0.93394				2
2025.09.16	00:11:00.063	0.93394				2
2025.09.16	00:11:12.799		0.93542			4
2025.09.16	00:11:18.250	0.93419	0.93521			6
2025.09.16	00:11:24.235	0.93394	0.93542			6
2025.09.16	00:11:24.865	0.93419	0.93521			6
2025.09.16	00:11:30.959	0.93396	0.93543			6
2025.09.16	00:11:31.578	0.93419	0.93521			6
2025.09.16	00:12:00.520	0.93419				2
2025.09.16	00:12:32.625		0.93521			4
2025.09.16	00:13:01.735	0.93419				2
2025.09.16	00:13:34.965		0.93521			4
2025.09.16	00:14:00.358	0.93419				2
2025.09.16	00:14:36.819		0.93521			4
2025.09.16	00:15:02.028	0.93419				2
2025.09.16	00:17:31.338	0.93419	0.93521			6
2025.09.16	00:18:02.359	0.93419				2
2025.09.16	00:18:33.009		0.93521			4
2025.09.16	00:19:01.406	0.93419				2
2025.09.16	00:19:35.018		0.93521			4
2025.09.16	00:20:02.619	0.93419				2
2025.09.16	00:20:35.993		0.93521			4
2025.09.16	00:20:56.811	0.93404	0.93544			6
2025.09.16	00:21:01.721	0.93404				2
2025.09.16	00:21:23.321	0.93405				2
2025.09.16	00:21:57.820		0.93544			4
2025.09.16	00:22:00.852	0.93405				2
2025.09.16	00:23:00.357	0.93405	0.93544			6
2025.09.16	00:23:41.315		0.93538			4
2025.09.16	00:23:57.880	0.93404				2
2025.09.16	00:24:00.354	0.93404				2
2025.09.16	00:24:05.636		0.93536			4
2025.09.16	00:24:07.564	0.93405				2
2025.09.16	00:24:13.418	0.93404				2
2025.09.16	00:24:17.727	0.93405				2
2025.09.16	00:24:29.020	0.93404				2
2025.09.16	00:24:34.347		0.93533			4
2025.09.16	00:24:47.006	0.93405				2
2025.09.16	00:24:54.712	0.93406	0.93536			6
2025.09.16	00:25:00.315	0.93406				2
2025.09.16	00:25:03.456	0.93405				2
2025.09.16	00:25:08.041	0.93400				2
2025.09.16	00:25:40.121	0.93399				2
2025.09.16	00:25:56.320		0.93536			4
2025.09.16	00:26:00.853	0.93399				2
2025.09.16	00:26:58.355		0.93536			4
2025.09.16	00:27:01.001	0.93399				2
2025.09.16	00:27:42.710		0.93540			4
2025.09.16	00:27:43.585	0.93397	0.93537			6
2025.09.16	00:27:44.696	0.93399	0.93540			6
2025.09.16	00:27:45.785	0.93397	0.93537			6
2025.09.16	00:27:46.886	0.93401	0.93535			6
2025.09.16	00:27:47.999	0.93398				2
2025.09.16	00:27:49.093	0.93397	0.93541			6
2025.09.16	00:27:50.181		0.93538			4
2025.09.16	00:27:51.297		0.93541			4
2025.09.16	00:27:53.620	0.93398				2
2025.09.16	00:27:55.275	0.93397				2
2025.09.16	00:27:57.847	0.93402	0.93538			6
2025.09.16	00:27:59.165	0.93397	0.93541			6
2025.09.16	00:28:00.852	0.93397				2
2025.09.16	00:28:04.118	0.93398				2
2025.09.16	00:28:04.633		0.93538			4
2025.09.16	00:28:08.731	0.93402				2
2025.09.16	00:28:09.518	0.93398	0.93539			6
2025.09.16	00:28:12.345	0.93399				2
2025.09.16	00:28:17.018	0.93400				2
2025.09.16	00:28:20.619	0.93399				2
2025.09.16	00:28:30.219	0.93400				2
2025.09.16	00:28:34.610	0.93402	0.93534			6
2025.09.16	00:28:54.969		0.93538			4
2025.09.16	00:28:55.530	0.93400	0.93539			6
2025.09.16	00:28:56.321	0.93401				2
2025.09.16	00:29:00.852	0.93401				2
2025.09.16	00:29:05.019	0.93399				2
2025.09.16	00:29:05.654	0.93398				2
2025.09.16	00:29:12.555	0.93399				2
2025.09.16	00:29:19.507	0.93398				2
2025.09.16	00:29:23.921	0.93399				2
2025.09.16	00:29:29.513	0.93401				2
2025.09.16	00:29:34.882	0.93402				2
2025.09.16	00:29:36.297	0.93399				2
2025.09.16	00:29:39.219	0.93400				2
2025.09.16	00:29:40.847	0.93402				2
2025.09.16	00:29:50.320	0.93407				2
2025.09.16	00:29:55.719		0.93539			4
2025.09.16	00:30:00.312	0.93409	0.93538			6
2025.09.16	00:30:00.636		0.93536			4
2025.09.16	00:30:01.299		0.93538			4
2025.09.16	00:30:01.960		0.93531			4
2025.09.16	00:30:03.032		0.93532			4
2025.09.16	00:30:05.320		0.93531			4
2025.09.16	00:30:06.476		0.93536			4
2025.09.16	00:30:07.297		0.93537			4
2025.09.16	00:30:10.503		0.93536			4
2025.09.16	00:30:11.039		0.93534			4
2025.09.16	00:30:12.067		0.93533			4
2025.09.16	00:30:13.234		0.93534			4
2025.09.16	00:30:17.041		0.93533			4
2025.09.16	00:30:19.608	0.93405	0.93534			6
2025.09.16	00:30:26.159		0.93533			4
2025.09.16	00:30:30.760		0.93532			4
2025.09.16	00:30:32.424		0.93530			4
2025.09.16	00:30:34.607	0.93409	0.93528			6
2025.09.16	00:31:02.696	0.93409				2
2025.09.16	00:31:09.920	0.93405	0.93531			6
2025.09.16	00:31:11.174		0.93533			4
2025.09.16	00:31:12.037	0.93415	0.93532			6
2025.09.16	00:31:15.521		0.93531			4
2025.09.16	00:31:19.610	0.93416	0.93527			6
2025.09.16	00:31:21.514		0.93529			4
2025.09.16	00:31:21.822	0.93421	0.93530			6
2025.09.16	00:31:23.115		0.93528			4
2025.09.16	00:31:25.497		0.93525			4
2025.09.16	00:31:25.815	0.93416				2
2025.09.16	00:31:27.705	0.93414	0.93526			6
2025.09.16	00:31:33.116		0.93522			4
2025.09.16	00:31:34.347	0.93410	0.93523			6
2025.09.16	00:31:38.123		0.93522			4
2025.09.16	00:31:39.297		0.93521			4
2025.09.16	00:31:43.310		0.93525			4
2025.09.16	00:31:47.183		0.93524			4
2025.09.16	00:31:59.829	0.93408	0.93522			6
2025.09.16	00:32:00.186	0.93410	0.93521			6
2025.09.16	00:32:08.778		0.93524			4
2025.09.16	00:32:10.290		0.93522			4
2025.09.16	00:32:10.774		0.93523			4
2025.09.16	00:32:15.187		0.93522			4
2025.09.16	00:32:21.519		0.93523			4
2025.09.16	00:32:23.449		0.93522			4
2025.09.16	00:32:25.571		0.93520			4
2025.09.16	00:32:25.886		0.93521			4
2025.09.16	00:32:26.236		0.93520			4
2025.09.16	00:32:29.086	0.93415	0.93522			6
2025.09.16	00:32:34.609	0.93417				2
2025.09.16	00:32:37.418		0.93521			4
2025.09.16	00:32:38.501		0.93522			4
2025.09.16	00:32:41.151		0.93520			4
2025.09.16	00:32:41.546		0.93521			4
2025.09.16	00:32:48.820		0.93520			4
2025.09.16	00:32:49.615	0.93414				2
2025.09.16	00:32:57.519		0.93519			4
2025.09.16	00:33:00.852	0.93414	0.93520			6
2025.09.16	00:33:01.726		0.93521			4
2025.09.16	00:33:03.966	0.93411				2
2025.09.16	00:33:06.334		0.93522			4
2025.09.16	00:33:08.079		0.93524			4
2025.09.16	00:33:12.706		0.93527			4
2025.09.16	00:33:17.494		0.93524			4
2025.09.16	00:33:18.705	0.93413	0.93527			6
2025.09.16	00:33:19.014		0.93532			4
2025.09.16	00:33:21.554	0.93412	0.93523			6
2025.09.16	00:33:24.429	0.93414	0.93526			6
2025.09.16	00:33:24.849	0.93413	0.93528			6
2025.09.16	00:33:26.921		0.93522			4
2025.09.16	00:33:30.352	0.93412				2
2025.09.16	00:33:30.658	0.93409	0.93520			6
2025.09.16	00:33:34.345	0.93408				2
2025.09.16	00:33:35.920		0.93521			4
2025.09.16	00:33:36.290	0.93406	0.93519			6
2025.09.16	00:33:39.913	0.93410				2
2025.09.16	00:33:41.621		0.93518			4
2025.09.16	00:33:42.920		0.93520			4
2025.09.16	00:33:48.520		0.93519			4
2025.09.16	00:33:49.614	0.93408				2
2025.09.16	00:33:52.980		0.93521			4
2025.09.16	00:33:54.052	0.93407	0.93520			6
2025.09.16	00:33:54.439	0.93408				2
2025.09.16	00:33:55.616	0.93406				2
2025.09.16	00:34:01.718	0.93406				2
2025.09.16	00:34:02.249		0.93519			4
2025.09.16	00:34:08.346		0.93518			4
2025.09.16	00:34:09.063		0.93516			4
2025.09.16	00:34:09.443		0.93518			4
2025.09.16	00:34:11.075	0.93407				2
2025.09.16	00:34:16.419		0.93517			4
2025.09.16	00:34:22.719	0.93408	0.93516			6
2025.09.16	00:34:27.734		0.93520			4
2025.09.16	00:34:31.121	0.93409				2
2025.09.16	00:34:34.519		0.93518			4
2025.09.16	00:34:35.740		0.93517			4
2025.09.16	00:34:36.297	0.93408	0.93518			6
2025.09.16	00:34:37.657		0.93516			4
2025.09.16	00:34:38.297	0.93409	0.93515			6
2025.09.16	00:34:41.176	0.93408	0.93518			6
2025.09.16	00:34:42.251		0.93516			4
2025.09.16	00:34:45.302	0.93409	0.93515			6
2025.09.16	00:34:52.156		0.93513			4
2025.09.16	00:34:56.621	0.93410				2
2025.09.16	00:34:57.876		0.93515			4
2025.09.16	00:35:00.997	0.93410				2
2025.09.16	00:35:01.720		0.93514			4
2025.09.16	00:35:09.758	0.93411	0.93513			6
2025.09.16	00:35:11.023	0.93412				2
2025.09.16	00:35:16.012		0.93515			4
2025.09.16	00:35:19.721		0.93514			4
2025.09.16	00:35:22.201	0.93410	0.93512			6
2025.09.16	00:35:26.624	0.93411				2
2025.09.16	00:35:35.670	0.93410	0.93513			6
2025.09.16	00:35:37.194	0.93411				2
2025.09.16	00:35:38.320		0.93512			4
2025.09.16	00:35:39.375	0.93412	0.93513			6
2025.09.16	00:35:40.961	0.93408	0.93511			6
2025.09.16	00:35:43.419	0.93407				2
2025.09.16	00:35:49.612	0.93408	0.93510			6
2025.09.16	00:35:51.180	0.93407				2
2025.09.16	00:35:52.702	0.93405	0.93512			6
2025.09.16	00:35:53.736	0.93407				2
2025.09.16	00:35:55.419		0.93511			4
2025.09.16	00:36:01.948	0.93407				2
2025.09.16	00:36:09.520	0.93408				2
2025.09.16	00:36:19.378	0.93409	0.93509			6
2025.09.16	00:36:19.808	0.93412				2
2025.09.16	00:36:22.460		0.93510			4
2025.09.16	00:36:24.219	0.93410	0.93509			6
2025.09.16	00:36:24.637	0.93409	0.93510			6
2025.09.16	00:36:27.221	0.93410	0.93512			6
2025.09.16	00:36:31.418		0.93511			4
2025.09.16	00:36:32.619	0.93409	0.93512			6
2025.09.16	00:36:34.612		0.93511			4
2025.09.16	00:36:35.920	0.93410	0.93510			6
2025.09.16	00:36:39.423	0.93407	0.93512			6
2025.09.16	00:36:40.356	0.93409	0.93513			6
2025.09.16	00:36:41.602	0.93411	0.93512			6
2025.09.16	00:36:42.827	0.93413	0.93513			6
2025.09.16	00:36:47.015	0.93411				2
2025.09.16	00:36:47.318		0.93514			4
2025.09.16	00:36:49.416	0.93412	0.93513			6
2025.09.16	00:36:49.816	0.93410				2
2025.09.16	00:36:51.710	0.93415				2
2025.09.16	00:36:54.444	0.93413				2
2025.09.16	00:36:55.358	0.93412	0.93514			6
2025.09.16	00:36:56.064	0.93414	0.93511			6
2025.09.16	00:36:57.083		0.93522			4
2025.09.16	00:36:59.298	0.93415				2
2025.09.16	00:37:00.219	0.93414				2
2025.09.16	00:37:02.347	0.93415				2
2025.09.16	00:37:05.378	0.93414				2
2025.09.16	00:37:07.120	0.93413				2
2025.09.16	00:37:09.849		0.93518			4
2025.09.16	00:37:10.289	0.93415				2
2025.09.16	00:37:20.242	0.93416	0.93515			6
2025.09.16	00:37:24.465	0.93417	0.93514			6
2025.09.16	00:37:24.995		0.93516			4
2025.09.16	00:37:26.091		0.93515			4
2025.09.16	00:37:27.303	0.93415	0.93516			6
2025.09.16	00:37:28.221	0.93417				2
2025.09.16	00:37:30.997	0.93419				2
2025.09.16	00:37:35.088	0.93418	0.93513			6
2025.09.16	00:37:39.374		0.93512			4
2025.09.16	00:37:39.911	0.93417	0.93513			6
2025.09.16	00:37:41.278	0.93416	0.93514			6
2025.09.16	00:37:42.360	0.93415				2
2025.09.16	00:37:43.072	0.93418				2
2025.09.16	00:37:44.620		0.93513			4
2025.09.16	00:37:47.136	0.93420	0.93514			6
2025.09.16	00:37:50.300	0.93416				2
2025.09.16	00:37:51.613	0.93415				2
2025.09.16	00:37:52.176	0.93417				2
2025.09.16	00:37:53.297	0.93419	0.93513			6
2025.09.16	00:37:54.822	0.93420	0.93514			6
2025.09.16	00:37:57.082		0.93513			4
2025.09.16	00:37:59.708		0.93514			4
2025.09.16	00:38:00.297	0.93419				2
2025.09.16	00:38:04.613	0.93418	0.93515			6
2025.09.16	00:38:05.118		0.93513			4
2025.09.16	00:38:06.820	0.93419	0.93512			6
2025.09.16	00:38:11.020	0.93416	0.93516			6
2025.09.16	00:38:11.709	0.93419	0.93513			6
2025.09.16	00:38:12.699	0.93417	0.93515			6
2025.09.16	00:38:14.485		0.93517			4
2025.09.16	00:38:20.328		0.93514			4
2025.09.16	00:38:21.295	0.93418	0.93513			6
2025.09.16	00:38:23.297	0.93419	0.93512			6
2025.09.16	00:38:24.526		0.93513			4
2025.09.16	00:38:30.219		0.93512			4
2025.09.16	00:38:31.262		0.93514			4
2025.09.16	00:38:34.574	0.93418	0.93515			6
2025.09.16	00:38:35.114		0.93514			4
2025.09.16	00:38:36.220		0.93513			4
2025.09.16	00:38:37.172		0.93512			4
2025.09.16	00:38:42.699	0.93416	0.93515			6
2025.09.16	00:38:44.619	0.93417				2
2025.09.16	00:38:45.819	0.93416				2
2025.09.16	00:38:53.296	0.93417				2
2025.09.16	00:38:54.785	0.93418	0.93518			6
2025.09.16	00:38:59.021	0.93419	0.93517			6
2025.09.16	00:39:04.419	0.93418	0.93518			6
2025.09.16	00:39:05.177	0.93420	0.93512			6
2025.09.16	00:39:12.774	0.93419				2
2025.09.16	00:39:14.298	0.93420	0.93511			6
2025.09.16	00:39:15.333		0.93513			4
2025.09.16	00:39:19.177		0.93514			4
2025.09.16	00:39:20.178	0.93418	0.93512			6
2025.09.16	00:39:20.585		0.93514			4
2025.09.16	00:39:21.647	0.93419	0.93513			6
2025.09.16	00:39:23.155		0.93511			4
2025.09.16	00:39:24.813	0.93418	0.93513			6
2025.09.16	00:39:27.037	0.93420				2
2025.09.16	00:39:28.163	0.93421				2
2025.09.16	00:39:28.465		0.93512			4
2025.09.16	00:39:30.325	0.93420	0.93513			6
2025.09.16	00:39:32.321	0.93419	0.93514			6
2025.09.16	00:39:32.699		0.93512			4
2025.09.16	00:39:33.138		0.93515			4
2025.09.16	00:39:35.201	0.93420	0.93512			6
2025.09.16	00:39:38.348		0.93513			4
2025.09.16	00:39:39.520	0.93419				2
2025.09.16	00:39:43.138	0.93421				2
2025.09.16	00:39:47.176	0.93420				2
2025.09.16	00:39:49.612	0.93421	0.93512			6
2025.09.16	00:39:50.416	0.93420	0.93511			6
2025.09.16	00:39:52.708	0.93419	0.93512			6
2025.09.16	00:39:57.183	0.93420				2
2025.09.16	00:39:59.385		0.93511			4
2025.09.16	00:40:01.207	0.93418	0.93515			6
2025.09.16	00:40:01.731	0.93415				2
2025.09.16	00:40:03.001	0.93417				2
2025.09.16	00:40:03.651	0.93419				2
2025.09.16	00:40:03.963	0.93417				2
2025.09.16	00:40:04.894	0.93418				2
2025.09.16	00:40:05.295	0.93417				2
2025.09.16	00:40:06.915	0.93418	0.93514			6
2025.09.16	00:40:07.876	0.93416	0.93518			6
2025.09.16	00:40:08.325		0.93517			4
2025.09.16	00:40:11.022	0.93417	0.93516			6
2025.09.16	00:40:12.348	0.93418	0.93515			6
2025.09.16	00:40:18.521	0.93419				2
2025.09.16	00:40:19.612	0.93418				2
2025.09.16	00:40:20.291	0.93416	0.93516			6
2025.09.16	00:40:32.618		0.93517			4
2025.09.16	00:40:33.064	0.93417	0.93516			6
2025.09.16	00:40:35.298	0.93418	0.93515			6
2025.09.16	00:40:38.351		0.93516			4
2025.09.16	00:40:39.680		0.93515			4
2025.09.16	00:40:42.763	0.93419	0.93514			6
2025.09.16	00:40:44.403		0.93516			4
2025.09.16	00:40:45.402		0.93514			4
2025.09.16	00:40:51.088		0.93515			4
2025.09.16	00:40:53.084		0.93514			4
2025.09.16	00:40:55.118		0.93515			4
2025.09.16	00:41:00.466	0.93420	0.93514			6
2025.09.16	00:41:02.701	0.93419				2
2025.09.16	00:41:04.721		0.93515			4
2025.09.16	00:41:09.520		0.93514			4
2025.09.16	00:41:12.702	0.93421	0.93513			6
2025.09.16	00:41:22.701	0.93419	0.93514			6
2025.09.16	00:41:26.620	0.93420				2
2025.09.16	00:41:32.291	0.93421	0.93513			6
2025.09.16	00:41:32.700	0.93422	0.93511			6
2025.09.16	00:41:34.119	0.93420	0.93514			6
2025.09.16	00:41:36.520		0.93513			4
2025.09.16	00:41:40.297	0.93421	0.93512			6
2025.09.16	00:41:42.706	0.93422				2
2025.09.16	00:41:43.017	0.93421				2
2025.09.16	00:41:45.015		0.93513			4
2025.09.16	00:41:46.297		0.93512			4
2025.09.16	00:41:50.619	0.93422	0.93511			6
2025.09.16	00:41:51.818		0.93512			4
2025.09.16	00:41:53.252	0.93421				2
2025.09.16	00:41:54.518		0.93513			4
2025.09.16	00:41:58.719		0.93512			4
2025.09.16	00:42:00.218	0.93422				2
2025.09.16	00:42:00.546		0.93511			4
2025.09.16	00:42:08.571		0.93512			4
2025.09.16	00:42:10.720		0.93511			4
2025.09.16	00:42:12.446		0.93509			4
2025.09.16	00:42:12.767		0.93511			4
2025.09.16	00:42:18.061	0.93423				2
2025.09.16	00:42:18.364	0.93422				2
2025.09.16	00:42:22.339		0.93513			4
2025.09.16	00:42:24.821	0.93423				2
2025.09.16	00:42:32.018		0.93512			4
2025.09.16	00:42:32.708	0.93424	0.93507			6
2025.09.16	00:42:52.314		0.93508			4
2025.09.16	00:42:52.764	0.93423				2
2025.09.16	00:42:57.615		0.93512			4
2025.09.16	00:43:00.375	0.93423				2
2025.09.16	00:43:02.354	0.93422	0.93513			6
2025.09.16	00:43:03.299	0.93425	0.93511			6
2025.09.16	00:43:04.419		0.93510			4
2025.09.16	00:43:05.291	0.93426				2
2025.09.16	00:43:06.706		0.93508			4
2025.09.16	00:43:11.306	0.93423	0.93506			6
2025.09.16	00:43:12.519	0.93424				2
2025.09.16	00:43:13.721		0.93505			4
2025.09.16	00:43:14.301	0.93427	0.93509			6
2025.09.16	00:43:14.609	0.93424	0.93514			6
2025.09.16	00:43:17.203		0.93512			4
2025.09.16	00:43:17.517		0.93514			4
2025.09.16	00:43:24.297	0.93425	0.93513			6
2025.09.16	00:43:25.051	0.93424	0.93515			6
2025.09.16	00:43:26.062	0.93426	0.93514			6
2025.09.16	00:43:27.194	0.93425	0.93515			6
2025.09.16	00:43:30.330	0.93427	0.93514			6
2025.09.16	00:43:30.821	0.93426				2
2025.09.16	00:43:31.207		0.93516			4
2025.09.16	00:43:33.068	0.93427	0.93517			6
2025.09.16	00:43:35.135		0.93516			4
2025.09.16	00:43:37.086		0.93518			4
2025.09.16	00:43:37.753		0.93520			4
2025.09.16	00:43:38.301	0.93426				2
2025.09.16	00:43:40.117		0.93521			4
2025.09.16	00:43:41.619	0.93427	0.93520			6
2025.09.16	00:43:43.412		0.93513			4
2025.09.16	00:43:44.613		0.93514			4
2025.09.16	00:43:46.719		0.93513			4
2025.09.16	00:43:51.018	0.93425	0.93516			6
2025.09.16	00:43:52.280	0.93427	0.93514			6
2025.09.16	00:43:53.001	0.93428	0.93513			6
2025.09.16	00:43:56.103	0.93429	0.93516			6
2025.09.16	00:43:57.843	0.93430	0.93515			6
2025.09.16	00:43:58.213	0.93428				2
2025.09.16	00:44:01.734	0.93428				2
2025.09.16	00:44:03.188	0.93429	0.93513			6
2025.09.16	00:44:07.696		0.93512			4
2025.09.16	00:44:09.376	0.93430				2
2025.09.16	00:44:11.336		0.93509			4
2025.09.16	00:44:11.643	0.93429	0.93510			6
2025.09.16	00:44:12.870	0.93430	0.93509			6
2025.09.16	00:44:13.786	0.93428	0.93507			6
2025.09.16	00:44:14.522		0.93506			4
2025.09.16	00:44:15.649	0.93427	0.93507			6
2025.09.16	00:44:16.214		0.93509			4
2025.09.16	00:44:17.460	0.93428	0.93510			6
2025.09.16	00:44:18.032		0.93509			4
2025.09.16	00:44:19.121	0.93429				2
2025.09.16	00:44:20.323		0.93508			4
2025.09.16	00:44:22.825	0.93428	0.93509			6
2025.09.16	00:44:23.378		0.93514			4
2025.09.16	00:44:23.761		0.93511			4
2025.09.16	00:44:24.221		0.93514			4
2025.09.16	00:44:24.635	0.93427	0.93512			6
2025.09.16	00:44:25.310	0.93428	0.93511			6
2025.09.16	00:44:27.505	0.93431	0.93509			6
2025.09.16	00:44:29.386	0.93430	0.93511			6
2025.09.16	00:44:30.159	0.93431				2
2025.09.16	00:44:33.261	0.93432	0.93510			6
2025.09.16	00:44:35.667		0.93511			4
2025.09.16	00:44:37.541	0.93431	0.93512			6
2025.09.16	00:44:38.620	0.93430				2
2025.09.16	00:44:39.091	0.93431	0.93511			6
2025.09.16	00:44:40.509	0.93432	0.93509			6
2025.09.16	00:44:42.700	0.93431	0.93508			6
2025.09.16	00:44:43.136		0.93504			4
2025.09.16	00:44:44.379		0.93513			4
2025.09.16	00:44:47.715		0.93512			4
2025.09.16	00:44:50.621	0.93432				2
2025.09.16	00:44:52.515	0.93433	0.93504			6
2025.09.16	00:44:53.140	0.93432				2
2025.09.16	00:44:53.715	0.93430				2
2025.09.16	00:44:54.019	0.93429				2
2025.09.16	00:44:54.347		0.93513			4
2025.09.16	00:44:54.657	0.93430	0.93504			6
2025.09.16	00:44:55.717	0.93431				2
2025.09.16	00:44:57.523	0.93430				2
2025.09.16	00:44:58.135		0.93502			4
2025.09.16	00:44:59.071	0.93431				2
2025.09.16	00:44:59.938	0.93430	0.93509			6
2025.09.16	00:45:00.428	0.93430				2
2025.09.16	00:45:02.812		0.93510			4
2025.09.16	00:45:03.144	0.93410	0.93529			6
2025.09.16	00:45:03.494	0.93409	0.93528			6
2025.09.16	00:45:04.706	0.93410	0.93529			6
2025.09.16	00:45:06.525	0.93430	0.93509			6
2025.09.16	00:45:07.936	0.93431	0.93508			6
2025.09.16	00:45:10.376	0.93449	0.93490			6
2025.09.16	00:45:13.085	0.93452	0.93488			6
2025.09.16	00:45:13.398	0.93450				2
2025.09.16	00:45:14.018	0.93453	0.93490			6
2025.09.16	00:45:16.281	0.93452	0.93492			6
2025.09.16	00:45:20.970	0.93451	0.93489			6
2025.09.16	00:45:21.292		0.93488			4
2025.09.16	00:45:21.910		0.93489			4
2025.09.16	00:45:22.263	0.93452	0.93488			6
2025.09.16	00:45:24.679	0.93451	0.93489			6
2025.09.16	00:45:24.999	0.93450	0.93481			6
2025.09.16	00:45:25.415	0.93451				2
2025.09.16	00:45:25.740		0.93482			4
2025.09.16	00:45:26.742	0.93452	0.93487			6
2025.09.16	00:45:30.600	0.93451				2
2025.09.16	00:45:32.460	0.93452				2
2025.09.16	00:45:32.799	0.93453	0.93489			6
2025.09.16	00:45:35.501	0.93452				2
2025.09.16	00:45:37.256		0.93490			4
2025.09.16	00:45:42.202	0.93438				2
2025.09.16	00:45:46.415	0.93437				2
2025.09.16	00:45:48.030	0.93436	0.93492			6
2025.09.16	00:45:48.995	0.93435				2
2025.09.16	00:45:49.606	0.93437	0.93490			6
2025.09.16	00:45:49.923	0.93448	0.93489			6
2025.09.16	00:45:50.285	0.93442	0.93487			6
2025.09.16	00:45:51.931	0.93444	0.93485			6
2025.09.16	00:45:52.541	0.93446				2
2025.09.16	00:45:53.465	0.93448	0.93479			6
2025.09.16	00:45:54.426	0.93446	0.93486			6
2025.09.16	00:45:55.360	0.93451				2
2025.09.16	00:45:55.664	0.93449				2
2025.09.16	00:45:57.193	0.93450				2
2025.09.16	00:45:57.497	0.93449				2
2025.09.16	00:45:57.798	0.93451				2
2025.09.16	00:45:58.106	0.93449				2
2025.09.16	00:45:58.456	0.93450	0.93491			6
2025.09.16	00:45:59.072	0.93451	0.93490			6
2025.09.16	00:46:00.332	0.93451	0.93491			6
2025.09.16	00:46:02.627	0.93450				2
2025.09.16	00:46:04.936		0.93492			4
2025.09.16	00:46:05.371		0.93491			4
2025.09.16	00:46:09.471		0.93492			4
2025.09.16	00:46:10.362	0.93451				2
2025.09.16	00:46:12.933	0.93452				2
2025.09.16	00:46:14.384	0.93453	0.93491			6
2025.09.16	00:46:15.070	0.93452	0.93492			6
2025.09.16	00:46:15.395	0.93453	0.93494			6
2025.09.16	00:46:24.472		0.93493			4
2025.09.16	00:46:25.155	0.93452	0.93492			6
2025.09.16	00:46:31.299	0.93456	0.93495			6
2025.09.16	00:46:32.320	0.93455	0.93496			6
2025.09.16	00:46:33.819	0.93456				2
2025.09.16	00:46:35.369		0.93497			4
2025.09.16	00:46:36.091	0.93451	0.93494			6
2025.09.16	00:46:37.120	0.93452				2
2025.09.16	00:46:41.583	0.93455				2
2025.09.16	00:46:44.484		0.93493			4
2025.09.16	00:46:50.847	0.93451				2
2025.09.16	00:46:54.518	0.93448	0.93494			6
2025.09.16	00:46:57.315	0.93449				2
2025.09.16	00:46:59.685	0.93448				2
2025.09.16	00:47:01.120	0.93449				2
2025.09.16	00:47:02.797	0.93452				2
2025.09.16	00:47:03.179	0.93436	0.93519			6
2025.09.16	00:47:04.992	0.93435	0.93518			6
2025.09.16	00:47:06.508	0.93452	0.93494			6
2025.09.16	00:47:07.121	0.93453	0.93493			6
2025.09.16	00:47:12.151	0.93446	0.93490			6
2025.09.16	00:47:14.072	0.93445	0.93492			6
2025.09.16	00:47:14.440	0.93456	0.93504			6
2025.09.16	00:47:15.589		0.93505			4
2025.09.16	00:47:22.413	0.93455	0.93499			6
2025.09.16	00:47:23.792		0.93498			4
2025.09.16	00:47:25.823		0.93499			4
2025.09.16	00:47:27.070		0.93501			4
2025.09.16	00:47:29.888		0.93500			4
2025.09.16	00:47:30.232		0.93501			4
2025.09.16	00:47:30.803		0.93499			4
2025.09.16	00:47:35.039		0.93506			4
2025.09.16	00:47:37.211	0.93454	0.93501			6
2025.09.16	00:47:37.515	0.93455	0.93503			6
2025.09.16	00:47:37.933		0.93501			4
2025.09.16	00:47:39.353	0.93456	0.93500			6
2025.09.16	00:47:47.464	0.93457	0.93502			6
2025.09.16	00:47:49.216		0.93501			4
2025.09.16	00:47:49.537		0.93502			4
2025.09.16	00:47:49.966	0.93456	0.93501			6
2025.09.16	00:47:52.515	0.93457				2
2025.09.16	00:47:52.828		0.93502			4
2025.09.16	00:47:55.075		0.93500			4
2025.09.16	00:47:55.417		0.93502			4
2025.09.16	00:47:59.153		0.93500			4
2025.09.16	00:47:59.563	0.93458	0.93499			6
2025.09.16	00:48:01.268	0.93458				2
2025.09.16	00:48:02.839	0.93457	0.93507			6
2025.09.16	00:48:04.199	0.93458				2
2025.09.16	00:48:05.307	0.93457	0.93506			6
2025.09.16	00:48:06.640	0.93456	0.93507			6
2025.09.16	00:48:07.295		0.93506			4
2025.09.16	00:48:09.219		0.93505			4
2025.09.16	00:48:10.424	0.93457	0.93504			6
2025.09.16	00:48:13.062	0.93456				2
2025.09.16	00:48:15.257		0.93501			4
2025.09.16	00:48:19.038	0.93455				2
2025.09.16	00:48:21.200		0.93502			4
2025.09.16	00:48:25.733	0.93456				2
2025.09.16	00:48:28.798		0.93501			4
2025.09.16	00:48:32.322		0.93503			4
2025.09.16	00:48:34.072		0.93502			4
2025.09.16	00:48:38.320		0.93503			4
2025.09.16	00:48:40.720		0.93502			4
2025.09.16	00:48:42.657		0.93503			4
2025.09.16	00:48:43.017		0.93502			4
2025.09.16	00:48:50.319		0.93503			4
2025.09.16	00:48:53.720		0.93501			4
2025.09.16	00:48:54.060	0.93454	0.93502			6
2025.09.16	00:48:54.594	0.93452	0.93504			6
2025.09.16	00:48:55.179	0.93453	0.93503			6
2025.09.16	00:48:57.604	0.93452				2
2025.09.16	00:49:00.040	0.93453				2
2025.09.16	00:49:00.345	0.93452	0.93504			6
2025.09.16	00:49:07.036	0.93451	0.93503			6
2025.09.16	00:49:07.338	0.93452				2
2025.09.16	00:49:09.159	0.93451	0.93505			6
2025.09.16	00:49:09.599		0.93506			4
2025.09.16	00:49:12.564		0.93503			4
2025.09.16	00:49:17.621	0.93450	0.93504			6
2025.09.16	00:49:19.165		0.93501			4
2025.09.16	00:49:19.937		0.93502			4
2025.09.16	00:49:34.519	0.93449	0.93503			6
2025.09.16	00:49:37.777	0.93448	0.93502			6
2025.09.16	00:49:47.621	0.93449	0.93501			6
2025.09.16	00:49:47.942		0.93503			4
2025.09.16	00:49:52.337		0.93502			4
2025.09.16	00:49:54.473		0.93501			4
2025.09.16	00:49:58.172	0.93448				2
2025.09.16	00:50:00.307	0.93449				2
2025.09.16	00:50:04.177	0.93448				2
2025.09.16	00:50:09.157	0.93449				2
2025.09.16	00:50:22.543	0.93448				2
2025.09.16	00:50:23.980	0.93450				2
2025.09.16	00:50:29.488		0.93502			4
2025.09.16	00:50:34.161	0.93448	0.93504			6
2025.09.16	00:50:36.395	0.93449	0.93502			6
2025.09.16	00:50:39.471	0.93448				2
2025.09.16	00:50:41.576	0.93447	0.93503			6
2025.09.16	00:50:42.246	0.93448				2
2025.09.16	00:50:46.125	0.93447	0.93504			6
2025.09.16	00:50:47.539		0.93505			4
2025.09.16	00:50:49.948	0.93448				2
2025.09.16	00:50:52.719		0.93504			4
2025.09.16	00:50:56.421	0.93447	0.93506			6
2025.09.16	00:51:00.368	0.93447	0.93504			6
2025.09.16	00:51:02.995		0.93503			4
2025.09.16	00:51:06.539	0.93448				2
2025.09.16	00:51:08.681		0.93502			4
2025.09.16	00:51:09.525	0.93447	0.93503			6
2025.09.16	00:51:12.608	0.93446				2
2025.09.16	00:51:13.005		0.93504			4
2025.09.16	00:51:14.298	0.93447				2
2025.09.16	00:51:14.736		0.93505			4
2025.09.16	00:51:24.301	0.93449	0.93502			6
2025.09.16	00:51:28.630	0.93450				2
2025.09.16	00:51:29.300	0.93449	0.93504			6
2025.09.16	00:51:31.296	0.93450				2
2025.09.16	00:51:32.060	0.93451	0.93503			6
2025.09.16	00:51:33.491	0.93450	0.93502			6
2025.09.16	00:51:34.943	0.93451	0.93501			6
2025.09.16	00:51:35.311		0.93503			4
2025.09.16	00:51:36.558		0.93502			4
2025.09.16	00:51:37.240	0.93450	0.93503			6
2025.09.16	00:51:39.158	0.93451	0.93505			6
2025.09.16	00:51:40.067	0.93452	0.93503			6
2025.09.16	00:51:42.613		0.93502			4
2025.09.16	00:51:42.928		0.93498			4
2025.09.16	00:51:43.252		0.93502			4
2025.09.16	00:51:46.698		0.93503			4
2025.09.16	00:51:48.470		0.93500			4
2025.09.16	00:51:49.579		0.93501			4
2025.09.16	00:51:52.724	0.93453				2
2025.09.16	00:51:55.713	0.93452	0.93502			6
2025.09.16	00:51:57.420		0.93504			4
2025.09.16	00:51:59.717		0.93503			4
2025.09.16	00:52:03.219	0.93452				2
2025.09.16	00:52:08.320	0.93451	0.93504			6
2025.09.16	00:52:10.422	0.93452				2
2025.09.16	00:52:10.741	0.93451				2
2025.09.16	00:52:12.916	0.93452				2
2025.09.16	00:52:18.821		0.93503			4
2025.09.16	00:52:23.910	0.93451	0.93504			6
2025.09.16	00:52:26.024		0.93505			4
2025.09.16	00:52:29.018	0.93452	0.93504			6
2025.09.16	00:52:30.327		0.93501			4
2025.09.16	00:52:30.628		0.93503			4
2025.09.16	00:52:37.283	0.93453	0.93502			6
2025.09.16	00:52:37.829	0.93433	0.93516			6
2025.09.16	00:52:41.198	0.93453	0.93500			6
2025.09.16	00:52:43.672		0.93502			4
2025.09.16	00:52:45.375		0.93500			4
2025.09.16	00:52:49.529		0.93502			4
2025.09.16	00:52:50.031		0.93500			4
2025.09.16	00:52:50.531		0.93506			4
2025.09.16	00:52:50.837		0.93504			4
2025.09.16	00:52:54.283		0.93505			4
2025.09.16	00:52:57.548	0.93452	0.93503			6
2025.09.16	00:52:58.191	0.93451	0.93504			6
2025.09.16	00:53:00.319	0.93451				2
2025.09.16	00:53:04.335		0.93506			4
2025.09.16	00:53:04.907	0.93452				2
2025.09.16	00:53:11.021	0.93451	0.93507			6
2025.09.16	00:53:18.819		0.93506			4
2025.09.16	00:53:26.228	0.93450	0.93507			6
2025.09.16	00:53:29.634		0.93505			4
2025.09.16	00:53:34.943	0.93449	0.93508			6
2025.09.16	00:53:39.474		0.93506			4
2025.09.16	00:53:42.520	0.93450				2
2025.09.16	00:53:44.539	0.93449				2
2025.09.16	00:53:49.936	0.93450	0.93509			6
2025.09.16	00:53:50.539		0.93507			4
2025.09.16	00:53:55.357	0.93449				2
2025.09.16	00:53:57.613	0.93450				2
2025.09.16	00:54:01.729	0.93450				2
2025.09.16	00:54:08.319	0.93449				2
2025.09.16	00:54:09.472		0.93505			4
2025.09.16	00:54:31.757		0.93504			4
2025.09.16	00:54:32.290	0.93450	0.93505			6
2025.09.16	00:54:35.191	0.93449				2
2025.09.16	00:54:44.551		0.93509			4
2025.09.16	00:54:48.589	0.93450	0.93504			6
2025.09.16	00:54:49.233	0.93449				2
2025.09.16	00:54:51.163		0.93505			4
2025.09.16	00:55:01.752	0.93450	0.93503			6
2025.09.16	00:55:14.581		0.93502			4
2025.09.16	00:55:15.037	0.93449				2
2025.09.16	00:55:16.075	0.93450	0.93501			6
2025.09.16	00:55:17.091		0.93502			4
2025.09.16	00:55:18.620	0.93449	0.93506			6
2025.09.16	00:55:18.929	0.93450				2
2025.09.16	00:55:21.298	0.93452	0.93505			6
2025.09.16	00:55:23.185	0.93453	0.93504			6
2025.09.16	00:55:24.172		0.93506			4
2025.09.16	00:55:29.243	0.93451	0.93508			6
2025.09.16	00:55:30.415	0.93450	0.93509			6
2025.09.16	00:55:43.163	0.93452	0.93507			6
2025.09.16	00:55:55.434	0.93451	0.93508			6
2025.09.16	00:55:58.465	0.93450	0.93509			6
2025.09.16	00:56:00.501	0.93451	0.93508			6
2025.09.16	00:56:14.137	0.93450	0.93509			6
2025.09.16	00:56:20.963		0.93510			4
2025.09.16	00:56:25.770	0.93449	0.93498			6
2025.09.16	00:56:26.895	0.93450	0.93497			6
2025.09.16	00:56:27.608		0.93508			4
2025.09.16	00:56:54.520		0.93505			4
2025.09.16	00:57:00.278	0.93450				2
2025.09.16	00:57:04.111	0.93449	0.93506			6
2025.09.16	00:57:12.503		0.93505			4
2025.09.16	00:57:15.903	0.93451	0.93502			6
2025.09.16	00:57:17.691	0.93449	0.93503			6
2025.09.16	00:57:24.160		0.93502			4
2025.09.16	00:57:25.768		0.93503			4
2025.09.16	00:57:27.297	0.93448				2
2025.09.16	00:57:33.206	0.93447				2
2025.09.16	00:57:34.182	0.93445				2
2025.09.16	00:57:34.498		0.93490			4
2025.09.16	00:57:37.232	0.93446	0.93503			6
2025.09.16	00:57:39.160	0.93447	0.93491			6
2025.09.16	00:57:42.654		0.93501			4
2025.09.16	00:57:45.298	0.93448	0.93500			6
2025.09.16	00:57:45.815		0.93503			4
2025.09.16	00:57:48.227	0.93447				2
2025.09.16	00:57:49.207		0.93500			4
2025.09.16	00:57:53.323		0.93501			4
2025.09.16	00:57:54.599	0.93446				2
2025.09.16	00:57:57.038	0.93447	0.93503			6
2025.09.16	00:58:01.082	0.93447	0.93501			6
2025.09.16	00:58:02.679		0.93503			4
2025.09.16	00:58:07.417		0.93491			4
2025.09.16	00:58:08.671	0.93446				2
2025.09.16	00:58:12.407	0.93447	0.93503			6
2025.09.16	00:58:19.084	0.93446				2
2025.09.16	00:58:23.021		0.93502			4
2025.09.16	00:58:25.897	0.93447	0.93501			6
2025.09.16	00:58:27.461	0.93445	0.93491			6
2025.09.16	00:58:29.024	0.93447	0.93503			6
2025.09.16	00:58:30.665		0.93499			4
2025.09.16	00:58:34.652		0.93503			4
2025.09.16	00:58:37.446		0.93499			4
2025.09.16	00:58:38.587		0.93498			4
2025.09.16	00:58:42.454		0.93503			4
2025.09.16	00:58:46.946		0.93499			4
2025.09.16	00:58:52.508		0.93501			4
2025.09.16	00:58:52.809		0.93503			4
2025.09.16	00:58:54.079	0.93448				2
2025.09.16	00:58:55.164	0.93445	0.93492			6
2025.09.16	00:58:56.297	0.93446	0.93491			6
2025.09.16	00:58:58.761	0.93447	0.93499			6
2025.09.16	00:58:59.212	0.93446	0.93500			6
2025.09.16	00:59:04.963	0.93447	0.93502			6
2025.09.16	00:59:06.965	0.93448				2
2025.09.16	00:59:07.364		0.93498			4
2025.09.16	00:59:09.525	0.93449				2
2025.09.16	00:59:11.315	0.93445	0.93493			6
2025.09.16	00:59:12.393	0.93449	0.93497			6
2025.09.16	00:59:22.656	0.93448	0.93503			6
2025.09.16	00:59:23.008		0.93505			4
2025.09.16	00:59:30.144	0.93447	0.93502			6
2025.09.16	00:59:30.497		0.93503			4
2025.09.16	00:59:32.691		0.93496			4
2025.09.16	00:59:36.959	0.93439	0.93491			6
2025.09.16	00:59:37.482	0.93446				2
2025.09.16	00:59:38.713	0.93448	0.93494			6
2025.09.16	00:59:39.138	0.93446	0.93495			6
2025.09.16	00:59:39.561		0.93491			4
2025.09.16	00:59:43.213	0.93447				2
2025.09.16	00:59:46.123	0.93446				2
2025.09.16	00:59:47.908	0.93442	0.93492			6
2025.09.16	00:59:58.824	0.93441	0.93493			6
2025.09.16	00:59:59.831	0.93440				2
2025.09.16	01:00:00.299	0.93452	0.93503			6
2025.09.16	01:00:00.613	0.93451				2
2025.09.16	01:00:00.922	0.93452				2
2025.09.16	01:00:01.345	0.93451				2
2025.09.16	01:00:02.346	0.93453				2
2025.09.16	01:00:03.088	0.93455				2
2025.09.16	01:00:03.632	0.93447	0.93506			6
2025.09.16	01:00:04.861		0.93505			4
2025.09.16	01:00:05.165	0.93445	0.93503			6
2025.09.16	01:00:05.474	0.93447	0.93505			6
2025.09.16	01:00:06.076	0.93451	0.93510			6
2025.09.16	01:00:06.985	0.93457	0.93503			6
2025.09.16	01:00:10.405	0.93455				2
2025.09.16	01:00:15.563	0.93456				2
2025.09.16	01:00:16.617	0.93454	0.93498			6
2025.09.16	01:00:16.951		0.93500			4
2025.09.16	01:00:17.273	0.93461				2
2025.09.16	01:00:17.604	0.93456				2
2025.09.16	01:00:19.105	0.93457	0.93498			6
2025.09.16	01:00:20.146	0.93462	0.93503			6
2025.09.16	01:00:20.452		0.93502			4
2025.09.16	01:00:21.139		0.93499			4
2025.09.16	01:00:21.457	0.93461	0.93497			6
2025.09.16	01:00:22.538	0.93460				2
2025.09.16	01:00:23.374	0.93459				2
2025.09.16	01:00:23.733	0.93460				2
2025.09.16	01:00:24.104	0.93459				2
2025.09.16	01:00:24.599	0.93460				2
2025.09.16	01:00:26.938	0.93459				2
2025.09.16	01:00:27.854	0.93460				2
2025.09.16	01:00:28.784	0.93461				2
2025.09.16	01:00:29.770	0.93459				2
2025.09.16	01:00:30.428	0.93461				2
2025.09.16	01:00:31.025	0.93463				2
2025.09.16	01:00:31.446	0.93462				2
2025.09.16	01:00:34.653	0.93461				2
2025.09.16	01:00:34.971	0.93462				2
2025.09.16	01:00:35.827	0.93461				2
2025.09.16	01:00:37.111	0.93462				2
2025.09.16	01:00:37.880	0.93463				2
2025.09.16	01:00:39.053	0.93461				2
2025.09.16	01:00:39.369	0.93460				2
2025.09.16	01:00:41.440	0.93459				2
2025.09.16	01:00:43.607	0.93458	0.93496			6
2025.09.16	01:00:43.918	0.93461	0.93495			6
2025.09.16	01:00:44.293	0.93462				2
2025.09.16	01:00:45.582	0.93463				2
2025.09.16	01:00:45.921	0.93464				2
2025.09.16	01:00:46.226	0.93463				2
2025.09.16	01:00:47.122	0.93464				2
2025.09.16	01:00:50.920	0.93465				2
2025.09.16	01:00:51.657	0.93464				2
2025.09.16	01:00:52.227		0.93494			4
2025.09.16	01:00:52.546	0.93470				2
2025.09.16	01:00:52.859		0.93496			4
2025.09.16	01:00:53.321	0.93469				2
2025.09.16	01:00:55.278	0.93473				2
2025.09.16	01:00:56.221	0.93472				2
2025.09.16	01:00:57.247	0.93473				2
2025.09.16	01:00:58.227	0.93472				2
2025.09.16	01:00:58.855	0.93473				2
2025.09.16	01:00:59.237	0.93469				2
2025.09.16	01:01:00.306	0.93469				2
2025.09.16	01:01:02.996	0.93470	0.93495			6
2025.09.16	01:01:03.610		0.93493			4
2025.09.16	01:01:07.180		0.93495			4
2025.09.16	01:01:07.527		0.93493			4
2025.09.16	01:01:14.997	0.93469	0.93496			6
2025.09.16	01:01:15.743		0.93494			4
2025.09.16	01:01:16.635	0.93460				2
2025.09.16	01:01:17.385	0.93467				2
2025.09.16	01:01:18.221		0.93495			4
2025.09.16	01:01:22.499	0.93462				2
2025.09.16	01:01:23.165	0.93467				2
2025.09.16	01:01:24.121	0.93465	0.93494			6
2025.09.16	01:01:24.827	0.93466	0.93495			6
2025.09.16	01:01:25.144	0.93467				2
2025.09.16	01:01:26.248	0.93468				2
2025.09.16	01:01:27.637	0.93469				2
2025.09.16	01:01:32.468	0.93470				2
2025.09.16	01:01:32.771	0.93467				2
2025.09.16	01:01:33.077	0.93461	0.93488			6
2025.09.16	01:01:33.386	0.93457				2
2025.09.16	01:01:33.783		0.93487			4
2025.09.16	01:01:34.194	0.93458				2
2025.09.16	01:01:34.881		0.93489			4
2025.09.16	01:01:35.557		0.93490			4
2025.09.16	01:01:35.986		0.93489			4
2025.09.16	01:01:36.617	0.93459	0.93490			6
2025.09.16	01:01:37.163	0.93460	0.93491			6
2025.09.16	01:01:37.845	0.93459	0.93490			6
2025.09.16	01:01:38.482	0.93460				2
2025.09.16	01:01:40.793	0.93464	0.93493			6
2025.09.16	01:01:41.763	0.93463	0.93492			6
2025.09.16	01:01:42.117	0.93461				2
2025.09.16	01:01:42.444	0.93463				2
2025.09.16	01:01:43.268	0.93460	0.93493			6
2025.09.16	01:01:45.039	0.93461	0.93490			6
2025.09.16	01:01:45.386	0.93459	0.93491			6
2025.09.16	01:01:48.272	0.93465				2
2025.09.16	01:01:49.382	0.93463	0.93488			6
2025.09.16	01:01:49.698		0.93484			4
2025.09.16	01:01:53.618		0.93485			4
2025.09.16	01:01:54.253		0.93493			4
2025.09.16	01:01:54.735		0.93485			4
2025.09.16	01:02:00.555	0.93463				2
2025.09.16	01:02:01.006	0.93461				2
2025.09.16	01:02:06.968		0.93493			4
2025.09.16	01:02:07.372		0.93487			4
2025.09.16	01:02:08.274		0.93489			4
2025.09.16	01:02:08.583		0.93491			4
2025.09.16	01:02:09.346		0.93493			4
2025.09.16	01:02:10.352		0.93492			4
2025.09.16	01:02:13.163	0.93462	0.93491			6
2025.09.16	01:02:15.980		0.93493			4
2025.09.16	01:02:16.347		0.93492			4
2025.09.16	01:02:16.664		0.93493			4
2025.09.16	01:02:16.977		0.93492			4
2025.09.16	01:02:17.321		0.93493			4
2025.09.16	01:02:18.348	0.93458	0.93482			6
2025.09.16	01:02:23.919		0.93488			4
2025.09.16	01:02:26.050		0.93486			4
2025.09.16	01:02:26.352		0.93484			4
2025.09.16	01:02:28.120	0.93459				2
2025.09.16	01:02:29.620		0.93483			4
2025.09.16	01:02:30.819		0.93491			4
2025.09.16	01:02:32.718	0.93458				2
2025.09.16	01:02:33.217		0.93490			4
2025.09.16	01:02:34.187		0.93495			4
2025.09.16	01:02:34.502	0.93459	0.93492			6
2025.09.16	01:02:35.144	0.93463				2
2025.09.16	01:02:37.124		0.93490			4
2025.09.16	01:02:37.729	0.93464				2
2025.09.16	01:02:39.941	0.93459	0.93492			6
2025.09.16	01:02:40.954	0.93460	0.93487			6
2025.09.16	01:02:42.917	0.93461	0.93491			6
2025.09.16	01:02:45.558		0.93489			4
2025.09.16	01:02:46.645	0.93458				2
2025.09.16	01:02:46.962	0.93457	0.93488			6
2025.09.16	01:02:47.267	0.93458				2
2025.09.16	01:02:48.346	0.93467	0.93493			6
2025.09.16	01:02:48.650	0.93466				2
2025.09.16	01:02:48.971	0.93464	0.93492			6
2025.09.16	01:02:49.577	0.93465				2
2025.09.16	01:02:49.981	0.93469	0.93495			6
2025.09.16	01:02:50.345	0.93465				2
2025.09.16	01:02:51.377	0.93467	0.93498			6
2025.09.16	01:02:51.686	0.93468	0.93496			6
2025.09.16	01:02:52.011		0.93497			4
2025.09.16	01:02:52.547		0.93495			4
2025.09.16	01:02:53.805		0.93497			4
2025.09.16	01:02:56.349		0.93499			4
2025.09.16	01:02:56.716	0.93469				2
2025.09.16	01:02:58.117	0.93465				2
2025.09.16	01:03:00.242	0.93466	0.93497			6
2025.09.16	01:03:02.352	0.93464				2
2025.09.16	01:03:02.706	0.93465	0.93496			6
2025.09.16	01:03:03.681		0.93497			4
2025.09.16	01:03:06.352	0.93466				2
2025.09.16	01:03:07.782		0.93499			4
2025.09.16	01:03:08.759	0.93467	0.93496			6
2025.09.16	01:03:10.265	0.93466	0.93497			6
2025.09.16	01:03:11.197		0.93495			4
2025.09.16	01:03:12.063	0.93465				2
2025.09.16	01:03:12.378		0.93497			4
2025.09.16	01:03:13.853		0.93496			4
2025.09.16	01:03:14.381	0.93466				2
2025.09.16	01:03:15.518	0.93468	0.93497			6
2025.09.16	01:03:17.287	0.93472	0.93496			6
2025.09.16	01:03:17.636	0.93468				2
2025.09.16	01:03:20.852	0.93467				2
2025.09.16	01:03:29.309	0.93465	0.93491			6
2025.09.16	01:03:29.618	0.93462				2
2025.09.16	01:03:32.349	0.93463				2
2025.09.16	01:03:44.020	0.93467	0.93492			6
2025.09.16	01:03:44.351	0.93464	0.93490			6
2025.09.16	01:03:44.662	0.93463				2
2025.09.16	01:03:45.247	0.93466	0.93493			6
2025.09.16	01:03:46.044	0.93469				2
2025.09.16	01:03:47.011	0.93468				2
2025.09.16	01:03:49.498	0.93469				2
2025.09.16	01:03:51.219		0.93492			4
2025.09.16	01:03:58.635		0.93491			4
2025.09.16	01:04:00.425	0.93469				2
2025.09.16	01:04:03.300	0.93465				2
2025.09.16	01:04:05.743		0.93490			4
2025.09.16	01:04:06.406	0.93466				2
2025.09.16	01:04:07.298		0.93489			4
2025.09.16	01:04:08.091		0.93490			4
2025.09.16	01:04:13.719	0.93467				2
2025.09.16	01:04:16.942	0.93464	0.93488			6
2025.09.16	01:04:27.551		0.93486			4
2025.09.16	01:04:29.320		0.93487			4
2025.09.16	01:04:35.020		0.93486			4
2025.09.16	01:04:40.118	0.93465				2
2025.09.16	01:04:42.250	0.93462	0.93481			6
2025.09.16	01:04:42.569		0.93480			4
2025.09.16	01:04:44.940	0.93461				2
2025.09.16	01:04:47.402	0.93465	0.93484			6
2025.09.16	01:04:48.337	0.93460	0.93480			6
2025.09.16	01:04:48.957	0.93462	0.93483			6
2025.09.16	01:04:51.372	0.93463				2
2025.09.16	01:04:51.693	0.93457	0.93477			6
2025.09.16	01:04:53.199	0.93462	0.93483			6
2025.09.16	01:04:53.765		0.93482			4
2025.09.16	01:04:55.252	0.93461	0.93478			6
2025.09.16	01:04:56.075	0.93462	0.93480			6
2025.09.16	01:04:57.627	0.93463				2
2025.09.16	01:04:57.940	0.93461	0.93479			6
2025.09.16	01:05:00.410	0.93458	0.93476			6
2025.09.16	01:05:00.729		0.93477			4
2025.09.16	01:05:02.046	0.93459	0.93479			6
2025.09.16	01:05:03.881	0.93462	0.93481			6
2025.09.16	01:05:06.183		0.93482			4
2025.09.16	01:05:08.503	0.93463	0.93484			6
2025.09.16	01:05:11.127	0.93464				2
2025.09.16	01:05:11.435	0.93463				2
2025.09.16	01:05:12.646	0.93464				2
2025.09.16	01:05:13.737		0.93483			4
2025.09.16	01:05:14.040	0.93463				2
2025.09.16	01:05:16.119		0.93485			4
2025.09.16	01:05:16.438		0.93484			4
2025.09.16	01:05:23.019		0.93483			4
2025.09.16	01:05:25.419	0.93462	0.93482			6
2025.09.16	01:05:27.819	0.93463				2
2025.09.16	01:05:30.410	0.93462				2
2025.09.16	01:05:31.892	0.93464				2
2025.09.16	01:05:35.389	0.93463				2
2025.09.16	01:05:37.720		0.93484			4
2025.09.16	01:06:00.219	0.93463	0.93483			6
2025.09.16	01:06:00.537		0.93484			4
2025.09.16	01:06:01.531		0.93483			4
2025.09.16	01:06:01.889		0.93484			4
2025.09.16	01:06:24.899		0.93483			4
2025.09.16	01:06:35.019		0.93482			4
2025.09.16	01:07:01.121	0.93463				2
2025.09.16	01:07:14.251		0.93484			4
2025.09.16	01:07:19.801		0.93482			4
2025.09.16	01:07:20.779		0.93484			4
2025.09.16	01:07:24.524		0.93483			4
2025.09.16	01:07:25.189	0.93461	0.93482			6
2025.09.16	01:07:26.619		0.93481			4
2025.09.16	01:07:38.727	0.93462	0.93480			6
2025.09.16	01:07:48.881	0.93463	0.93482			6
2025.09.16	01:07:50.022		0.93481			4
2025.09.16	01:07:52.719		0.93482			4
2025.09.16	01:07:59.172		0.93483			4
2025.09.16	01:08:02.896	0.93463				2
2025.09.16	01:08:04.119		0.93484			4
2025.09.16	01:08:08.019		0.93483			4
2025.09.16	01:08:24.932	0.93464	0.93485			6
2025.09.16	01:08:27.819		0.93486			4
2025.09.16	01:08:32.277		0.93483			4
2025.09.16	01:08:34.418	0.93463				2
2025.09.16	01:08:57.450	0.93461	0.93481			6
2025.09.16	01:08:59.319		0.93480			4
2025.09.16	01:09:00.420	0.93461				2
2025.09.16	01:09:03.481	0.93460	0.93481			6
2025.09.16	01:09:09.284	0.93465	0.93486			6
2025.09.16	01:09:09.599		0.93487			4
2025.09.16	01:09:10.768		0.93486			4
2025.09.16	01:09:11.568		0.93487			4
2025.09.16	01:09:14.386		0.93486			4
2025.09.16	01:09:14.919	0.93466				2
2025.09.16	01:09:16.962		0.93485			4
2025.09.16	01:09:17.319		0.93486			4
2025.09.16	01:09:18.518	0.93467	0.93487			6
2025.09.16	01:09:24.392		0.93488			4
2025.09.16	01:09:28.946	0.93466	0.93487			6
2025.09.16	01:09:31.737	0.93467				2
2025.09.16	01:09:33.289	0.93466				2
2025.09.16	01:09:34.529		0.93486			4
2025.09.16	01:09:34.855		0.93487			4
2025.09.16	01:09:35.746	0.93468	0.93486			6
2025.09.16	01:09:36.299		0.93487			4
2025.09.16	01:09:37.319	0.93469	0.93488			6
2025.09.16	01:09:38.284	0.93467	0.93490			6
2025.09.16	01:09:38.593		0.93489			4
2025.09.16	01:09:39.240	0.93469	0.93490			6
2025.09.16	01:09:40.656		0.93489			4
2025.09.16	01:09:47.092	0.93470	0.93488			6
2025.09.16	01:09:48.819	0.93469	0.93489			6
2025.09.16	01:09:54.600	0.93470	0.93488			6
2025.09.16	01:09:55.722	0.93469	0.93489			6
2025.09.16	01:09:58.193	0.93471	0.93491			6
2025.09.16	01:09:58.716	0.93474				2
2025.09.16	01:10:00.399	0.93472				2
2025.09.16	01:10:02.146		0.93490			4
2025.09.16	01:10:20.627	0.93471				2
2025.09.16	01:10:24.383		0.93491			4
2025.09.16	01:10:26.840		0.93490			4
2025.09.16	01:10:30.820	0.93470	0.93489			6
2025.09.16	01:10:31.121	0.93471	0.93488			6
2025.09.16	01:10:31.428		0.93489			4
2025.09.16	01:10:32.767		0.93490			4
2025.09.16	01:10:43.731		0.93489			4
2025.09.16	01:10:45.877		0.93488			4
2025.09.16	01:10:46.912	0.93472	0.93492			6
2025.09.16	01:10:47.306		0.93491			4
2025.09.16	01:10:50.089	0.93470	0.93489			6
2025.09.16	01:10:50.621	0.93475	0.93494			6
2025.09.16	01:10:51.036		0.93493			4
2025.09.16	01:10:51.686	0.93477	0.93496			6
2025.09.16	01:10:53.409	0.93476				2
2025.09.16	01:10:53.894	0.93477				2
2025.09.16	01:10:54.312	0.93479	0.93495			6
2025.09.16	01:10:59.488	0.93477	0.93496			6
2025.09.16	01:11:00.853	0.93477				2
2025.09.16	01:11:08.345		0.93497			4
2025.09.16	01:11:10.217	0.93476	0.93495			6
2025.09.16	01:11:10.559	0.93471	0.93490			6
2025.09.16	01:11:11.019		0.93489			4
2025.09.16	01:11:12.252	0.93474	0.93491			6
2025.09.16	01:11:13.182	0.93471	0.93489			6
2025.09.16	01:11:13.922	0.93474	0.93490			6
2025.09.16	01:11:14.988	0.93473				2
2025.09.16	01:11:16.024	0.93472				2
2025.09.16	01:11:16.404	0.93475	0.93491			6
2025.09.16	01:11:17.947		0.93492			4
2025.09.16	01:11:18.994	0.93476	0.93491			6
2025.09.16	01:11:20.317		0.93492			4
2025.09.16	01:11:20.641	0.93474	0.93493			6
2025.09.16	01:11:21.169		0.93492			4
2025.09.16	01:11:26.020		0.93491			4
2025.09.16	01:11:28.120	0.93475	0.93492			6
2025.09.16	01:11:29.919		0.93493			4
2025.09.16	01:11:30.436		0.93492			4
2025.09.16	01:11:32.648		0.93493			4
2025.09.16	01:11:32.971	0.93474				2
2025.09.16	01:11:33.785	0.93473	0.93491			6
2025.09.16	01:11:34.216	0.93474	0.93490			6
2025.09.16	01:11:35.622	0.93473				2
2025.09.16	01:11:40.357		0.93491			4
2025.09.16	01:11:40.788		0.93490			4
2025.09.16	01:11:41.217		0.93491			4
2025.09.16	01:11:49.220		0.93490			4
2025.09.16	01:11:49.647		0.93491			4
2025.09.16	01:11:50.081		0.93490			4
2025.09.16	01:11:58.217		0.93491			4
2025.09.16	01:11:59.179	0.93472	0.93492			6
2025.09.16	01:12:00.034	0.93472	0.93491			6
2025.09.16	01:12:00.622	0.93473				2
2025.09.16	01:12:01.297	0.93470	0.93489			6
2025.09.16	01:12:02.693		0.93487			4
2025.09.16	01:12:06.447	0.93471	0.93490			6
2025.09.16	01:12:08.019	0.93472	0.93487			6
2025.09.16	01:12:11.331	0.93471	0.93490			6
2025.09.16	01:12:11.643		0.93489			4
2025.09.16	01:12:13.119	0.93473	0.93488			6
2025.09.16	01:12:13.441		0.93490			4
2025.09.16	01:12:14.548		0.93489			4
2025.09.16	01:12:15.821	0.93472				2
2025.09.16	01:12:17.019	0.93473				2
2025.09.16	01:12:26.619	0.93472				2
2025.09.16	01:12:29.993		0.93488			4
2025.09.16	01:12:35.265	0.93473	0.93487			6
2025.09.16	01:12:36.680		0.93489			4
2025.09.16	01:12:44.575		0.93490			4
2025.09.16	01:12:46.760		0.93491			4
2025.09.16	01:12:48.821	0.93474				2
2025.09.16	01:13:00.644	0.93473	0.93490			6
2025.09.16	01:13:01.887	0.93474				2
2025.09.16	01:13:02.315		0.93491			4
2025.09.16	01:13:03.401		0.93489			4
2025.09.16	01:13:05.628		0.93490			4
2025.09.16	01:13:27.441		0.93489			4
2025.09.16	01:13:27.803	0.93475				2
2025.09.16	01:13:28.345	0.93474				2
2025.09.16	01:13:32.478	0.93475				2
2025.09.16	01:13:32.818	0.93474				2
2025.09.16	01:13:33.792		0.93488			4
2025.09.16	01:13:35.620		0.93489			4
2025.09.16	01:13:41.487		0.93491			4
2025.09.16	01:13:42.736		0.93490			4
2025.09.16	01:13:43.344		0.93491			4
2025.09.16	01:13:43.950		0.93490			4
2025.09.16	01:13:45.574		0.93489			4
2025.09.16	01:13:48.518	0.93475	0.93488			6
2025.09.16	01:13:50.087	0.93474				2
2025.09.16	01:13:50.473		0.93490			4
2025.09.16	01:13:54.129		0.93488			4
2025.09.16	01:13:56.920		0.93489			4
2025.09.16	01:14:01.432	0.93474	0.93488			6
2025.09.16	01:14:03.226	0.93473	0.93487			6
2025.09.16	01:14:06.937	0.93472	0.93488			6
2025.09.16	01:14:09.220		0.93487			4
2025.09.16	01:14:16.682	0.93471				2
2025.09.16	01:14:17.920		0.93486			4
2025.09.16	01:14:20.018		0.93487			4
2025.09.16	01:14:21.819		0.93488			4
2025.09.16	01:14:22.141		0.93486			4
2025.09.16	01:14:22.906		0.93485			4
2025.09.16	01:14:28.857		0.93486			4
2025.09.16	01:14:32.037	0.93472	0.93487			6
2025.09.16	01:14:33.082		0.93488			4
2025.09.16	01:14:36.362		0.93487			4
2025.09.16	01:14:38.319		0.93488			4
2025.09.16	01:14:38.694	0.93471				2
2025.09.16	01:14:42.377		0.93486			4
2025.09.16	01:14:42.689		0.93485			4
2025.09.16	01:14:44.020	0.93470				2
2025.09.16	01:14:56.907		0.93486			4
2025.09.16	01:14:58.194	0.93471	0.93485			6
2025.09.16	01:15:00.380	0.93470	0.93484			6
2025.09.16	01:15:03.519		0.93483			4
2025.09.16	01:15:05.620	0.93469	0.93484			6
2025.09.16	01:15:07.119	0.93470	0.93483			6
2025.09.16	01:15:30.477	0.93469				2
2025.09.16	01:15:31.860	0.93470	0.93482			6
2025.09.16	01:15:32.546		0.93483			4
2025.09.16	01:15:34.563	0.93469				2
2025.09.16	01:15:37.724		0.93482			4
2025.09.16	01:15:43.937		0.93483			4
2025.09.16	01:15:44.664		0.93482			4
2025.09.16	01:15:49.397		0.93483			4
2025.09.16	01:15:52.376		0.93484			4
2025.09.16	01:15:53.452	0.93470				2
2025.09.16	01:15:55.589		0.93485			4
2025.09.16	01:15:57.176		0.93484			4
2025.09.16	01:15:58.720		0.93485			4
2025.09.16	01:16:00.219	0.93470				2
2025.09.16	01:16:01.833		0.93484			4
2025.09.16	01:16:02.871		0.93485			4
2025.09.16	01:16:03.821		0.93483			4
2025.09.16	01:16:04.507		0.93482			4
2025.09.16	01:16:07.419	0.93471				2
2025.09.16	01:16:08.886	0.93470	0.93483			6
2025.09.16	01:16:10.264		0.93482			4
2025.09.16	01:16:12.158		0.93483			4
2025.09.16	01:16:13.720	0.93471	0.93482			6
2025.09.16	01:16:15.268	0.93470	0.93483			6
2025.09.16	01:16:17.318		0.93482			4
2025.09.16	01:16:24.494	0.93469				2
2025.09.16	01:16:25.719	0.93470				2
2025.09.16	01:16:27.220	0.93469				2
2025.09.16	01:16:28.787	0.93470				2
2025.09.16	01:16:30.220	0.93469				2
2025.09.16	01:16:31.841	0.93470				2
2025.09.16	01:16:33.520	0.93469				2
2025.09.16	01:16:35.023	0.93470				2
2025.09.16	01:16:36.521	0.93469				2
2025.09.16	01:16:38.113	0.93470				2
2025.09.16	01:16:39.520	0.93469				2
2025.09.16	01:16:42.219	0.93470				2
2025.09.16	01:16:43.724	0.93469				2
2025.09.16	01:16:46.337	0.93470				2
2025.09.16	01:16:49.140	0.93471	0.93484			6
2025.09.16	01:16:56.767		0.93485			4
2025.09.16	01:16:58.419		0.93484			4
2025.09.16	01:16:59.875		0.93485			4
2025.09.16	01:17:01.121	0.93471	0.93484			6
2025.09.16	01:17:04.005		0.93483			4
2025.09.16	01:17:05.340		0.93484			4
2025.09.16	01:17:05.833		0.93483			4
2025.09.16	01:17:06.639		0.93484			4
2025.09.16	01:17:07.081		0.93483			4
2025.09.16	01:17:07.540		0.93485			4
2025.09.16	01:17:07.840		0.93484			4
2025.09.16	01:17:26.340	0.93470				2
2025.09.16	01:17:26.669	0.93471	0.93483			6
2025.09.16	01:17:28.373	0.93470	0.93484			6
2025.09.16	01:17:28.680		0.93483			4
2025.09.16	01:17:30.741		0.93485			4
2025.09.16	01:17:32.021	0.93471	0.93484			6
2025.09.16	01:17:32.779		0.93485			4
2025.09.16	01:17:34.420		0.93484			4
2025.09.16	01:17:37.044	0.93470	0.93485			6
2025.09.16	01:17:37.490	0.93471	0.93484			6
2025.09.16	01:17:45.089	0.93470				2
2025.09.16	01:17:45.443	0.93471				2
2025.09.16	01:17:49.228	0.93470				2
2025.09.16	01:17:49.561	0.93471				2
2025.09.16	01:17:51.300	0.93470				2
2025.09.16	01:17:52.190		0.93485			4
2025.09.16	01:17:52.535	0.93471	0.93484			6
2025.09.16	01:17:56.486	0.93470				2
2025.09.16	01:17:57.800	0.93471				2
2025.09.16	01:18:01.732	0.93471				2
2025.09.16	01:18:02.572	0.93470				2
2025.09.16	01:18:02.951	0.93471				2
2025.09.16	01:18:06.818	0.93470	0.93485			6
2025.09.16	01:18:07.963	0.93471	0.93483			6
2025.09.16	01:18:09.820		0.93484			4
2025.09.16	01:18:17.019		0.93483			4
2025.09.16	01:18:18.219	0.93470	0.93484			6
2025.09.16	01:18:20.022	0.93471	0.93483			6
2025.09.16	01:18:21.206		0.93484			4
2025.09.16	01:18:23.019		0.93483			4
2025.09.16	01:18:25.421		0.93484			4
2025.09.16	01:18:27.574		0.93483			4
2025.09.16	01:18:29.516		0.93484			4
2025.09.16	01:18:31.657	0.93473	0.93486			6
2025.09.16	01:18:32.671	0.93474	0.93487			6
2025.09.16	01:18:34.828		0.93488			4
2025.09.16	01:18:38.920	0.93475	0.93487			6
2025.09.16	01:18:41.020	0.93474	0.93488			6
2025.09.16	01:18:42.521	0.93475	0.93487			6
2025.09.16	01:18:45.183	0.93474				2
2025.09.16	01:18:45.497	0.93476				2
2025.09.16	01:18:47.494	0.93475				2
2025.09.16	01:19:00.618	0.93472				2
2025.09.16	01:19:08.040	0.93474				2
2025.09.16	01:19:12.217		0.93486			4
2025.09.16	01:19:16.120		0.93487			4
2025.09.16	01:19:20.659	0.93475				2
2025.09.16	01:19:36.069	0.93477	0.93488			6
2025.09.16	01:19:41.096	0.93475				2
2025.09.16	01:19:41.408	0.93476	0.93487			6
2025.09.16	01:20:00.381	0.93476				2
2025.09.16	01:20:00.728	0.93475	0.93488			6
2025.09.16	01:20:03.482	0.93476	0.93487			6
2025.09.16	01:20:03.947	0.93475	0.93488			6
2025.09.16	01:20:04.803	0.93476				2
2025.09.16	01:20:05.108		0.93487			4
2025.09.16	01:20:08.592	0.93477	0.93488			6
2025.09.16	01:20:09.651	0.93476				2
2025.09.16	01:20:11.720	0.93477	0.93487			6
2025.09.16	01:20:12.076	0.93476	0.93488			6
2025.09.16	01:20:12.651	0.93477				2
2025.09.16	01:20:13.016	0.93476				2
2025.09.16	01:20:14.862	0.93477				2
2025.09.16	01:20:20.116		0.93489			4
2025.09.16	01:20:20.479		0.93488			4
2025.09.16	01:20:30.765	0.93479	0.93490			6
2025.09.16	01:20:37.036	0.93477				2
2025.09.16	01:20:38.140	0.93478				2
2025.09.16	01:20:39.138	0.93477	0.93491			6
2025.09.16	01:20:40.213		0.93490			4
2025.09.16	01:20:45.143	0.93476	0.93489			6
2025.09.16	01:20:45.456	0.93477				2
2025.09.16	01:20:52.158		0.93490			4
2025.09.16	01:21:00.750	0.93477				2
2025.09.16	01:21:06.171	0.93478				2
2025.09.16	01:21:07.074	0.93477				2
2025.09.16	01:21:08.047	0.93478				2
2025.09.16	01:21:10.851		0.93489			4
2025.09.16	01:21:12.255	0.93477				2
2025.09.16	01:21:15.833	0.93478				2
2025.09.16	01:21:21.577	0.93477				2
2025.09.16	01:21:22.740	0.93478				2
2025.09.16	01:21:25.736	0.93479	0.93491			6
2025.09.16	01:21:27.010	0.93480				2
2025.09.16	01:21:28.922		0.93492			4
2025.09.16	01:21:29.232		0.93491			4
2025.09.16	01:21:33.229		0.93492			4
2025.09.16	01:21:35.022		0.93493			4
2025.09.16	01:21:35.492		0.93492			4
2025.09.16	01:21:50.684		0.93493			4
2025.09.16	01:21:51.031		0.93492			4
2025.09.16	01:22:00.157	0.93480				2
2025.09.16	01:22:00.457	0.93479				2
2025.09.16	01:22:01.190	0.93478				2
2025.09.16	01:22:01.727		0.93491			4
2025.09.16	01:22:02.417	0.93479				2
2025.09.16	01:22:07.321	0.93478				2
2025.09.16	01:22:08.439		0.93489			4
2025.09.16	01:22:09.808	0.93474	0.93486			6
2025.09.16	01:22:10.879	0.93475				2
2025.09.16	01:22:11.201	0.93478	0.93489			6
2025.09.16	01:22:12.489	0.93474	0.93487			6
2025.09.16	01:22:14.346	0.93475	0.93486			6
2025.09.16	01:22:14.703	0.93474	0.93487			6
2025.09.16	01:22:32.845		0.93488			4
2025.09.16	01:22:34.328	0.93473				2
2025.09.16	01:22:36.390	0.93474				2
2025.09.16	01:22:37.437		0.93487			4
2025.09.16	01:23:00.501	0.93474	0.93488			6
2025.09.16	01:23:02.975		0.93487			4
2025.09.16	01:23:03.518	0.93473	0.93488			6
2025.09.16	01:23:04.016	0.93474				2
2025.09.16	01:23:13.339	0.93473	0.93487			6
2025.09.16	01:23:14.372	0.93474	0.93488			6
2025.09.16	01:23:16.449	0.93475				2
2025.09.16	01:23:18.517		0.93487			4
2025.09.16	01:23:20.123	0.93474				2
2025.09.16	01:23:20.437		0.93488			4
2025.09.16	01:23:24.349		0.93487			4
2025.09.16	01:23:24.818		0.93488			4
2025.09.16	01:23:34.520	0.93472	0.93485			6
2025.09.16	01:23:35.269	0.93473	0.93486			6
2025.09.16	01:23:36.071	0.93474				2
2025.09.16	01:23:38.117		0.93485			4
2025.09.16	01:23:38.534		0.93486			4
2025.09.16	01:23:39.261	0.93473				2
2025.09.16	01:23:40.294	0.93474				2
2025.09.16	01:23:40.607	0.93473				2
2025.09.16	01:23:42.070	0.93474				2
2025.09.16	01:23:42.576	0.93473	0.93488			6
2025.09.16	01:23:43.023	0.93474	0.93487			6
2025.09.16	01:23:52.615	0.93473	0.93488			6
2025.09.16	01:23:54.656	0.93474	0.93487			6
2025.09.16	01:23:57.523	0.93473	0.93488			6
2025.09.16	01:23:59.866	0.93474	0.93487			6
2025.09.16	01:24:00.192	0.93474				2
2025.09.16	01:24:00.911	0.93475				2
2025.09.16	01:24:01.219	0.93474	0.93488			6
2025.09.16	01:24:03.298	0.93476	0.93487			6
2025.09.16	01:24:05.022		0.93488			4
2025.09.16	01:24:06.185		0.93487			4
2025.09.16	01:24:06.573		0.93488			4
2025.09.16	01:24:07.228		0.93487			4
2025.09.16	01:24:07.610		0.93488			4
2025.09.16	01:24:08.277		0.93487			4
2025.09.16	01:24:08.647		0.93488			4
2025.09.16	01:24:09.317		0.93487			4
2025.09.16	01:24:09.682		0.93488			4
2025.09.16	01:24:10.360		0.93487			4
2025.09.16	01:24:10.719		0.93488			4
2025.09.16	01:24:11.405		0.93487			4
2025.09.16	01:24:11.756		0.93488			4
2025.09.16	01:24:12.449		0.93487			4
2025.09.16	01:24:12.793		0.93488			4
2025.09.16	01:24:13.493		0.93487			4
2025.09.16	01:24:13.833		0.93488			4
2025.09.16	01:24:14.433	0.93477				2
2025.09.16	01:24:15.579		0.93487			4
2025.09.16	01:24:15.901		0.93488			4
2025.09.16	01:24:16.624		0.93487			4
2025.09.16	01:24:16.936		0.93488			4
2025.09.16	01:24:33.016		0.93487			4
2025.09.16	01:24:33.551	0.93478	0.93488			6
2025.09.16	01:24:42.689		0.93487			4
2025.09.16	01:24:43.718		0.93488			4
2025.09.16	01:24:45.674		0.93487			4
2025.09.16	01:24:45.979		0.93488			4
2025.09.16	01:24:48.336	0.93476	0.93487			6
2025.09.16	01:24:48.707	0.93475	0.93488			6
2025.09.16	01:24:51.422		0.93487			4
2025.09.16	01:24:51.815		0.93488			4
2025.09.16	01:25:00.552	0.93475				2
2025.09.16	01:25:07.676		0.93487			4
2025.09.16	01:25:07.998		0.93488			4
2025.09.16	01:25:11.774		0.93487			4
2025.09.16	01:25:12.142		0.93488			4
2025.09.16	01:25:32.708		0.93487			4
2025.09.16	01:25:34.419		0.93488			4
2025.09.16	01:25:35.494	0.93477	0.93486			6
2025.09.16	01:25:45.356	0.93475	0.93485			6
2025.09.16	01:25:47.451		0.93486			4
2025.09.16	01:26:00.368	0.93475				2
2025.09.16	01:26:02.348	0.93477				2
2025.09.16	01:26:05.784	0.93474				2
2025.09.16	01:26:07.120	0.93475				2
2025.09.16	01:26:21.819	0.93474	0.93487			6
2025.09.16	01:26:32.304	0.93475				2
2025.09.16	01:26:39.819		0.93486			4
2025.09.16	01:26:45.692	0.93478				2
2025.09.16	01:26:48.471	0.93473	0.93487			6
2025.09.16	01:26:49.528	0.93475				2
2025.09.16	01:26:50.657		0.93486			4
2025.09.16	01:26:58.721		0.93487			4
2025.09.16	01:27:00.502	0.93475	0.93486			6
2025.09.16	01:27:03.449		0.93487			4
2025.09.16	01:27:04.918	0.93477				2
2025.09.16	01:27:05.677		0.93486			4
2025.09.16	01:27:07.718	0.93474				2
2025.09.16	01:27:08.020		0.93487			4
2025.09.16	01:27:08.468	0.93477				2
2025.09.16	01:27:10.856		0.93486			4
2025.09.16	01:27:12.821		0.93487			4
2025.09.16	01:27:14.997		0.93486			4
2025.09.16	01:27:17.320		0.93487			4
2025.09.16	01:27:19.376	0.93476				2
2025.09.16	01:27:26.119		0.93488			4
2025.09.16	01:27:27.744		0.93487			4
2025.09.16	01:27:29.836	0.93478				2
2025.09.16	01:27:30.982	0.93479				2
2025.09.16	01:27:31.967	0.93478				2
2025.09.16	01:27:34.918	0.93476				2
2025.09.16	01:27:36.192	0.93477				2
2025.09.16	01:27:44.900	0.93478	0.93490			6
2025.09.16	01:27:45.464		0.93489			4
2025.09.16	01:27:48.961	0.93480				2
2025.09.16	01:27:54.878		0.93490			4
2025.09.16	01:28:00.974	0.93479				2
2025.09.16	01:28:19.672	0.93475				2
2025.09.16	01:28:20.417	0.93479				2
2025.09.16	01:28:25.419		0.93489			4
2025.09.16	01:28:47.180	0.93482	0.93490			6
2025.09.16	01:28:47.536	0.93479				2
2025.09.16	01:28:48.684	0.93480				2
2025.09.16	01:28:48.984		0.93489			4
2025.09.16	01:28:49.345	0.93482				2
2025.09.16	01:28:50.314	0.93480				2
2025.09.16	01:28:50.695	0.93482				2
2025.09.16	01:28:51.122	0.93480				2
2025.09.16	01:28:52.347		0.93490			4
2025.09.16	01:28:57.551	0.93479				2
2025.09.16	01:29:00.339	0.93479				2
2025.09.16	01:29:06.026	0.93477				2
2025.09.16	01:29:06.684	0.93479				2
2025.09.16	01:29:46.220		0.93489			4
2025.09.16	01:29:48.224	0.93477				2
2025.09.16	01:29:51.340	0.93478				2
2025.09.16	01:30:00.856	0.93478				2
2025.09.16	01:30:03.167	0.93480	0.93488			6
2025.09.16	01:30:06.498	0.93478	0.93489			6
2025.09.16	01:30:08.610	0.93476	0.93487			6
2025.09.16	01:30:09.020	0.93475				2
2025.09.16	01:30:12.126		0.93486			4
2025.09.16	01:30:14.831		0.93487			4
2025.09.16	01:30:19.380		0.93486			4
2025.09.16	01:30:27.822	0.93474	0.93487			6
2025.09.16	01:30:35.123	0.93480	0.93488			6
2025.09.16	01:30:37.426		0.93489			4
2025.09.16	01:30:39.316		0.93488			4
2025.09.16	01:30:43.696	0.93476	0.93489			6
2025.09.16	01:30:44.175	0.93478	0.93490			6
2025.09.16	01:30:46.790	0.93480				2
2025.09.16	01:30:50.514	0.93481				2
2025.09.16	01:30:50.926	0.93479	0.93489			6
2025.09.16	01:30:53.621		0.93490			4
2025.09.16	01:30:54.050		0.93489			4
2025.09.16	01:31:00.268	0.93479				2
2025.09.16	01:31:01.415	0.93478				2
2025.09.16	01:31:02.707		0.93488			4
2025.09.16	01:31:06.821		0.93489			4
2025.09.16	01:31:07.318	0.93477	0.93487			6
2025.09.16	01:31:10.664	0.93476				2
2025.09.16	01:31:11.959	0.93477	0.93488			6
2025.09.16	01:31:15.859		0.93487			4
2025.09.16	01:31:20.050		0.93488			4
2025.09.16	01:31:31.324		0.93487			4
2025.09.16	01:31:33.142	0.93475	0.93488			6
2025.09.16	01:31:37.983		0.93487			4
2025.09.16	01:31:40.711	0.93474	0.93486			6
2025.09.16	01:31:47.328		0.93485			4
2025.09.16	01:31:53.404		0.93486			4
2025.09.16	01:31:54.390		0.93485			4
2025.09.16	01:31:56.476		0.93484			4
2025.09.16	01:31:56.778		0.93485			4
2025.09.16	01:31:57.519		0.93486			4
2025.09.16	01:31:58.351		0.93485			4
2025.09.16	01:31:58.864		0.93486			4
2025.09.16	01:31:59.637		0.93485			4
2025.09.16	01:32:00.676	0.93474				2
2025.09.16	01:32:06.780	0.93477	0.93486			6
2025.09.16	01:32:08.320		0.93487			4
2025.09.16	01:32:09.918		0.93486			4
2025.09.16	01:32:12.519		0.93487			4
2025.09.16	01:32:18.176	0.93474	0.93486			6
2025.09.16	01:32:19.326		0.93485			4
2025.09.16	01:32:32.159	0.93475				2
2025.09.16	01:32:33.435		0.93486			4
2025.09.16	01:32:42.700	0.93477				2
2025.09.16	01:32:50.334	0.93475				2
2025.09.16	01:33:00.591	0.93475				2
2025.09.16	01:33:10.222	0.93474				2
2025.09.16	01:33:21.381		0.93485			4
2025.09.16	01:33:25.419		0.93486			4
2025.09.16	01:33:35.619		0.93485			4
2025.09.16	01:33:44.253	0.93473				2
2025.09.16	01:33:47.404		0.93484			4
2025.09.16	01:33:49.323		0.93485			4
2025.09.16	01:34:00.883	0.93473				2
2025.09.16	01:34:11.635	0.93472				2
2025.09.16	01:34:21.727		0.93484			4
2025.09.16	01:34:22.124		0.93485			4
2025.09.16	01:34:27.176		0.93484			4
2025.09.16	01:34:29.326		0.93485			4
2025.09.16	01:34:59.958	0.93473				2
2025.09.16	01:35:00.355	0.93472				2
2025.09.16	01:35:02.360		0.93484			4
2025.09.16	01:35:12.718		0.93485			4
2025.09.16	01:35:13.551		0.93484			4
2025.09.16	01:35:14.982		0.93485			4
2025.09.16	01:35:20.022		0.93484			4
2025.09.16	01:35:21.196		0.93485			4
2025.09.16	01:35:22.037		0.93484			4
2025.09.16	01:35:24.141	0.93469	0.93482			6
2025.09.16	01:35:24.451		0.93483			4
2025.09.16	01:35:27.236		0.93482			4
2025.09.16	01:35:27.597		0.93483			4
2025.09.16	01:35:33.534		0.93481			4
2025.09.16	01:35:43.405		0.93482			4
2025.09.16	01:35:50.262		0.93481			4
2025.09.16	01:35:50.578		0.93482			4
2025.09.16	01:36:00.450	0.93469	0.93481			6
2025.09.16	01:36:00.760		0.93482			4
2025.09.16	01:36:01.256	0.93467	0.93480			6
2025.09.16	01:36:09.937		0.93481			4
2025.09.16	01:36:11.727		0.93480			4
2025.09.16	01:36:12.141		0.93481			4
2025.09.16	01:36:21.096		0.93480			4
2025.09.16	01:36:21.430	0.93468				2
2025.09.16	01:36:22.499		0.93481			4
2025.09.16	01:36:26.462	0.93469				2
2025.09.16	01:36:27.476	0.93470				2
2025.09.16	01:36:28.582		0.93480			4
2025.09.16	01:36:31.824		0.93481			4
2025.09.16	01:36:36.272	0.93471				2
2025.09.16	01:36:39.726		0.93480			4
2025.09.16	01:36:40.104		0.93481			4
2025.09.16	01:36:47.725	0.93468				2
2025.09.16	01:36:49.528	0.93471				2
2025.09.16	01:36:53.919		0.93482			4
2025.09.16	01:37:00.855	0.93471				2
2025.09.16	01:37:03.472	0.93469				2
2025.09.16	01:37:13.150		0.93481			4
2025.09.16	01:37:13.518		0.93482			4
2025.09.16	01:37:21.071		0.93481			4
2025.09.16	01:37:31.815		0.93480			4
2025.09.16	01:37:32.156		0.93481			4
2025.09.16	01:37:41.164		0.93480			4
2025.09.16	01:37:41.477		0.93481			4
2025.09.16	01:37:43.176		0.93480			4
2025.09.16	01:37:43.553		0.93482			4
2025.09.16	01:37:50.282	0.93470	0.93483			6
2025.09.16	01:37:50.585		0.93484			4
2025.09.16	01:37:52.346		0.93483			4
2025.09.16	01:37:52.670		0.93484			4
2025.09.16	01:37:55.597		0.93483			4
2025.09.16	01:37:58.988		0.93484			4
2025.09.16	01:37:59.448		0.93483			4
2025.09.16	01:38:00.702	0.93470				2
2025.09.16	01:38:11.316	0.93471				2
2025.09.16	01:38:59.964		0.93483			4
2025.09.16	01:39:01.008	0.93471				2
2025.09.16	01:39:08.890		0.93482			4
2025.09.16	01:39:11.619		0.93483			4
2025.09.16	01:39:25.304	0.93472	0.93484			6
2025.09.16	01:39:27.422	0.93471	0.93483			6
2025.09.16	01:39:34.120		0.93484			4
2025.09.16	01:39:38.922		0.93483			4
2025.09.16	01:39:44.021		0.93484			4
2025.09.16	01:39:50.244		0.93483			4
2025.09.16	01:39:53.392	0.93469	0.93482			6
2025.09.16	01:39:54.349		0.93481			4
2025.09.16	01:39:56.319		0.93482			4
2025.09.16	01:39:57.547	0.93472	0.93484			6
2025.09.16	01:40:00.494	0.93472				2
2025.09.16	01:40:57.897		0.93484			4
2025.09.16	01:41:00.450	0.93472				2
2025.09.16	01:41:02.456	0.93471				2
2025.09.16	01:41:05.620	0.93472				2
2025.09.16	01:41:08.319	0.93471				2
2025.09.16	01:41:13.501	0.93473				2
2025.09.16	01:41:25.597	0.93472				2
2025.09.16	01:41:35.050		0.93483			4
2025.09.16	01:41:39.819		0.93484			4
2025.09.16	01:41:48.819		0.93483			4
2025.09.16	01:41:53.320		0.93484			4
2025.09.16	01:41:58.636	0.93474	0.93485			6
2025.09.16	01:42:00.075	0.93476	0.93487			6
2025.09.16	01:42:00.852	0.93477				2
2025.09.16	01:42:01.163	0.93476	0.93486			6
2025.09.16	01:42:13.089	0.93475				2
2025.09.16	01:42:15.506	0.93474	0.93485			6
2025.09.16	01:42:17.755		0.93486			4
2025.09.16	01:42:18.783		0.93485			4
2025.09.16	01:42:21.186		0.93486			4
2025.09.16	01:42:21.528	0.93475				2
2025.09.16	01:42:23.710	0.93473				2
2025.09.16	01:42:30.852		0.93485			4
2025.09.16	01:42:33.565		0.93484			4
2025.09.16	01:42:37.839		0.93485			4
2025.09.16	01:42:52.884		0.93484			4
2025.09.16	01:42:53.460		0.93485			4
2025.09.16	01:43:00.149	0.93473				2
2025.09.16	01:43:02.215		0.93484			4
2025.09.16	01:43:05.919		0.93485			4
2025.09.16	01:43:24.572		0.93484			4
2025.09.16	01:43:27.861		0.93485			4
2025.09.16	01:43:43.314	0.93475				2
2025.09.16	01:43:43.628	0.93474	0.93486			6
2025.09.16	01:43:45.360	0.93475	0.93487			6
2025.09.16	01:43:46.318	0.93476	0.93486			6
2025.09.16	01:43:53.452	0.93474	0.93487			6
2025.09.16	01:43:56.619	0.93475				2
2025.09.16	01:43:57.783		0.93486			4
2025.09.16	01:44:00.416	0.93475	0.93487			6
2025.09.16	01:44:02.698	0.93474				2
2025.09.16	01:44:07.120	0.93475	0.93486			6
2025.09.16	01:44:13.457	0.93474	0.93487			6
2025.09.16	01:44:15.963	0.93473	0.93485			6
2025.09.16	01:44:30.607		0.93484			4
2025.09.16	01:44:35.619		0.93485			4
2025.09.16	01:44:37.817		0.93484			4
2025.09.16	01:44:39.474		0.93485			4
2025.09.16	01:44:42.964	0.93474				2
2025.09.16	01:44:59.376	0.93473				2
2025.09.16	01:45:00.500	0.93473				2
2025.09.16	01:45:03.401	0.93476	0.93488			6
2025.09.16	01:45:04.347		0.93487			4
2025.09.16	01:45:04.657		0.93488			4
2025.09.16	01:45:10.314		0.93487			4
2025.09.16	01:45:18.913	0.93478	0.93488			6
2025.09.16	01:45:21.191		0.93489			4
2025.09.16	01:45:31.407	0.93476	0.93487			6
2025.09.16	01:45:34.677		0.93488			4
2025.09.16	01:45:51.951		0.93487			4
2025.09.16	01:45:52.296		0.93488			4
2025.09.16	01:45:55.698	0.93480	0.93490			6
2025.09.16	01:45:56.298	0.93479				2
2025.09.16	01:45:56.838	0.93478	0.93491			6
2025.09.16	01:46:00.285	0.93479	0.93490			6
2025.09.16	01:46:01.332	0.93478	0.93491			6
2025.09.16	01:46:02.277	0.93480	0.93490			6
2025.09.16	01:46:45.475		0.93491			4
2025.09.16	01:46:50.023		0.93490			4
2025.09.16	01:46:53.898	0.93479				2
2025.09.16	01:47:00.798	0.93478	0.93491			6
2025.09.16	01:47:06.080	0.93479	0.93490			6
2025.09.16	01:47:09.861	0.93480				2
2025.09.16	01:47:10.172		0.93491			4
2025.09.16	01:47:13.255		0.93492			4
2025.09.16	01:47:15.343		0.93491			4
2025.09.16	01:47:18.473		0.93492			4
2025.09.16	01:47:23.617		0.93491			4
2025.09.16	01:47:34.977		0.93490			4
2025.09.16	01:47:40.120		0.93491			4
2025.09.16	01:47:45.381		0.93490			4
2025.09.16	01:47:56.621		0.93491			4
2025.09.16	01:48:00.021	0.93480				2
2025.09.16	01:48:00.549	0.93479	0.93490			6
2025.09.16	01:48:00.911		0.93491			4
2025.09.16	01:48:03.864	0.93476	0.93488			6
2025.09.16	01:48:10.633		0.93489			4
2025.09.16	01:48:11.153		0.93488			4
2025.09.16	01:48:23.720		0.93487			4
2025.09.16	01:48:26.398		0.93488			4
2025.09.16	01:48:29.938		0.93487			4
2025.09.16	01:48:33.518		0.93488			4
2025.09.16	01:48:37.193	0.93477	0.93487			6
2025.09.16	01:48:40.827	0.93476	0.93488			6
2025.09.16	01:48:47.728		0.93487			4
2025.09.16	01:48:50.465		0.93488			4
2025.09.16	01:48:53.919		0.93487			4
2025.09.16	01:48:58.719		0.93488			4
2025.09.16	01:49:00.304	0.93476				2
2025.09.16	01:49:04.281		0.93487			4
2025.09.16	01:49:07.318		0.93488			4
2025.09.16	01:49:08.343		0.93487			4
2025.09.16	01:49:10.623		0.93488			4
2025.09.16	01:49:17.740		0.93487			4
2025.09.16	01:49:19.828		0.93488			4
2025.09.16	01:49:22.923		0.93487			4
2025.09.16	01:49:25.049		0.93488			4
2025.09.16	01:49:26.732		0.93487			4
2025.09.16	01:49:27.067		0.93486			4
2025.09.16	01:49:29.620		0.93487			4
2025.09.16	01:49:33.245	0.93477				2
2025.09.16	01:49:35.486		0.93488			4
2025.09.16	01:49:38.464		0.93487			4
2025.09.16	01:49:39.684	0.93483	0.93492			6
2025.09.16	01:49:44.701	0.93479	0.93489			6
2025.09.16	01:49:45.036	0.93478				2
2025.09.16	01:49:48.007	0.93479				2
2025.09.16	01:49:53.018	0.93478				2
2025.09.16	01:49:58.387	0.93479				2
2025.09.16	01:50:00.593	0.93479				2
2025.09.16	01:50:01.411	0.93478				2
2025.09.16	01:50:02.428	0.93480				2
2025.09.16	01:50:05.820	0.93481	0.93491			6
2025.09.16	01:50:38.493	0.93482	0.93492			6
2025.09.16	01:50:39.831	0.93481	0.93493			6
2025.09.16	01:50:54.669	0.93480				2
2025.09.16	01:50:58.849		0.93492			4
2025.09.16	01:51:00.420	0.93479	0.93490			6
2025.09.16	01:51:00.870	0.93481	0.93491			6
2025.09.16	01:51:07.385		0.93492			4
2025.09.16	01:51:08.021		0.93491			4
2025.09.16	01:52:00.656	0.93481				2
2025.09.16	01:52:11.071		0.93491			4
2025.09.16	01:52:53.519		0.93492			4
2025.09.16	01:52:55.575	0.93478	0.93488			6
2025.09.16	01:52:58.615		0.93487			4
2025.09.16	01:52:59.779		0.93488			4
2025.09.16	01:53:00.814	0.93478				2
2025.09.16	01:53:05.443	0.93477	0.93487			6
2025.09.16	01:53:13.406	0.93480	0.93490			6
2025.09.16	01:53:15.473		0.93489			4
2025.09.16	01:54:01.120	0.93477	0.93488			6
2025.09.16	01:54:03.377		0.93487			4
2025.09.16	01:54:14.018		0.93486			4
2025.09.16	01:55:02.768	0.93477				2
2025.09.16	01:55:10.119	0.93476				2
2025.09.16	01:55:14.809		0.93486			4
2025.09.16	01:55:16.648	0.93473	0.93483			6
2025.09.16	01:55:26.621	0.93474				2
2025.09.16	01:55:33.937	0.93475	0.93485			6
2025.09.16	01:55:35.686		0.93486			4
2025.09.16	01:55:36.752		0.93485			4
2025.09.16	01:55:42.131		0.93486			4
2025.09.16	01:55:57.844	0.93477				2
2025.09.16	01:55:58.371	0.93475				2
2025.09.16	01:56:00.397	0.93475				2
2025.09.16	01:56:05.258		0.93485			4
2025.09.16	01:56:07.333		0.93486			4
2025.09.16	01:56:12.927	0.93476	0.93485			6
2025.09.16	01:56:13.984	0.93475	0.93484			6
2025.09.16	01:56:15.603	0.93476	0.93485			6
2025.09.16	01:56:18.792	0.93475	0.93483			6
2025.09.16	01:56:46.742		0.93484			4
2025.09.16	01:56:47.837	0.93474				2
2025.09.16	01:56:55.087		0.93483			4
2025.09.16	01:57:00.406	0.93473				2
2025.09.16	01:57:04.407		0.93482			4
2025.09.16	01:57:13.515	0.93477	0.93486			6
2025.09.16	01:57:14.377	0.93476	0.93487			6
2025.09.16	01:57:14.702	0.93477	0.93486			6
2025.09.16	01:57:15.608	0.93476				2
2025.09.16	01:57:17.678	0.93477				2
2025.09.16	01:57:19.879		0.93485			4
2025.09.16	01:57:24.019	0.93476				2
2025.09.16	01:57:25.053		0.93486			4
2025.09.16	01:57:25.675	0.93478				2
2025.09.16	01:57:30.462	0.93477	0.93487			6
2025.09.16	01:57:36.772	0.93480	0.93486			6
2025.09.16	01:57:38.373	0.93479				2
2025.09.16	01:57:42.009	0.93480	0.93487			6
2025.09.16	01:57:45.951		0.93486			4
2025.09.16	01:57:49.187		0.93487			4
2025.09.16	01:57:50.299		0.93486			4
2025.09.16	01:58:00.414	0.93480				2
2025.09.16	01:58:00.806		0.93487			4
2025.09.16	01:58:01.412	0.93479	0.93486			6
2025.09.16	01:59:00.682	0.93477				2
2025.09.16	01:59:01.432	0.93480	0.93486			6
2025.09.16	01:59:46.687		0.93487			4
2025.09.16	01:59:59.020		0.93486			4
2025.09.16	02:00:00.325	0.93478	0.93487			6
2025.09.16	02:00:00.639	0.93477	0.93486			6
2025.09.16	02:00:01.366	0.93475	0.93484			6
2025.09.16	02:00:03.646	0.93474				2
2025.09.16	02:00:04.077	0.93475				2
2025.09.16	02:00:06.266	0.93479	0.93486			6
2025.09.16	02:00:26.667		0.93485			4
2025.09.16	02:00:46.102	0.93476	0.93484			6
2025.09.16	02:00:52.641	0.93475				2
2025.09.16	02:01:00.499	0.93475				2
2025.09.16	02:01:06.017	0.93474	0.93482			6
2025.09.16	02:01:08.594		0.93483			4
2025.09.16	02:01:10.385		0.93484			4
2025.09.16	02:01:10.977		0.93483			4
2025.09.16	02:01:19.373		0.93484			4
2025.09.16	02:01:21.596	0.93475				2
2025.09.16	02:01:30.223		0.93483			4
2025.09.16	02:01:30.583	0.93474	0.93484			6
2025.09.16	02:01:35.620		0.93483			4
2025.09.16	02:01:40.323	0.93475	0.93484			6
2025.09.16	02:01:50.618		0.93483			4
2025.09.16	02:01:52.638	0.93474	0.93484			6
2025.09.16	02:01:59.939		0.93483			4
2025.09.16	02:02:01.303	0.93474				2
2025.09.16	02:02:02.745	0.93475	0.93484			6
2025.09.16	02:02:05.099		0.93483			4
2025.09.16	02:02:07.963		0.93484			4
2025.09.16	02:02:22.496		0.93483			4
2025.09.16	02:02:28.823	0.93474	0.93482			6
2025.09.16	02:02:30.366	0.93476	0.93484			6
2025.09.16	02:02:32.188		0.93485			4
2025.09.16	02:02:33.965	0.93474	0.93484			6
2025.09.16	02:02:45.995		0.93483			4
2025.09.16	02:02:47.836		0.93484			4
2025.09.16	02:02:53.618		0.93483			4
2025.09.16	02:03:00.423	0.93474	0.93484			6
2025.09.16	02:03:05.862	0.93476	0.93485			6
2025.09.16	02:03:11.935	0.93474				2
2025.09.16	02:03:15.310		0.93487			4
2025.09.16	02:03:23.747		0.93486			4
2025.09.16	02:03:30.462		0.93487			4
2025.09.16	02:03:45.422	0.93475				2
2025.09.16	02:03:59.840	0.93474	0.93486			6
2025.09.16	02:04:00.224	0.93475	0.93487			6
2025.09.16	02:04:52.737		0.93488			4
2025.09.16	02:04:55.514	0.93478	0.93489			6
2025.09.16	02:05:00.550	0.93478				2
2025.09.16	02:05:01.244		0.93490			4
2025.09.16	02:05:01.633		0.93489			4
2025.09.16	02:05:10.720		0.93490			4
2025.09.16	02:05:24.862	0.93477				2
2025.09.16	02:05:37.914	0.93478				2
2025.09.16	02:05:40.124		0.93488			4
2025.09.16	02:05:40.440	0.93480	0.93489			6
2025.09.16	02:05:42.392		0.93490			4
2025.09.16	02:05:42.702		0.93491			4
2025.09.16	02:05:51.814	0.93479				2
2025.09.16	02:06:00.383	0.93479	0.93490			6
2025.09.16	02:06:01.174	0.93481	0.93488			6
2025.09.16	02:06:01.481	0.93480				2
2025.09.16	02:06:02.306		0.93489			4
2025.09.16	02:06:21.424	0.93479				2
2025.09.16	02:06:21.846	0.93480				2
2025.09.16	02:06:26.346		0.93488			4
2025.09.16	02:06:26.731		0.93489			4
2025.09.16	02:06:28.016	0.93481	0.93492			6
2025.09.16	02:06:47.486	0.93482				2
2025.09.16	02:06:52.701	0.93481	0.93491			6
2025.09.16	02:07:00.396	0.93480				2
2025.09.16	02:07:02.419	0.93481				2
2025.09.16	02:07:16.120		0.93492			4
2025.09.16	02:07:45.706		0.93491			4
2025.09.16	02:07:46.093		0.93492			4
2025.09.16	02:08:00.463	0.93481				2
2025.09.16	02:08:09.783	0.93479	0.93491			6
2025.09.16	02:08:10.801		0.93490			4
2025.09.16	02:08:30.498	0.93480				2
2025.09.16	02:08:30.824	0.93479	0.93489			6
2025.09.16	02:08:32.349	0.93480	0.93492			6
2025.09.16	02:08:41.760		0.93491			4
2025.09.16	02:08:42.766		0.93492			4
2025.09.16	02:08:43.627		0.93490			4
2025.09.16	02:08:43.958		0.93491			4
2025.09.16	02:08:44.867	0.93481				2
2025.09.16	02:08:47.456	0.93482				2
2025.09.16	02:08:51.598	0.93481				2
2025.09.16	02:09:00.355	0.93481				2
2025.09.16	02:09:05.322		0.93492			4
2025.09.16	02:09:11.276	0.93482	0.93491			6
2025.09.16	02:09:32.884	0.93481	0.93492			6
2025.09.16	02:09:59.345	0.93478	0.93490			6
2025.09.16	02:10:00.373	0.93478	0.93488			6
2025.09.16	02:10:05.994		0.93490			4
2025.09.16	02:10:10.356	0.93481	0.93493			6
2025.09.16	02:10:15.390	0.93480				2
2025.09.16	02:10:19.077	0.93481	0.93492			6
2025.09.16	02:10:20.642	0.93480	0.93493			6
2025.09.16	02:10:22.949	0.93481				2
2025.09.16	02:10:36.521		0.93492			4
2025.09.16	02:10:38.612	0.93480				2
2025.09.16	02:10:40.997	0.93481				2
2025.09.16	02:10:50.656	0.93479	0.93491			6
2025.09.16	02:10:51.316	0.93477	0.93488			6
2025.09.16	02:10:51.690	0.93476				2
2025.09.16	02:10:52.151	0.93478				2
2025.09.16	02:10:52.492	0.93476				2
2025.09.16	02:10:56.094	0.93475				2
2025.09.16	02:11:00.417	0.93474	0.93487			6
2025.09.16	02:11:01.220	0.93476	0.93489			6
2025.09.16	02:11:05.577	0.93477				2
2025.09.16	02:11:14.486		0.93490			4
2025.09.16	02:11:14.917		0.93489			4
2025.09.16	02:11:16.595		0.93490			4
2025.09.16	02:11:18.657	0.93476				2
2025.09.16	02:11:19.074	0.93478				2
2025.09.16	02:11:26.606		0.93491			4
2025.09.16	02:11:28.803		0.93490			4
2025.09.16	02:11:46.482		0.93489			4
2025.09.16	02:11:50.458		0.93490			4
2025.09.16	02:11:56.803	0.93482	0.93493			6
2025.09.16	02:12:00.313	0.93482				2
2025.09.16	02:12:02.539	0.93481				2
2025.09.16	02:12:41.802	0.93484	0.93495			6
2025.09.16	02:12:44.340		0.93497			4
2025.09.16	02:12:47.893		0.93496			4
2025.09.16	02:12:50.544		0.93497			4
2025.09.16	02:12:53.623		0.93496			4
2025.09.16	02:12:56.233		0.93497			4
2025.09.16	02:13:02.887	0.93484				2
2025.09.16	02:13:10.291		0.93496			4
2025.09.16	02:13:48.142		0.93497			4
2025.09.16	02:14:02.891	0.93484	0.93496			6
2025.09.16	02:14:15.291	0.93485				2
2025.09.16	02:15:00.307	0.93487				2
2025.09.16	02:15:01.366	0.93485	0.93495			6
2025.09.16	02:15:05.979	0.93486				2
2025.09.16	02:15:30.466		0.93496			4
2025.09.16	02:16:01.948	0.93486				2
2025.09.16	02:16:31.251		0.93496			4
2025.09.16	02:16:32.494		0.93497			4
2025.09.16	02:16:33.278		0.93496			4
2025.09.16	02:16:50.296		0.93497			4
2025.09.16	02:16:51.155	0.93487	0.93496			6
2025.09.16	02:17:00.642	0.93487	0.93495			6
2025.09.16	02:17:01.357	0.93485				2
2025.09.16	02:17:28.836		0.93494			4
2025.09.16	02:17:34.267	0.93486	0.93496			6
2025.09.16	02:17:35.031		0.93495			4
2025.09.16	02:17:36.908		0.93496			4
2025.09.16	02:18:00.852	0.93485	0.93495			6
2025.09.16	02:18:18.284	0.93484	0.93494			6
2025.09.16	02:18:20.403	0.93486	0.93495			6
2025.09.16	02:18:20.715	0.93485	0.93494			6
2025.09.16	02:18:43.614		0.93493			4
2025.09.16	02:18:44.719	0.93486	0.93496			6
2025.09.16	02:18:59.435		0.93495			4
2025.09.16	02:19:00.492	0.93487	0.93496			6
2025.09.16	02:19:00.800	0.93486				2
2025.09.16	02:19:02.677	0.93487				2
2025.09.16	02:19:05.820	0.93486				2
2025.09.16	02:20:00.497	0.93486	0.93496			6
2025.09.16	02:20:05.929	0.93484				2
2025.09.16	02:20:25.629	0.93485				2
2025.09.16	02:21:01.727	0.93485	0.93496			6
2025.09.16	02:21:12.769	0.93484				2
2025.09.16	02:21:35.039	0.93485				2
2025.09.16	02:21:51.950		0.93497			4
2025.09.16	02:21:56.620	0.93486	0.93496			6
2025.09.16	02:22:00.576	0.93484	0.93497			6
2025.09.16	02:22:10.231	0.93486	0.93495			6
2025.09.16	02:22:13.730	0.93485				2
2025.09.16	02:22:18.299	0.93484	0.93494			6
2025.09.16	02:22:23.622	0.93483				2
2025.09.16	02:22:34.973	0.93484				2
2025.09.16	02:22:43.182	0.93483				2
2025.09.16	02:22:44.222	0.93484				2
2025.09.16	02:22:45.308	0.93483				2
2025.09.16	02:22:52.847		0.93492			4
2025.09.16	02:22:54.753	0.93484				2
2025.09.16	02:22:55.777	0.93483				2
2025.09.16	02:22:56.295	0.93484				2
2025.09.16	02:22:56.674	0.93483				2
2025.09.16	02:23:00.111	0.93483				2
2025.09.16	02:23:11.140	0.93484				2
2025.09.16	02:23:25.338	0.93483	0.93494			6
2025.09.16	02:23:39.087	0.93484	0.93493			6
2025.09.16	02:24:00.547	0.93484				2
2025.09.16	02:24:07.963	0.93483				2
2025.09.16	02:24:14.344	0.93484	0.93492			6
2025.09.16	02:24:26.637	0.93481	0.93491			6
2025.09.16	02:24:35.778		0.93492			4
2025.09.16	02:24:36.658	0.93480				2
2025.09.16	02:25:00.587	0.93480				2
2025.09.16	02:25:18.259	0.93481				2
2025.09.16	02:25:34.725	0.93482				2
2025.09.16	02:25:40.257		0.93492			4
2025.09.16	02:25:41.454	0.93483				2
2025.09.16	02:25:52.409	0.93479	0.93489			6
2025.09.16	02:25:56.618	0.93478				2
2025.09.16	02:25:59.172	0.93482	0.93491			6
2025.09.16	02:26:00.354	0.93482				2
2025.09.16	02:26:08.243	0.93479	0.93489			6
2025.09.16	02:26:08.560	0.93481	0.93491			6
2025.09.16	02:26:09.519	0.93479				2
2025.09.16	02:26:10.357	0.93480				2
2025.09.16	02:26:11.039	0.93479	0.93489			6
2025.09.16	02:26:13.672	0.93480				2
2025.09.16	02:26:16.958		0.93490			4
2025.09.16	02:26:19.037	0.93479	0.93491			6
2025.09.16	02:26:20.090	0.93480				2
2025.09.16	02:26:29.145	0.93479				2
2025.09.16	02:26:30.213	0.93480				2
2025.09.16	02:26:32.504	0.93483	0.93492			6
2025.09.16	02:26:33.607	0.93482				2
2025.09.16	02:26:51.215	0.93483				2
2025.09.16	02:27:00.617	0.93482				2
2025.09.16	02:27:02.672	0.93483				2
2025.09.16	02:27:33.281		0.93493			4
2025.09.16	02:27:34.715		0.93492			4
2025.09.16	02:27:37.426		0.93493			4
2025.09.16	02:27:40.471	0.93482				2
2025.09.16	02:27:44.108	0.93483				2
2025.09.16	02:27:49.947	0.93482				2
2025.09.16	02:28:01.725	0.93482				2
2025.09.16	02:28:04.749	0.93483				2
2025.09.16	02:28:05.742	0.93482				2
2025.09.16	02:28:44.913	0.93483	0.93491			6
2025.09.16	02:28:45.249	0.93482	0.93492			6
2025.09.16	02:28:56.265		0.93493			4
2025.09.16	02:29:04.849	0.93480	0.93491			6
2025.09.16	02:29:07.253	0.93478				2
2025.09.16	02:29:13.501	0.93479				2
2025.09.16	02:29:18.682	0.93480				2
2025.09.16	02:29:40.086	0.93481				2
2025.09.16	02:29:54.589	0.93480				2
2025.09.16	02:30:00.398	0.93482	0.93490			6
2025.09.16	02:30:04.235	0.93481				2
2025.09.16	02:30:23.349	0.93482				2
2025.09.16	02:30:24.977	0.93481	0.93491			6
2025.09.16	02:30:29.718		0.93492			4
2025.09.16	02:30:30.637	0.93482	0.93491			6
2025.09.16	02:30:58.345		0.93490			4
2025.09.16	02:30:58.865	0.93481				2
2025.09.16	02:31:00.382	0.93481				2
2025.09.16	02:31:01.346		0.93491			4
2025.09.16	02:31:02.202	0.93483	0.93493			6
2025.09.16	02:31:03.210	0.93484				2
2025.09.16	02:31:04.348		0.93494			4
2025.09.16	02:31:07.507	0.93486				2
2025.09.16	02:31:08.019	0.93484	0.93493			6
2025.09.16	02:31:11.581	0.93485				2
2025.09.16	02:31:37.057		0.93494			4
2025.09.16	02:31:56.621	0.93486				2
2025.09.16	02:32:00.238	0.93485				2
2025.09.16	02:32:13.708		0.93493			4
2025.09.16	02:32:23.846	0.93484				2
2025.09.16	02:32:25.839	0.93482	0.93492			6
2025.09.16	02:32:30.631		0.93491			4
2025.09.16	02:32:37.534	0.93483	0.93492			6
2025.09.16	02:32:42.194	0.93485	0.93494			6
2025.09.16	02:32:42.534	0.93484				2
2025.09.16	02:32:55.729		0.93492			4
2025.09.16	02:33:00.713	0.93481	0.93491			6
2025.09.16	02:33:03.771	0.93480	0.93490			6
2025.09.16	02:33:20.221	0.93481				2
2025.09.16	02:33:28.551	0.93482				2
2025.09.16	02:33:29.589	0.93483				2
2025.09.16	02:33:40.806	0.93481	0.93491			6
2025.09.16	02:33:46.288	0.93482				2
2025.09.16	02:33:53.379	0.93480				2
2025.09.16	02:33:57.682	0.93481				2
2025.09.16	02:34:00.430	0.93481				2
2025.09.16	02:34:08.395		0.93492			4
2025.09.16	02:34:10.461	0.93480				2
2025.09.16	02:34:16.346	0.93481				2
2025.09.16	02:34:31.616	0.93482				2
2025.09.16	02:34:39.387	0.93481				2
2025.09.16	02:34:44.233	0.93482				2
2025.09.16	02:34:45.324		0.93491			4
2025.09.16	02:34:55.476	0.93484	0.93492			6
2025.09.16	02:35:00.018	0.93483				2
2025.09.16	02:35:02.958	0.93484				2
2025.09.16	02:35:03.986	0.93482				2
2025.09.16	02:35:08.240	0.93483	0.93495			6
2025.09.16	02:35:09.397	0.93484				2
2025.09.16	02:35:20.674	0.93483				2
2025.09.16	02:35:21.711	0.93484				2
2025.09.16	02:36:00.045	0.93484				2
2025.09.16	02:36:01.088	0.93482	0.93494			6
2025.09.16	02:36:02.101		0.93493			4
2025.09.16	02:36:03.086		0.93494			4
2025.09.16	02:36:08.119	0.93483	0.93493			6
2025.09.16	02:36:08.468	0.93482				2
2025.09.16	02:36:18.700	0.93483				2
2025.09.16	02:36:19.055	0.93482				2
2025.09.16	02:36:40.721		0.93494			4
2025.09.16	02:37:00.412	0.93482				2
2025.09.16	02:37:08.702		0.93493			4
2025.09.16	02:37:30.393	0.93481				2
2025.09.16	02:37:30.850		0.93494			4
2025.09.16	02:37:31.498	0.93482				2
2025.09.16	02:37:40.826	0.93481				2
2025.09.16	02:37:51.190	0.93482	0.93493			6
2025.09.16	02:37:53.567		0.93494			4
2025.09.16	02:37:56.370	0.93481				2
2025.09.16	02:38:00.516	0.93481	0.93493			6
2025.09.16	02:38:10.414	0.93482				2
2025.09.16	02:38:15.648	0.93481				2
2025.09.16	02:38:20.367	0.93480	0.93491			6
2025.09.16	02:38:21.605	0.93479				2
2025.09.16	02:38:22.652		0.93490			4
2025.09.16	02:38:28.657		0.93489			4
2025.09.16	02:38:28.977		0.93490			4
2025.09.16	02:38:36.184	0.93480	0.93491			6
2025.09.16	02:38:37.178	0.93479				2
2025.09.16	02:38:44.578		0.93490			4
2025.09.16	02:38:45.960		0.93491			4
2025.09.16	02:38:58.705	0.93480	0.93490			6
2025.09.16	02:38:59.080	0.93479	0.93491			6
2025.09.16	02:39:00.350	0.93479				2
2025.09.16	02:39:01.823	0.93480	0.93490			6
2025.09.16	02:39:02.188	0.93479	0.93491			6
2025.09.16	02:39:15.783	0.93480				2
2025.09.16	02:39:29.375	0.93481	0.93490			6
2025.09.16	02:39:55.664	0.93480				2
2025.09.16	02:40:02.297	0.93480				2
2025.09.16	02:40:06.556	0.93481				2
2025.09.16	02:40:08.684		0.93491			4
2025.09.16	02:40:37.933		0.93490			4
2025.09.16	02:40:52.256	0.93479				2
2025.09.16	02:40:56.124	0.93480	0.93489			6
2025.09.16	02:40:56.430	0.93479	0.93490			6
2025.09.16	02:40:57.243	0.93480	0.93489			6
2025.09.16	02:40:57.600	0.93479	0.93490			6
2025.09.16	02:41:00.577	0.93479				2
2025.09.16	02:41:02.528	0.93478				2
2025.09.16	02:41:03.631	0.93479				2
2025.09.16	02:41:21.777	0.93480				2
2025.09.16	02:41:22.887		0.93491			4
2025.09.16	02:41:27.080	0.93479				2
2025.09.16	02:41:28.124		0.93487			4
2025.09.16	02:41:28.489	0.93478	0.93488			6
2025.09.16	02:41:45.998	0.93480	0.93489			6
2025.09.16	02:41:47.042		0.93490			4
2025.09.16	02:41:48.115	0.93481	0.93489			6
2025.09.16	02:41:56.073	0.93480	0.93491			6
2025.09.16	02:41:58.385	0.93478	0.93488			6
2025.09.16	02:42:00.548	0.93478				2
2025.09.16	02:42:02.444	0.93479	0.93487			6
2025.09.16	02:42:02.751	0.93478	0.93488			6
2025.09.16	02:42:03.659		0.93487			4
2025.09.16	02:42:06.238		0.93488			4
2025.09.16	02:42:13.369	0.93479	0.93487			6
2025.09.16	02:42:13.687	0.93478	0.93488			6
2025.09.16	02:42:16.666		0.93487			4
2025.09.16	02:42:17.698		0.93488			4
2025.09.16	02:42:19.769	0.93477				2
2025.09.16	02:42:22.793	0.93479				2
2025.09.16	02:42:23.875	0.93478	0.93487			6
2025.09.16	02:42:27.967	0.93479				2
2025.09.16	02:42:29.350		0.93488			4
2025.09.16	02:42:30.134		0.93487			4
2025.09.16	02:42:30.849	0.93478				2
2025.09.16	02:42:31.167	0.93477	0.93488			6
2025.09.16	02:42:42.774		0.93487			4
2025.09.16	02:42:46.057	0.93478				2
2025.09.16	02:42:48.126	0.93477				2
2025.09.16	02:42:59.910	0.93479	0.93488			6
2025.09.16	02:43:00.252	0.93480				2
2025.09.16	02:43:00.558		0.93487			4
2025.09.16	02:43:04.427	0.93479	0.93488			6
2025.09.16	02:43:06.769	0.93480				2
2025.09.16	02:43:11.949		0.93490			4
2025.09.16	02:43:13.110		0.93489			4
2025.09.16	02:43:15.980	0.93481				2
2025.09.16	02:43:16.349	0.93480				2
2025.09.16	02:43:18.290		0.93490			4
2025.09.16	02:43:24.347		0.93488			4
2025.09.16	02:43:24.659		0.93489			4
2025.09.16	02:43:38.758	0.93477	0.93487			6
2025.09.16	02:43:44.927		0.93486			4
2025.09.16	02:43:45.242		0.93487			4
2025.09.16	02:43:52.340	0.93476				2
2025.09.16	02:43:53.375	0.93477				2
2025.09.16	02:43:57.318		0.93486			4
2025.09.16	02:43:57.653	0.93476	0.93487			6
2025.09.16	02:43:58.556	0.93477				2
2025.09.16	02:43:59.430	0.93476	0.93486			6
2025.09.16	02:43:59.739		0.93487			4
2025.09.16	02:44:00.458	0.93478	0.93488			6
2025.09.16	02:44:01.373		0.93487			4
2025.09.16	02:44:01.681		0.93488			4
2025.09.16	02:44:06.774	0.93479	0.93487			6
2025.09.16	02:44:07.119	0.93478	0.93488			6
2025.09.16	02:44:21.594	0.93477				2
2025.09.16	02:44:29.992	0.93478				2
2025.09.16	02:44:31.161	0.93479	0.93487			6
2025.09.16	02:44:31.588	0.93478	0.93488			6
2025.09.16	02:44:34.960	0.93479	0.93487			6
2025.09.16	02:44:35.320	0.93478	0.93488			6
2025.09.16	02:44:36.030	0.93479	0.93487			6
2025.09.16	02:44:36.383	0.93478	0.93488			6
2025.09.16	02:44:42.104		0.93487			4
2025.09.16	02:44:46.640	0.93477				2
2025.09.16	02:44:52.963	0.93478	0.93488			6
2025.09.16	02:44:58.974	0.93476	0.93485			6
2025.09.16	02:45:00.497	0.93475	0.93486			6
2025.09.16	02:45:01.637	0.93476	0.93485			6
2025.09.16	02:45:02.770	0.93477	0.93486			6
2025.09.16	02:45:03.563	0.93476	0.93485			6
2025.09.16	02:45:04.239	0.93475	0.93486			6
2025.09.16	02:45:05.350	0.93476				2
2025.09.16	02:45:07.278		0.93485			4
2025.09.16	02:45:07.633	0.93475	0.93486			6
2025.09.16	02:45:08.507	0.93477	0.93485			6
2025.09.16	02:45:09.766	0.93476	0.93486			6
2025.09.16	02:45:10.581	0.93477				2
2025.09.16	02:45:11.687	0.93474	0.93485			6
2025.09.16	02:45:12.236	0.93476				2
2025.09.16	02:45:12.776	0.93475	0.93484			6
2025.09.16	02:45:17.619		0.93485			4
2025.09.16	02:45:23.479	0.93476	0.93486			6
2025.09.16	02:45:24.133		0.93485			4
2025.09.16	02:45:26.922	0.93475	0.93486			6
2025.09.16	02:45:27.605	0.93476	0.93485			6
2025.09.16	02:45:29.746	0.93475	0.93486			6
2025.09.16	02:45:31.730	0.93476	0.93484			6
2025.09.16	02:45:32.293	0.93475	0.93485			6
2025.09.16	02:45:34.238	0.93476				2
2025.09.16	02:45:34.539	0.93475	0.93486			6
2025.09.16	02:45:35.118	0.93476	0.93485			6
2025.09.16	02:45:35.637	0.93475	0.93484			6
2025.09.16	02:45:37.660	0.93473	0.93482			6
2025.09.16	02:45:39.716	0.93474				2
2025.09.16	02:45:40.742	0.93473				2
2025.09.16	02:45:48.807	0.93474				2
2025.09.16	02:45:49.482	0.93475	0.93484			6
2025.09.16	02:45:54.970	0.93474				2
2025.09.16	02:45:55.305	0.93476				2
2025.09.16	02:45:55.782	0.93475	0.93485			6
2025.09.16	02:45:59.953	0.93476	0.93486			6
2025.09.16	02:46:00.494	0.93475	0.93485			6
2025.09.16	02:46:01.412	0.93477	0.93486			6
2025.09.16	02:46:08.991	0.93475				2
2025.09.16	02:46:17.777		0.93484			4
2025.09.16	02:46:23.520	0.93476				2
2025.09.16	02:46:25.574	0.93475	0.93485			6
2025.09.16	02:46:36.222	0.93474				2
2025.09.16	02:46:37.253	0.93476				2
2025.09.16	02:46:42.696		0.93486			4
2025.09.16	02:46:43.771	0.93475				2
2025.09.16	02:46:44.818	0.93476				2
2025.09.16	02:47:00.303	0.93477				2
2025.09.16	02:47:01.205	0.93476	0.93487			6
2025.09.16	02:47:15.865		0.93488			4
2025.09.16	02:47:16.180	0.93477				2
2025.09.16	02:47:18.583	0.93476				2
2025.09.16	02:47:19.612	0.93477				2
2025.09.16	02:47:20.093	0.93476				2
2025.09.16	02:47:20.398	0.93478				2
2025.09.16	02:47:20.785	0.93477				2
2025.09.16	02:47:21.739	0.93478				2
2025.09.16	02:47:25.407	0.93477				2
2025.09.16	02:47:25.884	0.93476				2
2025.09.16	02:47:26.931	0.93477				2
2025.09.16	02:47:28.658	0.93479	0.93489			6
2025.09.16	02:47:29.716		0.93488			4
2025.09.16	02:47:30.202	0.93478				2
2025.09.16	02:47:32.436	0.93479				2
2025.09.16	02:47:32.740	0.93478	0.93487			6
2025.09.16	02:47:33.729		0.93486			4
2025.09.16	02:47:34.835	0.93479				2
2025.09.16	02:47:35.243	0.93478				2
2025.09.16	02:47:37.412		0.93488			4
2025.09.16	02:47:37.719	0.93477				2
2025.09.16	02:47:38.655	0.93478				2
2025.09.16	02:47:45.512	0.93479				2
2025.09.16	02:47:48.101	0.93477				2
2025.09.16	02:47:48.839	0.93478				2
2025.09.16	02:47:54.444	0.93479	0.93487			6
2025.09.16	02:47:56.698	0.93481	0.93490			6
2025.09.16	02:47:57.001	0.93480				2
2025.09.16	02:47:58.065	0.93481				2
2025.09.16	02:48:00.077	0.93481				2
2025.09.16	02:48:00.380	0.93482	0.93491			6
2025.09.16	02:48:01.178	0.93480	0.93490			6
2025.09.16	02:48:01.791	0.93481				2
2025.09.16	02:48:03.250	0.93480				2
2025.09.16	02:48:06.341	0.93482	0.93491			6
2025.09.16	02:48:12.493	0.93481				2
2025.09.16	02:48:28.824	0.93482	0.93490			6
2025.09.16	02:48:32.988	0.93481				2
2025.09.16	02:48:38.215	0.93483				2
2025.09.16	02:48:39.563		0.93491			4
2025.09.16	02:48:39.896	0.93485	0.93493			6
2025.09.16	02:48:48.238	0.93484				2
2025.09.16	02:48:48.542		0.93494			4
2025.09.16	02:48:48.846	0.93485	0.93493			6
2025.09.16	02:48:53.191	0.93483	0.93492			6
2025.09.16	02:48:53.503	0.93485	0.93491			6
2025.09.16	02:48:54.797	0.93483				2
2025.09.16	02:48:56.781		0.93490			4
2025.09.16	02:48:57.134	0.93484	0.93491			6
2025.09.16	02:48:57.814		0.93490			4
2025.09.16	02:48:59.416	0.93485	0.93491			6
2025.09.16	02:49:00.043	0.93485				2
2025.09.16	02:49:03.304	0.93484				2
2025.09.16	02:49:04.828	0.93483				2
2025.09.16	02:49:08.563		0.93490			4
2025.09.16	02:49:08.947		0.93491			4
2025.09.16	02:49:09.859		0.93490			4
2025.09.16	02:49:10.189	0.93482	0.93491			6
2025.09.16	02:49:10.609		0.93490			4
2025.09.16	02:49:10.996		0.93491			4
2025.09.16	02:49:11.503		0.93490			4
2025.09.16	02:49:11.911		0.93491			4
2025.09.16	02:49:12.262	0.93483				2
2025.09.16	02:49:14.175		0.93490			4
2025.09.16	02:49:14.811		0.93491			4
2025.09.16	02:49:16.654		0.93490			4
2025.09.16	02:49:17.084		0.93491			4
2025.09.16	02:49:17.485		0.93490			4
2025.09.16	02:49:17.899		0.93491			4
2025.09.16	02:49:18.442		0.93490			4
2025.09.16	02:49:18.903		0.93491			4
2025.09.16	02:49:25.915	0.93482	0.93490			6
2025.09.16	02:49:26.812		0.93491			4
2025.09.16	02:49:27.551	0.93483				2
2025.09.16	02:49:27.858	0.93482				2
2025.09.16	02:49:28.904	0.93483				2
2025.09.16	02:49:35.039		0.93490			4
2025.09.16	02:49:39.870		0.93491			4
2025.09.16	02:49:41.612		0.93490			4
2025.09.16	02:49:41.919		0.93491			4
2025.09.16	02:49:44.294		0.93490			4
2025.09.16	02:49:44.600		0.93491			4
2025.09.16	02:49:45.429	0.93482				2
2025.09.16	02:49:46.620		0.93490			4
2025.09.16	02:49:46.978		0.93491			4
2025.09.16	02:49:50.189		0.93490			4
2025.09.16	02:49:50.498		0.93491			4
2025.09.16	02:49:50.960	0.93483				2
2025.09.16	02:49:52.008	0.93482				2
2025.09.16	02:49:53.647		0.93490			4
2025.09.16	02:49:54.320		0.93491			4
2025.09.16	02:50:00.462	0.93482	0.93490			6
2025.09.16	02:50:00.870		0.93491			4
2025.09.16	02:50:01.726		0.93490			4
2025.09.16	02:50:02.057	0.93483	0.93489			6
2025.09.16	02:50:04.940	0.93481				2
2025.09.16	02:50:05.913	0.93482				2
2025.09.16	02:50:06.826	0.93481				2
2025.09.16	02:50:07.220	0.93483				2
2025.09.16	02:50:08.160	0.93481				2
2025.09.16	02:50:08.499	0.93483				2
2025.09.16	02:50:09.053	0.93480				2
2025.09.16	02:50:09.361	0.93483				2
2025.09.16	02:50:09.736	0.93481				2
2025.09.16	02:50:23.555	0.93483	0.93490			6
2025.09.16	02:50:23.858		0.93491			4
2025.09.16	02:50:25.693	0.93482				2
2025.09.16	02:50:44.850		0.93488			4
2025.09.16	02:50:46.111	0.93481				2
2025.09.16	02:50:47.456	0.93480				2
2025.09.16	02:50:52.129		0.93489			4
2025.09.16	02:50:52.698	0.93481				2
2025.09.16	02:50:54.008	0.93479	0.93488			6
2025.09.16	02:50:54.405	0.93480				2
2025.09.16	02:50:54.764	0.93481				2
2025.09.16	02:50:55.674	0.93480				2
2025.09.16	02:50:56.601	0.93479				2
2025.09.16	02:50:57.500	0.93480				2
2025.09.16	02:51:00.161	0.93480				2
2025.09.16	02:51:01.192	0.93483	0.93491			6
2025.09.16	02:51:01.952	0.93482				2
2025.09.16	02:51:02.426		0.93490			4
2025.09.16	02:51:03.474	0.93483	0.93491			6
2025.09.16	02:51:07.430	0.93482				2
2025.09.16	02:51:11.411	0.93483				2
2025.09.16	02:51:13.972	0.93481	0.93488			6
2025.09.16	02:51:14.449		0.93489			4
2025.09.16	02:51:22.933		0.93488			4
2025.09.16	02:51:23.418		0.93489			4
2025.09.16	02:51:25.952		0.93488			4
2025.09.16	02:51:26.259	0.93480				2
2025.09.16	02:51:26.790	0.93481				2
2025.09.16	02:51:32.034	0.93480				2
2025.09.16	02:51:32.522	0.93481				2
2025.09.16	02:51:36.786	0.93480				2
2025.09.16	02:51:37.475	0.93481	0.93490			6
2025.09.16	02:51:37.780	0.93482	0.93489			6
2025.09.16	02:51:38.809	0.93481				2
2025.09.16	02:51:44.664	0.93482				2
2025.09.16	02:51:45.075	0.93481				2
2025.09.16	02:51:51.862	0.93480	0.93488			6
2025.09.16	02:52:00.500	0.93480				2
2025.09.16	02:52:25.987	0.93481	0.93489			6
2025.09.16	02:52:29.851	0.93480				2
2025.09.16	02:52:39.362	0.93478	0.93488			6
2025.09.16	02:52:40.353	0.93479				2
2025.09.16	02:52:44.353	0.93480				2
2025.09.16	02:52:49.166	0.93478				2
2025.09.16	02:52:49.729	0.93479				2
2025.09.16	02:52:51.937	0.93480				2
2025.09.16	02:52:52.934	0.93479				2
2025.09.16	02:53:00.475	0.93480				2
2025.09.16	02:53:05.620	0.93479				2
2025.09.16	02:53:11.936	0.93480				2
2025.09.16	02:53:19.966	0.93479				2
2025.09.16	02:53:20.684	0.93481				2
2025.09.16	02:53:21.065	0.93480				2
2025.09.16	02:53:24.858		0.93489			4
2025.09.16	02:53:25.515	0.93481				2
2025.09.16	02:53:27.963	0.93480	0.93488			6
2025.09.16	02:53:28.279	0.93479	0.93489			6
2025.09.16	02:53:29.095	0.93481	0.93488			6
2025.09.16	02:53:29.427	0.93479	0.93489			6
2025.09.16	02:53:29.729	0.93480	0.93488			6
2025.09.16	02:53:30.619	0.93479	0.93489			6
2025.09.16	02:53:31.760	0.93480	0.93490			6
2025.09.16	02:53:32.896	0.93481				2
2025.09.16	02:53:40.517	0.93480				2
2025.09.16	02:53:42.695	0.93481				2
2025.09.16	02:53:45.557	0.93480				2
2025.09.16	02:53:50.624	0.93481				2
2025.09.16	02:53:52.781	0.93480				2
2025.09.16	02:53:54.222	0.93481				2
2025.09.16	02:53:58.518	0.93482	0.93491			6
2025.09.16	02:54:00.428	0.93483				2
2025.09.16	02:54:00.809	0.93482				2
2025.09.16	02:54:12.698	0.93483				2
2025.09.16	02:54:22.962	0.93482				2
2025.09.16	02:54:38.711	0.93481				2
2025.09.16	02:54:40.163	0.93485	0.93490			6
2025.09.16	02:54:45.170	0.93484				2
2025.09.16	02:54:50.186		0.93491			4
2025.09.16	02:54:58.025	0.93483				2
2025.09.16	02:55:00.248	0.93483				2
2025.09.16	02:55:01.310	0.93484				2
2025.09.16	02:55:02.748	0.93483				2
2025.09.16	02:55:25.056	0.93484				2
2025.09.16	02:55:27.564	0.93483				2
2025.09.16	02:55:38.019	0.93480	0.93487			6
2025.09.16	02:55:38.368	0.93479				2
2025.09.16	02:55:38.958	0.93481				2
2025.09.16	02:55:43.804	0.93480				2
2025.09.16	02:55:48.835	0.93479	0.93488			6
2025.09.16	02:55:49.346	0.93478				2
2025.09.16	02:55:52.054	0.93479				2
2025.09.16	02:55:53.096	0.93480				2
2025.09.16	02:55:53.930	0.93479				2
2025.09.16	02:55:57.274	0.93480				2
2025.09.16	02:55:58.885	0.93479				2
2025.09.16	02:55:59.298	0.93480	0.93487			6
2025.09.16	02:56:04.481	0.93480				2
2025.09.16	02:56:13.752	0.93479				2
2025.09.16	02:56:14.821	0.93480				2
2025.09.16	02:56:24.171	0.93481				2
2025.09.16	02:56:25.269	0.93480				2
2025.09.16	02:56:25.577		0.93488			4
2025.09.16	02:56:28.347		0.93487			4
2025.09.16	02:56:29.438	0.93481				2
2025.09.16	02:56:35.568	0.93480				2
2025.09.16	02:56:38.211	0.93481				2
2025.09.16	02:56:42.265	0.93474	0.93484			6
2025.09.16	02:56:42.579	0.93475	0.93485			6
