<DATE>	<TIME>	<BID>	<ASK>	<LAST>	<VOLUME>	<FLAGS>
2025.10.08	00:03:30.579	0.92980	0.93170			6
2025.10.08	00:04:02.416	0.92980				2
2025.10.08	00:04:31.536		0.93170			4
2025.10.08	00:05:00.304	0.92980	0.93198			6
2025.10.08	00:06:01.063	0.92980	0.93198			6
2025.10.08	00:07:00.443	0.92980				2
2025.10.08	00:07:03.822		0.93198			4
2025.10.08	00:08:00.356	0.92980				2
2025.10.08	00:08:10.361		0.93198			4
2025.10.08	00:08:53.348	0.92983				2
2025.10.08	00:09:01.903	0.92983				2
2025.10.08	00:09:09.665	0.92980				2
2025.10.08	00:09:11.536		0.93198			4
2025.10.08	00:09:16.793	0.92984				2
2025.10.08	00:09:30.741	0.92985	0.93191			6
2025.10.08	00:09:31.078	0.92983	0.93199			6
2025.10.08	00:09:33.776	0.92979				2
2025.10.08	00:09:34.746	0.92983				2
2025.10.08	00:09:35.076	0.92984				2
2025.10.08	00:09:35.775	0.92979				2
2025.10.08	00:09:36.081	0.92984				2
2025.10.08	00:09:36.775	0.92979				2
2025.10.08	00:09:38.794	0.92983				2
2025.10.08	00:09:39.495	0.92981				2
2025.10.08	00:09:39.802	0.92979				2
2025.10.08	00:09:40.309	0.92981				2
2025.10.08	00:09:40.813	0.92979				2
2025.10.08	00:09:41.596		0.93182			4
2025.10.08	00:09:42.223		0.93199			4
2025.10.08	00:09:44.348	0.92981				2
2025.10.08	00:09:44.830	0.92979				2
2025.10.08	00:09:48.850	0.92983				2
2025.10.08	00:09:49.847	0.92979				2
2025.10.08	00:09:50.273	0.92981				2
2025.10.08	00:09:50.676	0.92979				2
2025.10.08	00:09:51.084	0.92982				2
2025.10.08	00:09:51.405	0.92983				2
2025.10.08	00:09:52.275	0.92979	0.93182			6
2025.10.08	00:09:53.374		0.93199			4
2025.10.08	00:09:53.723	0.92983				2
2025.10.08	00:09:56.347	0.92979				2
2025.10.08	00:09:57.117	0.92983				2
2025.10.08	00:09:57.483	0.92981				2
2025.10.08	00:09:58.823	0.92979				2
2025.10.08	00:09:59.146	0.92983				2
2025.10.08	00:09:59.466	0.92979	0.93163			6
2025.10.08	00:09:59.778		0.93164			4
2025.10.08	00:10:00.137	0.92979	0.93110			6
2025.10.08	00:10:03.358		0.93109			4
2025.10.08	00:10:04.344		0.93110			4
2025.10.08	00:10:11.892	0.92992	0.93111			6
2025.10.08	00:10:12.831	0.92993	0.93112			6
2025.10.08	00:10:23.114	0.92992	0.93111			6
2025.10.08	00:10:23.719	0.92993	0.93112			6
2025.10.08	00:10:32.413	0.92992	0.93111			6
2025.10.08	00:10:34.002	0.92990	0.93109			6
2025.10.08	00:10:36.260	0.92991	0.93110			6
2025.10.08	00:10:36.912	0.92990	0.93109			6
2025.10.08	00:11:00.105	0.92990				2
2025.10.08	00:11:13.652	0.92988	0.93107			6
2025.10.08	00:11:13.953	0.92987	0.93106			6
2025.10.08	00:11:14.256	0.92988	0.93107			6
2025.10.08	00:11:17.567	0.92973	0.93102			6
2025.10.08	00:11:23.471	0.92988	0.93107			6
2025.10.08	00:11:24.143	0.92973	0.93102			6
2025.10.08	00:11:25.675		0.93099			4
2025.10.08	00:11:27.772		0.93098			4
2025.10.08	00:11:28.858		0.93099			4
2025.10.08	00:11:30.222	0.92986	0.93105			6
2025.10.08	00:11:30.869	0.92973	0.93099			6
2025.10.08	00:11:38.838		0.93098			4
2025.10.08	00:11:46.022	0.92965				2
2025.10.08	00:11:48.821	0.92966				2
2025.10.08	00:11:49.358		0.93099			4
2025.10.08	00:11:53.276	0.92973				2
2025.10.08	00:12:01.539	0.92973				2
2025.10.08	00:12:06.452	0.92966	0.93097			6
2025.10.08	00:12:08.436	0.92973	0.93099			6
2025.10.08	00:12:39.106		0.93097			4
2025.10.08	00:12:39.955		0.93099			4
2025.10.08	00:12:40.258	0.92966				2
2025.10.08	00:12:47.350	0.92973	0.93100			6
2025.10.08	00:12:48.320		0.93101			4
2025.10.08	00:12:50.322		0.93102			4
2025.10.08	00:12:54.705		0.93105			4
2025.10.08	00:12:55.945		0.93108			4
2025.10.08	00:13:00.388	0.92973				2
2025.10.08	00:13:01.003		0.93110			4
2025.10.08	00:13:02.694		0.93111			4
2025.10.08	00:13:05.975		0.93112			4
2025.10.08	00:13:07.983	0.92966	0.93111			6
2025.10.08	00:13:18.758		0.93112			4
2025.10.08	00:13:21.539		0.93111			4
2025.10.08	00:13:24.700		0.93112			4
2025.10.08	00:13:26.557		0.93113			4
2025.10.08	00:13:45.459		0.93112			4
2025.10.08	00:14:00.356	0.92966				2
2025.10.08	00:14:03.158		0.93111			4
2025.10.08	00:14:21.260		0.93110			4
2025.10.08	00:14:27.157		0.93109			4
2025.10.08	00:14:27.465		0.93106			4
2025.10.08	00:14:29.226		0.93107			4
2025.10.08	00:14:33.860	0.92961				2
2025.10.08	00:14:37.688		0.93106			4
2025.10.08	00:14:51.537		0.93105			4
2025.10.08	00:14:54.759		0.93106			4
2025.10.08	00:15:01.538	0.92961				2
2025.10.08	00:15:02.821	0.92974				2
2025.10.08	00:15:03.214		0.93104			4
2025.10.08	00:15:05.622	0.92984	0.93105			6
2025.10.08	00:15:05.941	0.92975	0.93110			6
2025.10.08	00:15:06.346		0.93106			4
2025.10.08	00:15:06.717	0.92974				2
2025.10.08	00:15:07.032	0.92975				2
2025.10.08	00:15:07.338	0.92979	0.93108			6
2025.10.08	00:15:07.657	0.92976	0.93107			6
2025.10.08	00:15:07.959	0.92974	0.93106			6
2025.10.08	00:15:08.277	0.92978	0.93107			6
2025.10.08	00:15:08.598	0.92975	0.93105			6
2025.10.08	00:15:09.219		0.93106			4
2025.10.08	00:15:09.957		0.93102			4
2025.10.08	00:15:10.746	0.92974	0.93103			6
2025.10.08	00:15:11.058	0.92975				2
2025.10.08	00:15:12.080	0.92978	0.93102			6
2025.10.08	00:15:12.784		0.93103			4
2025.10.08	00:15:13.215	0.92981	0.93102			6
2025.10.08	00:15:14.255		0.93104			4
2025.10.08	00:15:14.563	0.92983				2
2025.10.08	00:15:15.298	0.92982	0.93103			6
2025.10.08	00:15:16.336	0.92997	0.93105			6
2025.10.08	00:15:16.638	0.92987				2
2025.10.08	00:15:17.375	0.92974	0.93102			6
2025.10.08	00:15:18.415	0.92983	0.93104			6
2025.10.08	00:15:19.084	0.92975	0.93103			6
2025.10.08	00:15:19.460	0.92974				2
2025.10.08	00:15:20.399	0.92989				2
2025.10.08	00:15:20.751	0.92979	0.93101			6
2025.10.08	00:15:21.414	0.92982	0.93100			6
2025.10.08	00:15:21.720		0.93101			4
2025.10.08	00:15:22.697	0.92984				2
2025.10.08	00:15:23.475	0.92983	0.93100			6
2025.10.08	00:15:23.782	0.92986	0.93101			6
2025.10.08	00:15:25.099	0.92983				2
2025.10.08	00:15:25.817	0.92987				2
2025.10.08	00:15:26.125	0.92984				2
2025.10.08	00:15:26.853	0.92986				2
2025.10.08	00:15:27.165	0.92984	0.93100			6
2025.10.08	00:15:27.896	0.92986	0.93101			6
2025.10.08	00:15:28.932	0.92998				2
2025.10.08	00:15:29.363	0.92989				2
2025.10.08	00:15:29.857	0.92984	0.93099			6
2025.10.08	00:15:30.248	0.92975				2
2025.10.08	00:15:31.016	0.92990	0.93100			6
2025.10.08	00:15:31.319	0.92974	0.93098			6
2025.10.08	00:15:32.054		0.93099			4
2025.10.08	00:15:32.361	0.92975				2
2025.10.08	00:15:32.921	0.92992	0.93100			6
2025.10.08	00:15:33.264	0.92985				2
2025.10.08	00:15:34.137	0.92974				2
2025.10.08	00:15:34.515		0.93099			4
2025.10.08	00:15:35.176		0.93098			4
2025.10.08	00:15:36.215		0.93099			4
2025.10.08	00:15:37.253	0.92981	0.93098			6
2025.10.08	00:15:37.561	0.92980				2
2025.10.08	00:15:38.293	0.92974	0.93099			6
2025.10.08	00:15:39.375	0.92988				2
2025.10.08	00:15:39.678	0.92974	0.93094			6
2025.10.08	00:15:40.721		0.93093			4
2025.10.08	00:15:45.614		0.93092			4
2025.10.08	00:15:47.762		0.93093			4
2025.10.08	00:15:48.795	0.92962	0.93092			6
2025.10.08	00:15:55.532	0.92960	0.93091			6
2025.10.08	00:15:58.154	0.92974				2
2025.10.08	00:15:59.195		0.93092			4
2025.10.08	00:16:00.233	0.92974				2
2025.10.08	00:16:01.275		0.93091			4
2025.10.08	00:16:02.317		0.93092			4
2025.10.08	00:16:03.356		0.93091			4
2025.10.08	00:16:04.395		0.93090			4
2025.10.08	00:16:05.435		0.93091			4
2025.10.08	00:16:06.457		0.93092			4
2025.10.08	00:16:08.412		0.93091			4
2025.10.08	00:16:09.566		0.93085			4
2025.10.08	00:16:09.966	0.92975				2
2025.10.08	00:16:10.633		0.93086			4
2025.10.08	00:16:10.940		0.93087			4
2025.10.08	00:16:11.274		0.93088			4
2025.10.08	00:16:11.675		0.93089			4
2025.10.08	00:16:12.718	0.92962				2
2025.10.08	00:16:13.754	0.92975				2
2025.10.08	00:16:14.799		0.93090			4
2025.10.08	00:16:16.875	0.92976				2
2025.10.08	00:16:17.915	0.92974	0.93089			6
2025.10.08	00:16:18.953	0.92948	0.93090			6
2025.10.08	00:16:19.996	0.92975				2
2025.10.08	00:16:21.361		0.93091			4
2025.10.08	00:16:22.002	0.92952				2
2025.10.08	00:16:23.114	0.92975				2
2025.10.08	00:16:23.433		0.93082			4
2025.10.08	00:16:24.118	0.92951	0.93091			6
2025.10.08	00:16:24.958	0.92975				2
2025.10.08	00:16:26.163		0.93089			4
2025.10.08	00:16:26.838	0.92959				2
2025.10.08	00:16:27.219	0.92974				2
2025.10.08	00:16:27.572	0.92964				2
2025.10.08	00:16:27.917	0.92974				2
2025.10.08	00:16:29.354		0.93088			4
2025.10.08	00:16:30.396		0.93084			4
2025.10.08	00:16:30.808	0.92975				2
2025.10.08	00:16:31.153	0.92974	0.93081			6
2025.10.08	00:16:31.457		0.93088			4
2025.10.08	00:16:32.475	0.92963				2
2025.10.08	00:16:32.953	0.92974				2
2025.10.08	00:16:33.515	0.92975				2
2025.10.08	00:16:33.842	0.92959				2
2025.10.08	00:16:34.160	0.92974				2
2025.10.08	00:16:34.953	0.92975				2
2025.10.08	00:16:35.292	0.92974				2
2025.10.08	00:16:36.065	0.92959				2
2025.10.08	00:16:37.490	0.92960				2
2025.10.08	00:16:37.847	0.92959				2
2025.10.08	00:16:39.515	0.92962	0.93082			6
2025.10.08	00:16:39.818	0.92961	0.93087			6
2025.10.08	00:16:40.648	0.92962	0.93088			6
2025.10.08	00:16:41.055		0.93087			4
2025.10.08	00:16:41.411	0.92979	0.93086			6
2025.10.08	00:16:41.717	0.92974	0.93085			6
2025.10.08	00:16:42.409	0.92975				2
2025.10.08	00:16:42.724	0.92985				2
2025.10.08	00:16:43.025	0.92990				2
2025.10.08	00:16:43.339	0.92989	0.93084			6
2025.10.08	00:16:43.645	0.92983	0.93082			6
2025.10.08	00:16:43.958		0.93084			4
2025.10.08	00:16:44.316	0.92982				2
2025.10.08	00:16:45.308	0.92983				2
2025.10.08	00:16:45.862		0.93083			4
2025.10.08	00:16:46.423		0.93084			4
2025.10.08	00:16:49.965	0.92975	0.93069			6
2025.10.08	00:16:50.278		0.93059			4
2025.10.08	00:16:51.194		0.93069			4
2025.10.08	00:16:52.237		0.93070			4
2025.10.08	00:16:53.275		0.93069			4
2025.10.08	00:16:58.474		0.93070			4
2025.10.08	00:17:00.559	0.92975				2
2025.10.08	00:17:09.916		0.93069			4
2025.10.08	00:17:11.603		0.93070			4
2025.10.08	00:17:11.997		0.93069			4
2025.10.08	00:17:21.758		0.93070			4
2025.10.08	00:17:22.512		0.93071			4
2025.10.08	00:17:24.474		0.93072			4
2025.10.08	00:17:26.560		0.93071			4
2025.10.08	00:17:29.676		0.93070			4
2025.10.08	00:17:30.033		0.93077			4
2025.10.08	00:17:31.658		0.93078			4
2025.10.08	00:18:01.148	0.92975	0.93077			6
2025.10.08	00:18:18.762		0.93078			4
2025.10.08	00:18:29.735		0.93077			4
2025.10.08	00:18:36.042		0.93078			4
2025.10.08	00:18:41.709		0.93080			4
2025.10.08	00:18:56.635	0.92967				2
2025.10.08	00:19:01.530	0.92967				2
2025.10.08	00:19:44.703		0.93080			4
2025.10.08	00:19:50.116	0.92964				2
2025.10.08	00:20:00.313	0.92964				2
2025.10.08	00:20:12.193	0.92965				2
2025.10.08	00:20:23.422	0.92951				2
2025.10.08	00:20:30.041		0.93078			4
2025.10.08	00:20:31.525	0.92955				2
2025.10.08	00:20:35.117	0.92966				2
2025.10.08	00:20:37.417	0.92980	0.93081			6
2025.10.08	00:20:37.897		0.93082			4
2025.10.08	00:20:38.518		0.93083			4
2025.10.08	00:20:38.829		0.93084			4
2025.10.08	00:20:39.137		0.93082			4
2025.10.08	00:20:39.445		0.93084			4
2025.10.08	00:20:39.748		0.93087			4
2025.10.08	00:20:40.360		0.93084			4
2025.10.08	00:20:48.658		0.93087			4
2025.10.08	00:20:48.977		0.93084			4
2025.10.08	00:20:50.429	0.92974	0.93093			6
2025.10.08	00:20:53.681	0.92990	0.93088			6
2025.10.08	00:20:59.248	0.92980	0.93089			6
2025.10.08	00:20:59.666	0.92987	0.93087			6
2025.10.08	00:20:59.976	0.92995	0.93084			6
2025.10.08	00:21:00.279	0.92992				2
2025.10.08	00:21:00.752	0.92997				2
2025.10.08	00:21:01.166		0.93085			4
2025.10.08	00:21:01.733		0.93087			4
2025.10.08	00:21:02.246		0.93088			4
2025.10.08	00:21:06.006		0.93086			4
2025.10.08	00:21:11.289	0.92980	0.93088			6
2025.10.08	00:21:11.747	0.92997	0.93086			6
2025.10.08	00:21:12.222	0.92980	0.93088			6
2025.10.08	00:21:12.698	0.92991	0.93087			6
2025.10.08	00:21:13.131	0.92994	0.93086			6
2025.10.08	00:21:14.789		0.93088			4
2025.10.08	00:21:22.416	0.92980				2
2025.10.08	00:21:22.717	0.92982	0.93086			6
2025.10.08	00:21:27.330	0.92983	0.93088			6
2025.10.08	00:21:29.172	0.92986	0.93087			6
2025.10.08	00:21:33.312	0.92994				2
2025.10.08	00:21:33.639	0.92985	0.93109			6
2025.10.08	00:21:33.972	0.92998				2
2025.10.08	00:21:34.418	0.92983	0.93111			6
2025.10.08	00:21:34.741	0.92994	0.93110			6
2025.10.08	00:21:35.144	0.92983	0.93111			6
2025.10.08	00:21:35.670	0.92990	0.93110			6
2025.10.08	00:21:39.960	0.92986	0.93089			6
2025.10.08	00:21:40.352	0.92994				2
2025.10.08	00:21:40.817		0.93090			4
2025.10.08	00:21:45.038	0.93004	0.93091			6
2025.10.08	00:21:50.308	0.92980	0.93089			6
2025.10.08	00:21:50.610	0.92990	0.93088			6
2025.10.08	00:21:51.110	0.92980				2
2025.10.08	00:21:51.608	0.92984	0.93087			6
2025.10.08	00:21:52.110	0.92980	0.93088			6
2025.10.08	00:21:52.609	0.92985				2
2025.10.08	00:21:53.109	0.92980				2
2025.10.08	00:21:53.609	0.92983	0.93087			6
2025.10.08	00:21:54.113	0.92980	0.93088			6
2025.10.08	00:21:54.609	0.92986				2
2025.10.08	00:21:55.112	0.92980				2
2025.10.08	00:21:55.609	0.92986				2
2025.10.08	00:21:56.113	0.92980				2
2025.10.08	00:21:56.613	0.92986				2
2025.10.08	00:21:57.109	0.92980				2
2025.10.08	00:21:57.608	0.92986				2
2025.10.08	00:21:57.967	0.92983				2
2025.10.08	00:21:58.612	0.92990				2
2025.10.08	00:21:59.022	0.92983				2
2025.10.08	00:22:00.384	0.92983	0.93087			6
2025.10.08	00:22:00.810		0.93089			4
2025.10.08	00:22:08.005		0.93087			4
2025.10.08	00:22:09.602		0.93089			4
2025.10.08	00:22:09.966	0.93003	0.93097			6
2025.10.08	00:22:10.411	0.93002	0.93096			6
2025.10.08	00:22:11.366		0.93097			4
2025.10.08	00:22:14.197	0.92983	0.93102			6
2025.10.08	00:22:14.829	0.93002	0.93097			6
2025.10.08	00:22:18.158		0.93099			4
2025.10.08	00:22:18.848	0.92995	0.93104			6
2025.10.08	00:22:19.175		0.93102			4
2025.10.08	00:22:19.812	0.92996	0.93105			6
2025.10.08	00:22:20.314		0.93104			4
2025.10.08	00:22:20.909	0.92994				2
2025.10.08	00:22:21.951	0.92995				2
2025.10.08	00:22:22.488		0.93103			4
2025.10.08	00:22:22.983		0.93104			4
2025.10.08	00:22:23.528		0.93103			4
2025.10.08	00:22:23.897		0.93104			4
2025.10.08	00:22:24.531		0.93103			4
2025.10.08	00:22:25.377		0.93101			4
2025.10.08	00:22:25.697	0.93001	0.93102			6
2025.10.08	00:22:26.002	0.92995	0.93099			6
2025.10.08	00:22:26.317	0.92997	0.93103			6
2025.10.08	00:22:26.637	0.92995	0.93102			6
2025.10.08	00:22:26.956	0.92997	0.93101			6
2025.10.08	00:22:27.277	0.93012	0.93120			6
2025.10.08	00:22:27.578		0.93132			4
2025.10.08	00:22:27.897	0.92997	0.93101			6
2025.10.08	00:22:28.198		0.93099			4
2025.10.08	00:22:28.517	0.92995	0.93100			6
2025.10.08	00:22:28.837		0.93096			4
2025.10.08	00:22:29.143	0.92997	0.93102			6
2025.10.08	00:22:29.457		0.93108			4
2025.10.08	00:22:29.777	0.93015	0.93117			6
2025.10.08	00:22:30.098	0.93009	0.93123			6
2025.10.08	00:22:30.418	0.92996	0.93099			6
2025.10.08	00:22:30.720	0.92997	0.93098			6
2025.10.08	00:22:31.038	0.92995	0.93099			6
2025.10.08	00:22:31.358	0.92996	0.93097			6
2025.10.08	00:22:31.677	0.92995	0.93103			6
2025.10.08	00:22:31.997	0.92998	0.93100			6
2025.10.08	00:22:32.298	0.93010	0.93119			6
2025.10.08	00:22:32.600		0.93122			4
2025.10.08	00:22:32.917	0.93012	0.93101			6
2025.10.08	00:22:33.221	0.93009	0.93123			6
2025.10.08	00:22:33.537	0.93002	0.93102			6
2025.10.08	00:22:33.857	0.93012	0.93120			6
2025.10.08	00:22:34.158	0.92995	0.93100			6
2025.10.08	00:22:34.478	0.93007	0.93137			6
2025.10.08	00:22:34.779	0.92995	0.93122			6
2025.10.08	00:22:35.099		0.93101			4
2025.10.08	00:22:35.418	0.92998	0.93100			6
2025.10.08	00:22:35.738	0.93000	0.93102			6
2025.10.08	00:22:36.058	0.92996	0.93103			6
2025.10.08	00:22:36.377	0.92995	0.93098			6
2025.10.08	00:22:36.679		0.93097			4
2025.10.08	00:22:36.997	0.92996	0.93100			6
2025.10.08	00:22:37.317		0.93101			4
2025.10.08	00:22:37.619	0.92997	0.93099			6
2025.10.08	00:22:37.937	0.93009	0.93102			6
2025.10.08	00:22:38.241	0.92997				2
2025.10.08	00:22:38.557	0.93002	0.93099			6
2025.10.08	00:22:38.877	0.92997	0.93103			6
2025.10.08	00:22:39.197	0.93010	0.93122			6
2025.10.08	00:22:39.517	0.93009	0.93102			6
2025.10.08	00:22:39.837	0.93013	0.93098			6
2025.10.08	00:22:40.139	0.93014	0.93114			6
2025.10.08	00:22:40.458	0.92997	0.93102			6
2025.10.08	00:22:40.777	0.93011	0.93099			6
2025.10.08	00:22:41.098		0.93122			4
2025.10.08	00:22:41.418	0.93010				2
2025.10.08	00:22:41.738	0.92995	0.93099			6
2025.10.08	00:22:42.058	0.92996	0.93101			6
2025.10.08	00:22:42.378	0.92997	0.93102			6
2025.10.08	00:22:42.697	0.92995	0.93098			6
2025.10.08	00:22:43.017	0.92997	0.93100			6
2025.10.08	00:22:43.337	0.92995	0.93121			6
2025.10.08	00:22:43.638	0.93008	0.93124			6
2025.10.08	00:22:43.957	0.93001	0.93102			6
2025.10.08	00:22:44.278	0.92995	0.93104			6
2025.10.08	00:22:44.598	0.93000	0.93102			6
2025.10.08	00:22:44.917	0.93009	0.93097			6
2025.10.08	00:22:45.218	0.93010	0.93122			6
2025.10.08	00:22:45.537	0.93002	0.93103			6
2025.10.08	00:22:45.842	0.93011	0.93121			6
2025.10.08	00:22:46.157	0.92996	0.93102			6
2025.10.08	00:22:46.477	0.92998	0.93101			6
2025.10.08	00:22:46.779	0.93009	0.93124			6
2025.10.08	00:22:47.097	0.93011	0.93122			6
2025.10.08	00:22:47.417	0.93009	0.93124			6
2025.10.08	00:22:47.718	0.92996	0.93100			6
2025.10.08	00:22:48.037	0.92995	0.93099			6
2025.10.08	00:22:48.356	0.93012	0.93120			6
2025.10.08	00:22:48.676	0.92995	0.93099			6
2025.10.08	00:22:48.997	0.93002	0.93117			6
2025.10.08	00:22:49.317	0.92996	0.93101			6
2025.10.08	00:22:49.618		0.93100			4
2025.10.08	00:22:49.919	0.92995	0.93097			6
2025.10.08	00:22:50.237		0.93099			4
2025.10.08	00:22:50.542	0.92996				2
2025.10.08	00:22:50.858	0.92997	0.93101			6
2025.10.08	00:22:51.177	0.93002	0.93103			6
2025.10.08	00:22:51.496	0.92998				2
2025.10.08	00:22:51.797	0.92997	0.93101			6
2025.10.08	00:22:52.117	0.93013	0.93102			6
2025.10.08	00:22:52.421	0.92998				2
2025.10.08	00:22:52.737	0.93013	0.93119			6
2025.10.08	00:22:53.038	0.92998	0.93100			6
2025.10.08	00:22:53.356	0.92997	0.93103			6
2025.10.08	00:22:53.658	0.92995	0.93097			6
2025.10.08	00:22:53.977	0.92997	0.93103			6
2025.10.08	00:22:54.297	0.93014	0.93119			6
2025.10.08	00:22:54.598	0.92995	0.93103			6
2025.10.08	00:22:54.916	0.92997	0.93101			6
2025.10.08	00:22:55.237	0.93012	0.93120			6
2025.10.08	00:22:55.540	0.92996	0.93102			6
2025.10.08	00:22:55.858	0.92997	0.93101			6
2025.10.08	00:22:56.176	0.92996				2
2025.10.08	00:22:56.498	0.92999	0.93104			6
2025.10.08	00:22:56.798	0.93013	0.93119			6
2025.10.08	00:22:57.117	0.92997	0.93103			6
2025.10.08	00:22:57.437	0.93001				2
2025.10.08	00:22:57.737	0.92995	0.93096			6
2025.10.08	00:22:58.045	0.92997	0.93101			6
2025.10.08	00:22:58.357	0.93011	0.93121			6
2025.10.08	00:22:58.658	0.92996	0.93096			6
2025.10.08	00:22:58.961	0.92998	0.93100			6
2025.10.08	00:22:59.276	0.93002	0.93099			6
2025.10.08	00:22:59.577	0.92997	0.93100			6
2025.10.08	00:22:59.897	0.92995	0.93103			6
2025.10.08	00:23:00.201	0.92996	0.93097			6
2025.10.08	00:23:00.517	0.92998	0.93102			6
2025.10.08	00:23:00.837	0.92996	0.93101			6
2025.10.08	00:23:01.157	0.93012	0.93102			6
2025.10.08	00:23:01.463	0.92998	0.93100			6
2025.10.08	00:23:01.778	0.92996	0.93102			6
2025.10.08	00:23:02.097	0.92997				2
2025.10.08	00:23:02.417	0.92996	0.93097			6
2025.10.08	00:23:02.719	0.93011	0.93121			6
2025.10.08	00:23:03.037	0.93012	0.93116			6
2025.10.08	00:23:03.357	0.92997	0.93104			6
2025.10.08	00:23:03.676		0.93102			4
2025.10.08	00:23:03.996	0.92998				2
2025.10.08	00:23:04.299	0.92995	0.93121			6
2025.10.08	00:23:04.616	0.92998	0.93102			6
2025.10.08	00:23:04.937	0.92996	0.93098			6
2025.10.08	00:23:05.257	0.92995	0.93099			6
2025.10.08	00:23:05.562	0.93007	0.93131			6
2025.10.08	00:23:05.876	0.93002	0.93104			6
2025.10.08	00:23:06.197	0.92997	0.93103			6
2025.10.08	00:23:06.517	0.93002	0.93102			6
2025.10.08	00:23:06.820	0.92997	0.93103			6
2025.10.08	00:23:07.136		0.93104			4
2025.10.08	00:23:07.777	0.93015	0.93125			6
2025.10.08	00:23:08.097	0.93007	0.93104			6
2025.10.08	00:23:08.398	0.93008	0.93101			6
2025.10.08	00:23:08.750	0.93017	0.93123			6
2025.10.08	00:23:09.081	0.93016	0.93124			6
2025.10.08	00:23:09.765	0.93017	0.93139			6
2025.10.08	00:23:10.077	0.93003	0.93103			6
2025.10.08	00:23:10.398	0.93018	0.93126			6
2025.10.08	00:23:10.744		0.93138			4
2025.10.08	00:23:11.377		0.93126			4
2025.10.08	00:23:12.594		0.93138			4
2025.10.08	00:23:13.677	0.93021	0.93122			6
2025.10.08	00:23:13.978	0.93018	0.93126			6
2025.10.08	00:23:14.345	0.93017	0.93103			6
2025.10.08	00:23:14.648	0.93018	0.93110			6
2025.10.08	00:23:15.116		0.93126			4
2025.10.08	00:23:15.686		0.93137			4
2025.10.08	00:23:16.274	0.93016	0.93128			6
2025.10.08	00:23:16.763	0.93017	0.93139			6
2025.10.08	00:23:17.437	0.93019	0.93125			6
2025.10.08	00:23:17.877	0.93017	0.93126			6
2025.10.08	00:23:18.517	0.93003	0.93102			6
2025.10.08	00:23:19.013	0.93004	0.93101			6
2025.10.08	00:23:19.510	0.93019	0.93137			6
2025.10.08	00:23:19.823	0.93018	0.93102			6
2025.10.08	00:23:20.232	0.93017	0.93103			6
2025.10.08	00:23:20.715	0.93012	0.93102			6
2025.10.08	00:23:21.048	0.93007				2
2025.10.08	00:23:21.362	0.93014	0.93100			6
2025.10.08	00:23:21.732	0.93017	0.93103			6
2025.10.08	00:23:22.054	0.93012	0.93101			6
2025.10.08	00:23:22.357	0.93010	0.93102			6
2025.10.08	00:23:22.855	0.93012	0.93100			6
2025.10.08	00:23:23.156	0.93003	0.93102			6
2025.10.08	00:23:23.700	0.93012	0.93101			6
2025.10.08	00:23:24.197	0.93004				2
2025.10.08	00:23:24.851	0.93005	0.93100			6
2025.10.08	00:23:25.159	0.93012	0.93101			6
2025.10.08	00:23:26.355	0.93005	0.93100			6
2025.10.08	00:23:26.709	0.93003	0.93101			6
2025.10.08	00:23:27.206		0.93102			4
2025.10.08	00:23:27.517	0.93011				2
2025.10.08	00:23:28.224	0.93009	0.93103			6
2025.10.08	00:23:28.537	0.92999	0.93101			6
2025.10.08	00:23:28.898	0.93002	0.93099			6
2025.10.08	00:23:29.260	0.93017	0.93105			6
2025.10.08	00:23:29.578	0.93015	0.93107			6
2025.10.08	00:23:29.940		0.93106			4
2025.10.08	00:23:30.324	0.93017				2
2025.10.08	00:23:30.638	0.93015				2
2025.10.08	00:23:30.940	0.93006	0.93103			6
2025.10.08	00:23:31.257	0.93007	0.93105			6
2025.10.08	00:23:31.578	0.93020	0.93104			6
2025.10.08	00:23:31.897	0.93006	0.93102			6
2025.10.08	00:23:32.199	0.93012	0.93105			6
2025.10.08	00:23:32.517	0.93020				2
2025.10.08	00:23:32.820	0.93006	0.93169			6
2025.10.08	00:23:33.138	0.92995	0.93159			6
2025.10.08	00:23:33.447	0.93004	0.93161			6
2025.10.08	00:23:36.762		0.93160			4
2025.10.08	00:23:38.560		0.93159			4
2025.10.08	00:23:40.642	0.92996	0.93158			6
2025.10.08	00:23:41.786		0.93153			4
2025.10.08	00:23:42.139		0.93150			4
2025.10.08	00:23:43.959		0.93149			4
2025.10.08	00:23:45.759		0.93148			4
2025.10.08	00:23:47.921		0.93147			4
2025.10.08	00:23:49.602		0.93144			4
2025.10.08	00:23:51.763		0.93143			4
2025.10.08	00:23:54.259		0.93142			4
2025.10.08	00:23:55.746	0.92988	0.93177			6
2025.10.08	00:23:56.859		0.93176			4
2025.10.08	00:23:58.058		0.93175			4
2025.10.08	00:24:00.158	0.92988	0.93174			6
2025.10.08	00:24:01.958		0.93173			4
2025.10.08	00:24:04.060		0.93172			4
2025.10.08	00:24:05.258		0.93171			4
2025.10.08	00:24:08.558		0.93170			4
2025.10.08	00:24:10.357		0.93169			4
2025.10.08	00:24:13.059		0.93168			4
2025.10.08	00:24:15.697	0.92992	0.93160			6
2025.10.08	00:24:16.183	0.92984				2
2025.10.08	00:24:18.761		0.93159			4
2025.10.08	00:24:21.514	0.93006	0.93164			6
2025.10.08	00:24:21.820	0.92987	0.93159			6
2025.10.08	00:24:22.958		0.93158			4
2025.10.08	00:24:25.392	0.92992	0.93135			6
2025.10.08	00:24:28.059		0.93136			4
2025.10.08	00:24:31.532	0.93007	0.93144			6
2025.10.08	00:24:41.535	0.92991	0.93137			6
2025.10.08	00:24:51.590	0.93001	0.93147			6
2025.10.08	00:24:51.898	0.93006	0.93144			6
2025.10.08	00:24:52.217		0.93148			4
2025.10.08	00:24:52.538	0.92990	0.93146			6
2025.10.08	00:24:52.840		0.93144			4
2025.10.08	00:25:00.304	0.92990				2
2025.10.08	00:25:01.594		0.93142			4
2025.10.08	00:25:02.089	0.92991	0.93143			6
2025.10.08	00:25:02.452	0.93003				2
2025.10.08	00:25:02.757	0.93004	0.93146			6
2025.10.08	00:25:03.277	0.92995	0.93144			6
2025.10.08	00:25:06.558		0.93141			4
2025.10.08	00:25:07.587	0.92994	0.93147			6
2025.10.08	00:25:11.537	0.92992	0.93112			6
2025.10.08	00:25:11.838	0.93008	0.93113			6
2025.10.08	00:25:12.206	0.93005	0.93112			6
2025.10.08	00:25:12.520	0.93001	0.93113			6
2025.10.08	00:25:15.419	0.93006	0.93112			6
2025.10.08	00:25:15.911	0.93002				2
2025.10.08	00:25:16.543	0.92991	0.93136			6
2025.10.08	00:25:20.136		0.93139			4
2025.10.08	00:25:21.646	0.92992				2
2025.10.08	00:25:22.142		0.93140			4
2025.10.08	00:25:31.696	0.93007	0.93139			6
2025.10.08	00:25:40.458	0.93005	0.93142			6
2025.10.08	00:25:40.760	0.92996				2
2025.10.08	00:25:41.538		0.93143			4
2025.10.08	00:25:48.380	0.92994	0.93142			6
2025.10.08	00:25:49.358	0.92996				2
2025.10.08	00:25:51.765	0.92994	0.93140			6
2025.10.08	00:25:52.081	0.92993	0.93143			6
2025.10.08	00:25:52.767	0.92999	0.93144			6
2025.10.08	00:26:00.158	0.92999				2
2025.10.08	00:26:01.537	0.93006	0.93145			6
2025.10.08	00:26:01.841		0.93137			4
2025.10.08	00:26:11.842	0.92994	0.93135			6
2025.10.08	00:26:12.336		0.93136			4
2025.10.08	00:26:12.839		0.93139			4
2025.10.08	00:26:16.548		0.93138			4
2025.10.08	00:26:21.858	0.92996	0.93141			6
2025.10.08	00:26:22.357	0.93001				2
2025.10.08	00:26:22.913	0.92995				2
2025.10.08	00:26:23.359	0.92994	0.93140			6
2025.10.08	00:26:23.862	0.92996	0.93141			6
2025.10.08	00:26:24.357	0.93006	0.93140			6
2025.10.08	00:26:24.863	0.93007	0.93139			6
2025.10.08	00:26:25.349	0.92999				2
2025.10.08	00:26:27.297	0.92987	0.93142			6
2025.10.08	00:26:31.877	0.92981	0.93144			6
2025.10.08	00:26:35.432		0.93146			4
2025.10.08	00:26:37.394	0.92986	0.93137			6
2025.10.08	00:26:37.897	0.92985				2
2025.10.08	00:26:38.346	0.92998	0.93139			6
2025.10.08	00:26:38.901		0.93141			4
2025.10.08	00:26:42.008		0.93134			4
2025.10.08	00:26:42.350		0.93141			4
2025.10.08	00:26:52.031	0.92997	0.93138			6
2025.10.08	00:26:52.338	0.92986	0.93139			6
2025.10.08	00:26:52.639	0.92987	0.93133			6
2025.10.08	00:26:52.946		0.93131			4
2025.10.08	00:26:53.259	0.92986	0.93137			6
2025.10.08	00:26:53.560		0.93136			4
2025.10.08	00:26:56.788		0.93138			4
2025.10.08	00:26:57.098	0.92985	0.93136			6
2025.10.08	00:27:00.177	0.92985				2
2025.10.08	00:27:02.045	0.92986	0.93135			6
2025.10.08	00:27:03.001	0.92988	0.93141			6
2025.10.08	00:27:03.313	0.93000	0.93140			6
2025.10.08	00:27:03.618	0.92989	0.93139			6
2025.10.08	00:27:03.925	0.92986	0.93141			6
2025.10.08	00:27:04.238	0.92995				2
2025.10.08	00:27:04.541	0.92993				2
2025.10.08	00:27:04.859	0.92987	0.93134			6
2025.10.08	00:27:12.020	0.92988	0.93139			6
2025.10.08	00:27:12.637		0.93140			4
2025.10.08	00:27:13.623	0.92997	0.93139			6
2025.10.08	00:27:21.993	0.92998	0.93140			6
2025.10.08	00:27:22.299	0.92999	0.93144			6
2025.10.08	00:27:22.870		0.93142			4
2025.10.08	00:27:32.235	0.92989				2
2025.10.08	00:27:32.710	0.92983	0.93143			6
2025.10.08	00:27:41.615	0.92995	0.93145			6
2025.10.08	00:27:42.149	0.92991	0.93142			6
2025.10.08	00:27:45.980		0.93143			4
2025.10.08	00:27:52.296	0.92993				2
2025.10.08	00:27:52.597		0.93144			4
2025.10.08	00:27:53.102		0.93146			4
2025.10.08	00:27:54.346	0.92998	0.93129			6
2025.10.08	00:27:54.663	0.92999	0.93128			6
2025.10.08	00:27:57.206		0.93127			4
2025.10.08	00:28:00.068	0.92987	0.93118			6
2025.10.08	00:28:00.378	0.92988	0.93117			6
2025.10.08	00:28:00.685	0.92980	0.93118			6
2025.10.08	00:28:00.998	0.92987	0.93116			6
2025.10.08	00:28:02.179	0.92980	0.93114			6
2025.10.08	00:28:02.486	0.92988	0.93115			6
2025.10.08	00:28:03.102	0.92985	0.93119			6
2025.10.08	00:28:03.685	0.92995	0.93117			6
2025.10.08	00:28:04.196	0.92982				2
2025.10.08	00:28:05.188	0.92988				2
2025.10.08	00:28:05.741		0.93113			4
2025.10.08	00:28:06.253	0.92983	0.93114			6
2025.10.08	00:28:06.611		0.93113			4
2025.10.08	00:28:07.279	0.92990				2
2025.10.08	00:28:08.337	0.92988				2
2025.10.08	00:28:09.377	0.92986				2
2025.10.08	00:28:10.279		0.93115			4
2025.10.08	00:28:10.920		0.93113			4
2025.10.08	00:28:11.221	0.93000	0.93114			6
2025.10.08	00:28:11.543	0.92992				2
2025.10.08	00:28:11.959		0.93115			4
2025.10.08	00:28:12.497	0.92984	0.93114			6
2025.10.08	00:28:13.083	0.92985	0.93118			6
2025.10.08	00:28:13.397	0.92987	0.93116			6
2025.10.08	00:28:13.990	0.92997	0.93121			6
2025.10.08	00:28:14.482	0.92984	0.93119			6
2025.10.08	00:28:15.187		0.93117			4
2025.10.08	00:28:15.574		0.93118			4
2025.10.08	00:28:16.499	0.92987				2
2025.10.08	00:28:17.616	0.92985	0.93120			6
2025.10.08	00:28:17.918	0.92987	0.93125			6
2025.10.08	00:28:18.220	0.92990				2
2025.10.08	00:28:18.637	0.92971	0.93126			6
2025.10.08	00:28:18.942	0.92990	0.93125			6
2025.10.08	00:28:19.655	0.92988	0.93127			6
2025.10.08	00:28:19.958	0.92971	0.93125			6
2025.10.08	00:28:20.676		0.93123			4
2025.10.08	00:28:30.879		0.93124			4
2025.10.08	00:28:31.896		0.93125			4
2025.10.08	00:28:32.234	0.92972				2
2025.10.08	00:28:32.669	0.92981	0.93123			6
2025.10.08	00:28:32.977	0.92971	0.93124			6
2025.10.08	00:28:33.940		0.93123			4
2025.10.08	00:28:34.955		0.93125			4
2025.10.08	00:28:35.974		0.93124			4
2025.10.08	00:28:39.567	0.92972	0.93126			6
2025.10.08	00:28:40.055	0.92971	0.93124			6
2025.10.08	00:28:40.580		0.93126			4
2025.10.08	00:28:40.893		0.93123			4
2025.10.08	00:28:41.597	0.92972	0.93126			6
2025.10.08	00:28:42.102	0.92971	0.93124			6
2025.10.08	00:28:42.623	0.92972	0.93126			6
2025.10.08	00:28:45.156	0.92971	0.93124			6
2025.10.08	00:28:45.679	0.92972	0.93126			6
2025.10.08	00:28:48.218	0.92971	0.93123			6
2025.10.08	00:28:48.740	0.92972	0.93126			6
2025.10.08	00:28:49.236	0.92971	0.93124			6
2025.10.08	00:28:51.276		0.93123			4
2025.10.08	00:28:53.317		0.93124			4
2025.10.08	00:28:59.837	0.92975	0.93123			6
2025.10.08	00:29:00.363	0.92975				2
2025.10.08	00:29:01.498		0.93125			4
2025.10.08	00:29:01.998		0.93123			4
2025.10.08	00:29:02.320		0.93124			4
2025.10.08	00:29:08.010	0.92994	0.93121			6
2025.10.08	00:29:11.404	0.93007	0.93123			6
2025.10.08	00:29:11.727		0.93124			4
2025.10.08	00:29:12.323	0.92975	0.93122			6
2025.10.08	00:29:12.638	0.92995	0.93121			6
2025.10.08	00:29:12.939	0.92987	0.93122			6
2025.10.08	00:29:13.256		0.93123			4
2025.10.08	00:29:13.997		0.93124			4
2025.10.08	00:29:22.656	0.92998	0.93126			6
2025.10.08	00:29:23.182	0.92988	0.93124			6
2025.10.08	00:29:23.486		0.93119			4
2025.10.08	00:29:23.797	0.92989				2
2025.10.08	00:29:24.098	0.92987	0.93122			6
2025.10.08	00:29:24.400		0.93121			4
2025.10.08	00:29:24.717	0.92990	0.93122			6
2025.10.08	00:29:25.021	0.92987	0.93121			6
2025.10.08	00:29:25.331	0.92989				2
2025.10.08	00:29:25.637		0.93122			4
2025.10.08	00:29:25.950	0.92975	0.93121			6
2025.10.08	00:29:26.257		0.93122			4
2025.10.08	00:29:27.180		0.93121			4
2025.10.08	00:29:27.490		0.93122			4
2025.10.08	00:29:27.796		0.93121			4
2025.10.08	00:29:28.719		0.93122			4
2025.10.08	00:29:29.036		0.93121			4
2025.10.08	00:29:29.337		0.93122			4
2025.10.08	00:29:29.965		0.93120			4
2025.10.08	00:29:30.276		0.93121			4
2025.10.08	00:29:30.898		0.93122			4
2025.10.08	00:29:31.826		0.93121			4
2025.10.08	00:29:32.139	0.92987	0.93122			6
2025.10.08	00:29:32.440	0.92975	0.93121			6
2025.10.08	00:29:32.758	0.92987	0.93122			6
2025.10.08	00:29:33.060	0.92975				2
2025.10.08	00:29:33.680		0.93120			4
2025.10.08	00:29:33.985	0.93002	0.93128			6
2025.10.08	00:29:34.297	0.92989	0.93122			6
2025.10.08	00:29:34.601	0.92988	0.93124			6
2025.10.08	00:29:34.917	0.92990				2
2025.10.08	00:29:35.233	0.92989				2
2025.10.08	00:29:35.847	0.92975				2
2025.10.08	00:29:36.157	0.92987	0.93122			6
2025.10.08	00:29:36.460	0.92990	0.93124			6
2025.10.08	00:29:36.778	0.92988	0.93122			6
2025.10.08	00:29:37.082		0.93124			4
2025.10.08	00:29:37.398		0.93122			4
2025.10.08	00:29:44.035	0.92998	0.93125			6
2025.10.08	00:29:44.535		0.93124			4
2025.10.08	00:29:47.969	0.93002				2
2025.10.08	00:29:48.277	0.92990	0.93123			6
2025.10.08	00:29:48.587	0.92986	0.93122			6
2025.10.08	00:29:56.937		0.93121			4
2025.10.08	00:29:58.365	0.92999	0.93122			6
2025.10.08	00:29:58.688	0.92987	0.93123			6
2025.10.08	00:29:58.998		0.93116			4
2025.10.08	00:29:59.306		0.93117			4
2025.10.08	00:29:59.617		0.93116			4
2025.10.08	00:29:59.923		0.93117			4
2025.10.08	00:30:00.239	0.93005	0.93129			6
2025.10.08	00:30:02.375	0.93004	0.93132			6
2025.10.08	00:30:05.407	0.93008				2
2025.10.08	00:30:09.200	0.92980	0.93124			6
2025.10.08	00:30:10.017		0.93123			4
2025.10.08	00:30:10.638	0.92990	0.93125			6
2025.10.08	00:30:16.002		0.93122			4
2025.10.08	00:30:20.431	0.92994	0.93123			6
2025.10.08	00:30:21.416		0.93124			4
2025.10.08	00:30:30.379	0.92995	0.93123			6
2025.10.08	00:30:41.860		0.93121			4
2025.10.08	00:30:45.157		0.93119			4
2025.10.08	00:30:45.460	0.92997	0.93117			6
2025.10.08	00:30:59.562		0.93116			4
2025.10.08	00:31:00.381	0.92997	0.93117			6
2025.10.08	00:31:00.778	0.92998	0.93118			6
2025.10.08	00:31:04.007		0.93119			4
2025.10.08	00:31:05.430	0.92997	0.93120			6
2025.10.08	00:31:16.357		0.93119			4
2025.10.08	00:31:27.442		0.93120			4
2025.10.08	00:31:28.597		0.93119			4
2025.10.08	00:31:30.400	0.92998	0.93118			6
2025.10.08	00:31:37.960		0.93119			4
2025.10.08	00:31:44.610		0.93118			4
2025.10.08	00:31:45.377		0.93117			4
2025.10.08	00:31:45.910		0.93116			4
2025.10.08	00:31:47.210		0.93114			4
2025.10.08	00:31:48.819	0.92990	0.93112			6
2025.10.08	00:31:49.883	0.92967	0.93109			6
2025.10.08	00:31:50.222	0.92968	0.93108			6
2025.10.08	00:31:50.918	0.92980	0.93112			6
2025.10.08	00:31:51.954		0.93111			4
2025.10.08	00:31:52.995		0.93112			4
2025.10.08	00:31:55.074	0.92982	0.93111			6
2025.10.08	00:31:56.118		0.93112			4
2025.10.08	00:31:57.154		0.93111			4
2025.10.08	00:31:58.195		0.93110			4
2025.10.08	00:32:00.274	0.92982				2
2025.10.08	00:32:02.355	0.92995	0.93114			6
2025.10.08	00:32:03.395		0.93113			4
2025.10.08	00:32:04.435	0.92993	0.93114			6
2025.10.08	00:32:06.515	0.92997	0.93112			6
2025.10.08	00:32:07.557		0.93114			4
2025.10.08	00:32:09.214	0.92996				2
2025.10.08	00:32:09.635		0.93113			4
2025.10.08	00:32:12.759	0.92994	0.93111			6
2025.10.08	00:32:13.793	0.92993	0.93113			6
2025.10.08	00:32:14.836	0.92994	0.93110			6
2025.10.08	00:32:15.875		0.93111			4
2025.10.08	00:32:17.960	0.92995	0.93109			6
2025.10.08	00:32:18.997	0.92994				2
2025.10.08	00:32:20.036		0.93110			4
2025.10.08	00:32:21.075		0.93109			4
2025.10.08	00:32:22.115		0.93110			4
2025.10.08	00:32:24.196	0.92997	0.93111			6
2025.10.08	00:32:25.235	0.92994	0.93109			6
2025.10.08	00:32:26.274		0.93111			4
2025.10.08	00:32:28.156	0.92996				2
2025.10.08	00:32:29.395		0.93112			4
2025.10.08	00:32:30.315		0.93109			4
2025.10.08	00:32:31.476	0.92994	0.93112			6
2025.10.08	00:32:32.269	0.92996	0.93111			6
2025.10.08	00:32:32.578	0.92994				2
2025.10.08	00:32:35.427		0.93109			4
2025.10.08	00:32:38.252		0.93108			4
2025.10.08	00:32:38.756		0.93109			4
2025.10.08	00:32:39.799		0.93107			4
2025.10.08	00:32:41.771	0.92996	0.93109			6
2025.10.08	00:32:42.914	0.92993	0.93110			6
2025.10.08	00:32:43.896	0.92995				2
2025.10.08	00:32:44.247		0.93112			4
2025.10.08	00:32:44.996		0.93111			4
2025.10.08	00:32:45.378		0.93110			4
2025.10.08	00:32:45.726	0.92999	0.93109			6
2025.10.08	00:32:46.033		0.93110			4
2025.10.08	00:32:55.195	0.92995	0.93108			6
2025.10.08	00:32:56.215		0.93110			4
2025.10.08	00:32:57.236		0.93108			4
2025.10.08	00:32:59.252		0.93110			4
2025.10.08	00:33:00.292	0.92995	0.93108			6
2025.10.08	00:33:03.354		0.93110			4
2025.10.08	00:33:04.375		0.93109			4
2025.10.08	00:33:05.103		0.93110			4
2025.10.08	00:33:05.410	0.92999	0.93109			6
2025.10.08	00:33:05.899	0.93000	0.93108			6
2025.10.08	00:33:06.310	0.93004	0.93109			6
2025.10.08	00:33:07.440		0.93111			4
2025.10.08	00:33:14.518	0.93000	0.93109			6
2025.10.08	00:33:16.621	0.92999	0.93110			6
2025.10.08	00:33:17.635		0.93108			4
2025.10.08	00:33:18.657		0.93110			4
2025.10.08	00:33:19.398		0.93108			4
2025.10.08	00:33:19.700		0.93109			4
2025.10.08	00:33:24.775		0.93110			4
2025.10.08	00:33:27.667		0.93109			4
2025.10.08	00:33:29.880	0.92995	0.93108			6
2025.10.08	00:33:30.611	0.92991	0.93106			6
2025.10.08	00:33:30.916	0.92985	0.93105			6
2025.10.08	00:33:31.916	0.92986	0.93106			6
2025.10.08	00:33:32.935	0.92989	0.93108			6
2025.10.08	00:33:33.627	0.92992				2
2025.10.08	00:33:33.959	0.92994	0.93110			6
2025.10.08	00:33:34.974	0.92998				2
2025.10.08	00:33:35.996		0.93109			4
2025.10.08	00:33:45.176	0.92996				2
2025.10.08	00:33:46.196	0.92995	0.93110			6
2025.10.08	00:33:47.213		0.93109			4
2025.10.08	00:33:49.257	0.92996				2
2025.10.08	00:33:50.276	0.92999				2
2025.10.08	00:33:59.442	0.92994				2
2025.10.08	00:34:00.473	0.92994				2
2025.10.08	00:34:01.495	0.92992	0.93108			6
2025.10.08	00:34:02.444	0.92991	0.93107			6
2025.10.08	00:34:03.593	0.92993	0.93108			6
2025.10.08	00:34:04.352	0.92998	0.93106			6
2025.10.08	00:34:05.635	0.92999				2
2025.10.08	00:34:06.653		0.93105			4
2025.10.08	00:34:11.756	0.92998				2
2025.10.08	00:34:12.780	0.92996				2
2025.10.08	00:34:14.656	0.92998				2
2025.10.08	00:34:15.613	0.93000	0.93104			6
2025.10.08	00:34:16.856		0.93105			4
2025.10.08	00:34:17.876		0.93104			4
2025.10.08	00:34:18.892	0.92999				2
2025.10.08	00:34:19.915	0.93000	0.93105			6
2025.10.08	00:34:22.976	0.92999				2
2025.10.08	00:34:23.382	0.92992	0.93104			6
2025.10.08	00:34:23.880	0.92988				2
2025.10.08	00:34:25.034	0.92986	0.93102			6
2025.10.08	00:34:26.075	0.92985	0.93104			6
2025.10.08	00:34:27.118		0.93103			4
2025.10.08	00:34:30.234	0.92986				2
2025.10.08	00:34:31.272	0.92985				2
2025.10.08	00:34:34.385		0.93102			4
2025.10.08	00:34:35.087	0.92980	0.93101			6
2025.10.08	00:34:36.457	0.92981	0.93103			6
2025.10.08	00:34:37.499	0.92988	0.93101			6
2025.10.08	00:34:38.346	0.92985				2
2025.10.08	00:34:39.573	0.92988	0.93102			6
2025.10.08	00:34:40.617	0.93002	0.93103			6
2025.10.08	00:34:41.653		0.93105			4
2025.10.08	00:34:42.698	0.93004	0.93104			6
2025.10.08	00:34:43.736	0.93002	0.93103			6
2025.10.08	00:34:44.778		0.93102			4
2025.10.08	00:34:45.819	0.93004				2
2025.10.08	00:34:46.557		0.93101			4
2025.10.08	00:34:48.936	0.93001				2
2025.10.08	00:34:50.014	0.93004	0.93102			6
2025.10.08	00:34:50.856	0.93001				2
2025.10.08	00:34:51.557	0.92998	0.93101			6
2025.10.08	00:34:52.058		0.93100			4
2025.10.08	00:34:52.557	0.92986	0.93102			6
2025.10.08	00:34:53.175	0.92981				2
2025.10.08	00:34:54.216	0.92979	0.93099			6
2025.10.08	00:34:54.717	0.93001	0.93102			6
2025.10.08	00:34:55.053	0.92981	0.93099			6
2025.10.08	00:34:56.275		0.93102			4
2025.10.08	00:34:57.315		0.93103			4
2025.10.08	00:34:59.397		0.93100			4
2025.10.08	00:35:00.435	0.92984				2
2025.10.08	00:35:01.484		0.93099			4
2025.10.08	00:35:02.514	0.92981	0.93102			6
2025.10.08	00:35:03.501	0.92985	0.93101			6
2025.10.08	00:35:04.345	0.92987	0.93099			6
2025.10.08	00:35:04.656	0.92983	0.93100			6
2025.10.08	00:35:05.696	0.92985				2
2025.10.08	00:35:06.797		0.93102			4
2025.10.08	00:35:08.898		0.93099			4
2025.10.08	00:35:12.387		0.93100			4
2025.10.08	00:35:13.056	0.92991	0.93103			6
2025.10.08	00:35:14.075	0.92994	0.93101			6
2025.10.08	00:35:16.116		0.93100			4
2025.10.08	00:35:17.155	0.92995				2
2025.10.08	00:35:18.195		0.93101			4
2025.10.08	00:35:19.238		0.93102			4
2025.10.08	00:35:20.276	0.93000	0.93104			6
2025.10.08	00:35:21.323	0.93001	0.93108			6
2025.10.08	00:35:22.357		0.93105			4
2025.10.08	00:35:23.396		0.93107			4
2025.10.08	00:35:25.481		0.93108			4
2025.10.08	00:35:26.462		0.93107			4
2025.10.08	00:35:28.425		0.93106			4
2025.10.08	00:35:29.078		0.93105			4
2025.10.08	00:35:29.477		0.93103			4
2025.10.08	00:35:30.390		0.93101			4
2025.10.08	00:35:30.701		0.93105			4
2025.10.08	00:35:32.756	0.93005				2
2025.10.08	00:35:33.762		0.93106			4
2025.10.08	00:35:35.742		0.93101			4
2025.10.08	00:35:36.816		0.93104			4
2025.10.08	00:35:38.720	0.93022	0.93105			6
2025.10.08	00:35:39.036	0.93005	0.93102			6
2025.10.08	00:35:40.073		0.93101			4
2025.10.08	00:35:41.157		0.93098			4
2025.10.08	00:35:41.581	0.93004	0.93104			6
2025.10.08	00:35:42.347		0.93100			4
2025.10.08	00:35:42.670	0.93021	0.93105			6
2025.10.08	00:35:43.693	0.93003	0.93104			6
2025.10.08	00:35:44.204		0.93102			4
2025.10.08	00:35:44.726		0.93097			4
2025.10.08	00:35:45.487		0.93100			4
2025.10.08	00:35:46.303	0.93021	0.93102			6
2025.10.08	00:35:47.534	0.93003	0.93096			6
2025.10.08	00:35:48.723	0.93004				2
2025.10.08	00:35:49.253		0.93092			4
2025.10.08	00:35:49.740	0.93010	0.93101			6
2025.10.08	00:35:50.936	0.93003	0.93096			6
2025.10.08	00:35:51.266	0.93004	0.93097			6
2025.10.08	00:35:51.918		0.93101			4
2025.10.08	00:35:53.983	0.93003	0.93097			6
2025.10.08	00:35:54.290	0.93004	0.93092			6
2025.10.08	00:35:54.631		0.93095			4
2025.10.08	00:35:54.961		0.93100			4
2025.10.08	00:35:55.965	0.93013				2
2025.10.08	00:35:56.361	0.93004				2
2025.10.08	00:35:58.353		0.93099			4
2025.10.08	00:36:00.364	0.92993				2
2025.10.08	00:36:00.680		0.93094			4
2025.10.08	00:36:01.300		0.93097			4
2025.10.08	00:36:04.088	0.92994				2
2025.10.08	00:36:04.702	0.93014				2
2025.10.08	00:36:05.028	0.92998	0.93094			6
2025.10.08	00:36:05.337	0.92997	0.93097			6
2025.10.08	00:36:06.409	0.93000				2
2025.10.08	00:36:06.759	0.93019	0.93095			6
2025.10.08	00:36:08.108		0.93099			4
2025.10.08	00:36:10.318	0.93017				2
2025.10.08	00:36:11.141	0.93014				2
2025.10.08	00:36:15.465	0.93003	0.93093			6
2025.10.08	00:36:16.760	0.93019	0.93097			6
2025.10.08	00:36:17.375	0.93017				2
2025.10.08	00:36:22.381	0.93002				2
2025.10.08	00:36:22.867	0.93003				2
2025.10.08	00:36:23.861	0.93007				2
2025.10.08	00:36:24.459		0.93096			4
2025.10.08	00:36:25.034	0.93013				2
2025.10.08	00:36:27.283	0.93016				2
2025.10.08	00:36:28.349		0.93097			4
2025.10.08	00:36:28.665	0.93017				2
2025.10.08	00:36:31.538	0.93014				2
2025.10.08	00:36:32.857		0.93096			4
2025.10.08	00:36:34.544	0.93009				2
2025.10.08	00:36:37.177	0.93006	0.93092			6
2025.10.08	00:36:38.523	0.93017	0.93096			6
2025.10.08	00:36:42.459		0.93095			4
2025.10.08	00:36:48.804	0.93007	0.93094			6
2025.10.08	00:36:49.957		0.93093			4
2025.10.08	00:36:51.768		0.93094			4
2025.10.08	00:37:01.066	0.93007				2
2025.10.08	00:37:02.014		0.93093			4
2025.10.08	00:37:06.769		0.93094			4
2025.10.08	00:37:08.258		0.93095			4
2025.10.08	00:37:09.383	0.93009	0.93094			6
2025.10.08	00:37:11.878	0.93010	0.93095			6
2025.10.08	00:37:18.432	0.93022	0.93094			6
2025.10.08	00:37:18.787	0.93020	0.93096			6
2025.10.08	00:37:21.461		0.93097			4
2025.10.08	00:37:21.783	0.93022	0.93092			6
2025.10.08	00:37:22.084	0.93018				2
2025.10.08	00:37:23.898	0.93020				2
2025.10.08	00:37:32.043	0.92999	0.93091			6
2025.10.08	00:37:32.540	0.93003	0.93092			6
2025.10.08	00:37:33.484	0.93009	0.93093			6
2025.10.08	00:37:38.725	0.93006	0.93094			6
2025.10.08	00:37:39.850	0.93004	0.93097			6
2025.10.08	00:37:40.915		0.93098			4
2025.10.08	00:37:41.414		0.93097			4
2025.10.08	00:37:42.726	0.93008				2
2025.10.08	00:37:43.037		0.93098			4
2025.10.08	00:37:43.657		0.93097			4
2025.10.08	00:37:48.596	0.93020	0.93095			6
2025.10.08	00:37:49.838		0.93096			4
2025.10.08	00:37:56.643		0.93098			4
2025.10.08	00:37:56.957	0.93027				2
2025.10.08	00:37:57.262	0.93031				2
2025.10.08	00:37:58.182	0.93015	0.93095			6
2025.10.08	00:37:58.497	0.93010				2
2025.10.08	00:37:58.817		0.93096			4
2025.10.08	00:38:00.061	0.93010				2
2025.10.08	00:38:08.874	0.93022	0.93097			6
2025.10.08	00:38:09.375	0.93037	0.93101			6
2025.10.08	00:38:10.359		0.93098			4
2025.10.08	00:38:12.208		0.93099			4
2025.10.08	00:38:14.391	0.93033				2
2025.10.08	00:38:14.898	0.93037	0.93097			6
2025.10.08	00:38:15.392	0.93036				2
2025.10.08	00:38:16.996		0.93099			4
2025.10.08	00:38:18.887	0.93011	0.93094			6
2025.10.08	00:38:19.810		0.93095			4
2025.10.08	00:38:21.597		0.93096			4
2025.10.08	00:38:23.459		0.93095			4
2025.10.08	00:38:23.767	0.93005				2
2025.10.08	00:38:29.042		0.93096			4
2025.10.08	00:38:29.343		0.93097			4
2025.10.08	00:38:38.897	0.93010				2
2025.10.08	00:38:39.202		0.93096			4
2025.10.08	00:38:39.819	0.93019	0.93097			6
2025.10.08	00:38:40.120	0.93031				2
2025.10.08	00:38:42.583	0.93029				2
2025.10.08	00:38:43.197	0.93032				2
2025.10.08	00:38:43.499		0.93094			4
2025.10.08	00:38:46.581		0.93095			4
2025.10.08	00:38:48.180	0.93029				2
2025.10.08	00:38:49.423	0.93023	0.93094			6
2025.10.08	00:38:49.737	0.93021				2
2025.10.08	00:38:50.042	0.93010	0.93096			6
2025.10.08	00:38:54.458		0.93095			4
2025.10.08	00:38:54.987	0.93005				2
2025.10.08	00:38:56.257		0.93096			4
2025.10.08	00:38:57.757	0.93003	0.93095			6
2025.10.08	00:38:59.220	0.93005				2
2025.10.08	00:39:00.161	0.93002				2
2025.10.08	00:39:00.478	0.93019	0.93093			6
2025.10.08	00:39:01.398	0.93003	0.93091			6
2025.10.08	00:39:02.320		0.93094			4
2025.10.08	00:39:02.637	0.93005				2
2025.10.08	00:39:02.941	0.93003				2
2025.10.08	00:39:03.858	0.93021	0.93093			6
2025.10.08	00:39:07.599		0.93090			4
2025.10.08	00:39:07.916		0.93092			4
2025.10.08	00:39:08.838	0.93023	0.93095			6
2025.10.08	00:39:09.762		0.93093			4
2025.10.08	00:39:11.620	0.93010	0.93094			6
2025.10.08	00:39:11.920		0.93092			4
2025.10.08	00:39:12.558		0.93094			4
2025.10.08	00:39:22.738		0.93093			4
2025.10.08	00:39:23.040	0.93019	0.93095			6
2025.10.08	00:39:23.359	0.93021				2
2025.10.08	00:39:23.677	0.93008	0.93094			6
2025.10.08	00:39:23.998	0.93006	0.93099			6
2025.10.08	00:39:24.299	0.93008				2
2025.10.08	00:39:24.618		0.93098			4
2025.10.08	00:39:24.920		0.93097			4
2025.10.08	00:39:25.858		0.93094			4
2025.10.08	00:39:26.160	0.93006	0.93096			6
2025.10.08	00:39:27.096	0.93022	0.93095			6
2025.10.08	00:39:28.020		0.93094			4
2025.10.08	00:39:28.337		0.93095			4
2025.10.08	00:39:28.640		0.93097			4
2025.10.08	00:39:29.278	0.93006	0.93093			6
2025.10.08	00:39:32.957		0.93098			4
2025.10.08	00:39:33.879	0.93022	0.93097			6
2025.10.08	00:39:34.803		0.93094			4
2025.10.08	00:39:36.042		0.93099			4
2025.10.08	00:39:38.219	0.93007	0.93098			6
2025.10.08	00:39:38.838		0.93097			4
2025.10.08	00:39:46.278		0.93096			4
2025.10.08	00:39:49.057		0.93095			4
2025.10.08	00:39:49.361	0.93010	0.93096			6
2025.10.08	00:39:53.377	0.93008				2
2025.10.08	00:39:53.680	0.93015				2
2025.10.08	00:39:56.477		0.93097			4
2025.10.08	00:39:57.097		0.93096			4
2025.10.08	00:40:00.177	0.93015				2
2025.10.08	00:40:09.480		0.93097			4
2025.10.08	00:40:09.782	0.92998	0.93093			6
2025.10.08	00:40:10.097	0.93009	0.93094			6
2025.10.08	00:40:11.020	0.93021	0.93095			6
2025.10.08	00:40:11.941		0.93094			4
2025.10.08	00:40:13.176		0.93093			4
2025.10.08	00:40:13.497		0.93094			4
2025.10.08	00:40:14.759		0.93095			4
2025.10.08	00:40:18.780	0.93017				2
2025.10.08	00:40:19.401		0.93094			4
2025.10.08	00:40:20.338		0.93097			4
2025.10.08	00:40:20.641	0.93020				2
2025.10.08	00:40:20.958	0.93025				2
2025.10.08	00:40:21.577		0.93095			4
2025.10.08	00:40:22.817		0.93097			4
2025.10.08	00:40:24.039		0.93094			4
2025.10.08	00:40:24.657		0.93095			4
2025.10.08	00:40:24.958		0.93097			4
2025.10.08	00:40:25.277	0.93011				2
2025.10.08	00:40:25.596	0.93008				2
2025.10.08	00:40:34.883		0.93095			4
2025.10.08	00:40:35.501	0.93011				2
2025.10.08	00:40:35.803		0.93097			4
2025.10.08	00:40:36.423	0.93018	0.93098			6
2025.10.08	00:40:38.583	0.93020				2
2025.10.08	00:40:39.819	0.93026				2
2025.10.08	00:40:40.138	0.93012				2
2025.10.08	00:40:41.678		0.93099			4
2025.10.08	00:40:41.996	0.93010	0.93100			6
2025.10.08	00:40:42.737	0.93011	0.93101			6
2025.10.08	00:40:43.348		0.93100			4
2025.10.08	00:40:43.762		0.93101			4
2025.10.08	00:40:45.286		0.93099			4
2025.10.08	00:40:45.629		0.93098			4
2025.10.08	00:40:45.936	0.93012	0.93102			6
2025.10.08	00:40:48.016		0.93103			4
2025.10.08	00:40:48.657	0.93018	0.93104			6
2025.10.08	00:40:49.278	0.93020				2
2025.10.08	00:40:49.898		0.93102			4
2025.10.08	00:40:51.138	0.93011	0.93099			6
2025.10.08	00:40:52.062		0.93101			4
2025.10.08	00:40:52.378	0.93003				2
2025.10.08	00:40:52.680	0.93004	0.93100			6
2025.10.08	00:40:52.996	0.92997				2
2025.10.08	00:40:53.299		0.93101			4
2025.10.08	00:40:53.600		0.93098			4
2025.10.08	00:40:53.903		0.93096			4
2025.10.08	00:40:54.219	0.93001	0.93099			6
2025.10.08	00:40:54.837	0.92994	0.93098			6
2025.10.08	00:40:55.158	0.93015	0.93097			6
2025.10.08	00:40:55.459	0.93019	0.93099			6
2025.10.08	00:40:56.080	0.93021	0.93100			6
2025.10.08	00:40:56.398		0.93098			4
2025.10.08	00:40:57.320	0.93008	0.93102			6
2025.10.08	00:40:58.257		0.93101			4
2025.10.08	00:40:58.559	0.93019	0.93103			6
2025.10.08	00:40:58.861	0.93007	0.93101			6
2025.10.08	00:41:00.100	0.93007				2
2025.10.08	00:41:00.418	0.93019	0.93102			6
2025.10.08	00:41:01.339		0.93103			4
2025.10.08	00:41:02.259	0.93016				2
2025.10.08	00:41:02.561		0.93102			4
2025.10.08	00:41:03.498		0.93103			4
2025.10.08	00:41:04.420	0.93014				2
2025.10.08	00:41:05.358	0.93007	0.93101			6
2025.10.08	00:41:06.278		0.93099			4
2025.10.08	00:41:06.597	0.93019	0.93102			6
2025.10.08	00:41:07.519	0.93007	0.93100			6
2025.10.08	00:41:09.059		0.93099			4
2025.10.08	00:41:09.680	0.93026	0.93102			6
2025.10.08	00:41:10.599	0.93028	0.93100			6
2025.10.08	00:41:11.222	0.93022				2
2025.10.08	00:41:11.537		0.93102			4
2025.10.08	00:41:11.842		0.93103			4
2025.10.08	00:41:12.157	0.93025	0.93102			6
2025.10.08	00:41:12.776	0.93009	0.93100			6
2025.10.08	00:41:13.702	0.93004				2
2025.10.08	00:41:14.638		0.93099			4
2025.10.08	00:41:15.257	0.93018	0.93100			6
2025.10.08	00:41:17.419		0.93101			4
2025.10.08	00:41:17.737	0.93004	0.93099			6
2025.10.08	00:41:18.660	0.93008				2
2025.10.08	00:41:18.977	0.93004	0.93100			6
2025.10.08	00:41:19.897	0.93020	0.93101			6
2025.10.08	00:41:20.517		0.93102			4
2025.10.08	00:41:20.819	0.93004	0.93100			6
2025.10.08	00:41:21.757	0.93019	0.93099			6
2025.10.08	00:41:22.058	0.93004				2
2025.10.08	00:41:22.978	0.93007	0.93100			6
2025.10.08	00:41:23.596	0.93004	0.93099			6
2025.10.08	00:41:25.140		0.93100			4
2025.10.08	00:41:25.456	0.93012	0.93097			6
2025.10.08	00:41:25.760	0.93004	0.93100			6
2025.10.08	00:41:26.380		0.93097			4
2025.10.08	00:41:26.999		0.93100			4
2025.10.08	00:41:27.317	0.93013				2
2025.10.08	00:41:28.236	0.93021	0.93101			6
2025.10.08	00:41:29.160		0.93102			4
2025.10.08	00:41:29.780		0.93101			4
2025.10.08	00:41:30.097		0.93102			4
2025.10.08	00:41:31.036	0.93019				2
2025.10.08	00:41:31.956		0.93101			4
2025.10.08	00:41:32.277	0.93013				2
2025.10.08	00:41:34.137		0.93100			4
2025.10.08	00:41:34.442		0.93101			4
2025.10.08	00:41:34.758	0.93020	0.93102			6
2025.10.08	00:41:35.377		0.93100			4
2025.10.08	00:41:36.317	0.93013	0.93101			6
2025.10.08	00:41:37.239	0.93017				2
2025.10.08	00:41:37.558		0.93102			4
2025.10.08	00:41:38.800	0.93015	0.93101			6
2025.10.08	00:41:40.357	0.93024	0.93102			6
2025.10.08	00:41:40.977		0.93100			4
2025.10.08	00:41:41.280		0.93101			4
2025.10.08	00:41:41.598		0.93100			4
2025.10.08	00:41:42.218	0.93008				2
2025.10.08	00:41:43.441	0.93018	0.93101			6
2025.10.08	00:41:44.378	0.93008	0.93100			6
2025.10.08	00:41:44.698		0.93101			4
2025.10.08	00:41:45.003		0.93100			4
2025.10.08	00:41:46.541	0.93019	0.93101			6
2025.10.08	00:41:47.159	0.93009				2
2025.10.08	00:41:47.477		0.93100			4
2025.10.08	00:41:49.358	0.93019	0.93099			6
2025.10.08	00:41:49.661		0.93102			4
2025.10.08	00:41:50.278		0.93103			4
2025.10.08	00:41:50.597	0.93011	0.93100			6
2025.10.08	00:41:50.917	0.93009				2
2025.10.08	00:41:53.378	0.93018	0.93102			6
2025.10.08	00:41:53.697	0.93021				2
2025.10.08	00:41:53.999	0.93009	0.93100			6
2025.10.08	00:41:55.857	0.93020	0.93102			6
2025.10.08	00:41:56.158	0.93027				2
2025.10.08	00:41:57.097		0.93100			4
2025.10.08	00:41:57.398		0.93099			4
2025.10.08	00:41:58.017	0.93012	0.93101			6
2025.10.08	00:41:58.939		0.93100			4
2025.10.08	00:42:00.198	0.93012	0.93099			6
2025.10.08	00:42:00.499		0.93100			4
2025.10.08	00:42:01.121	0.93020	0.93101			6
2025.10.08	00:42:04.220	0.93018				2
2025.10.08	00:42:04.521	0.93014				2
2025.10.08	00:42:04.837	0.93012	0.93100			6
2025.10.08	00:42:10.082		0.93101			4
2025.10.08	00:42:11.001		0.93102			4
2025.10.08	00:42:11.317		0.93100			4
2025.10.08	00:42:13.503	0.93020	0.93101			6
2025.10.08	00:42:14.437		0.93102			4
2025.10.08	00:42:15.677		0.93101			4
2025.10.08	00:42:15.980	0.93012	0.93100			6
2025.10.08	00:42:17.537	0.93018				2
2025.10.08	00:42:17.842		0.93101			4
2025.10.08	00:42:18.459	0.93020				2
2025.10.08	00:42:19.697	0.93012	0.93100			6
2025.10.08	00:42:21.859	0.93018	0.93102			6
2025.10.08	00:42:22.162	0.93012	0.93100			6
2025.10.08	00:42:22.477		0.93101			4
2025.10.08	00:42:22.784		0.93100			4
2025.10.08	00:42:26.503		0.93099			4
2025.10.08	00:42:27.121		0.93100			4
2025.10.08	00:42:31.140	0.93019	0.93101			6
2025.10.08	00:42:31.443	0.93014	0.93100			6
2025.10.08	00:42:31.757	0.93012				2
2025.10.08	00:42:32.377	0.93004	0.93098			6
2025.10.08	00:42:32.997		0.93097			4
2025.10.08	00:42:33.308		0.93098			4
2025.10.08	00:42:34.239	0.93015	0.93101			6
2025.10.08	00:42:34.542		0.93102			4
2025.10.08	00:42:35.162	0.92995	0.93098			6
2025.10.08	00:42:35.477	0.92996	0.93097			6
2025.10.08	00:42:35.778	0.92997				2
2025.10.08	00:42:36.082	0.92994				2
2025.10.08	00:42:36.397	0.92997	0.93098			6
2025.10.08	00:42:36.699		0.93097			4
2025.10.08	00:42:37.318	0.93006	0.93099			6
2025.10.08	00:42:38.238	0.93004	0.93100			6
2025.10.08	00:42:38.542	0.93007				2
2025.10.08	00:42:39.178	0.93005				2
2025.10.08	00:42:40.399	0.93008				2
2025.10.08	00:42:41.337	0.93013	0.93101			6
2025.10.08	00:42:41.639	0.93020	0.93098			6
2025.10.08	00:42:41.959	0.92999	0.93099			6
2025.10.08	00:42:42.262	0.93010				2
2025.10.08	00:42:45.360	0.93022				2
2025.10.08	00:42:45.678	0.93010	0.93101			6
2025.10.08	00:42:45.979		0.93099			4
2025.10.08	00:42:46.598	0.93022	0.93098			6
2025.10.08	00:42:48.462		0.93099			4
2025.10.08	00:42:49.398	0.93020	0.93101			6
2025.10.08	00:42:50.023	0.93007	0.93099			6
2025.10.08	00:42:50.640		0.93100			4
2025.10.08	00:42:51.578		0.93101			4
2025.10.08	00:42:52.503	0.93008	0.93102			6
2025.10.08	00:42:52.818	0.93021	0.93100			6
2025.10.08	00:42:53.740		0.93099			4
2025.10.08	00:42:54.682	0.93023	0.93101			6
2025.10.08	00:42:55.299	0.93026				2
2025.10.08	00:42:55.618	0.93024	0.93100			6
2025.10.08	00:42:55.923	0.93021				2
2025.10.08	00:42:56.862	0.93007	0.93101			6
2025.10.08	00:42:58.720	0.93009				2
2025.10.08	00:42:59.959	0.93007				2
2025.10.08	00:43:00.277	0.93007				2
2025.10.08	00:43:00.898	0.93020	0.93100			6
2025.10.08	00:43:01.821	0.93010	0.93101			6
2025.10.08	00:43:02.442	0.93007	0.93100			6
2025.10.08	00:43:03.377		0.93101			4
2025.10.08	00:43:04.917	0.93019	0.93100			6
2025.10.08	00:43:05.839	0.93021				2
2025.10.08	00:43:06.157	0.93023	0.93101			6
2025.10.08	00:43:07.099	0.93019				2
2025.10.08	00:43:08.319	0.93022				2
2025.10.08	00:43:10.162	0.93007				2
2025.10.08	00:43:11.096	0.93003				2
2025.10.08	00:43:11.399		0.93102			4
2025.10.08	00:43:12.322	0.93009	0.93101			6
2025.10.08	00:43:13.257	0.93021	0.93103			6
2025.10.08	00:43:13.577	0.93025				2
2025.10.08	00:43:15.737	0.93009	0.93102			6
2025.10.08	00:43:16.357		0.93101			4
2025.10.08	00:43:16.661		0.93100			4
2025.10.08	00:43:18.517	0.93018	0.93103			6
2025.10.08	00:43:19.436	0.93025				2
2025.10.08	00:43:20.360		0.93102			4
2025.10.08	00:43:21.598	0.93023				2
2025.10.08	00:43:23.156	0.93021				2
2025.10.08	00:43:23.462	0.93023	0.93104			6
2025.10.08	00:43:23.777	0.93026				2
2025.10.08	00:43:24.699	0.93013	0.93102			6
2025.10.08	00:43:25.316	0.93001	0.93100			6
2025.10.08	00:43:25.618		0.93101			4
2025.10.08	00:43:26.540	0.92999	0.93102			6
2025.10.08	00:43:27.161		0.93101			4
2025.10.08	00:43:27.476	0.93013	0.93102			6
2025.10.08	00:43:27.777		0.93103			4
2025.10.08	00:43:28.079	0.93023	0.93102			6
2025.10.08	00:43:28.382		0.93103			4
2025.10.08	00:43:28.696	0.93008	0.93101			6
2025.10.08	00:43:29.619	0.93003				2
2025.10.08	00:43:30.856	0.93016	0.93102			6
2025.10.08	00:43:32.698		0.93103			4
2025.10.08	00:43:33.941	0.93019				2
2025.10.08	00:43:34.860		0.93102			4
2025.10.08	00:43:35.478		0.93101			4
2025.10.08	00:43:35.798	0.93008				2
2025.10.08	00:43:37.038		0.93100			4
2025.10.08	00:43:41.677	0.93016	0.93102			6
2025.10.08	00:43:41.978	0.93008	0.93100			6
2025.10.08	00:43:44.121	0.93015	0.93101			6
2025.10.08	00:43:44.739		0.93102			4
2025.10.08	00:43:45.058	0.93018				2
2025.10.08	00:43:45.359	0.93022				2
2025.10.08	00:43:45.663	0.93024				2
2025.10.08	00:43:46.279	0.93026	0.93103			6
2025.10.08	00:43:47.223	0.93023	0.93102			6
2025.10.08	00:43:49.082	0.93026	0.93103			6
2025.10.08	00:43:50.337	0.93011	0.93101			6
2025.10.08	00:43:51.260		0.93103			4
2025.10.08	00:43:52.198		0.93100			4
2025.10.08	00:43:53.138		0.93101			4
2025.10.08	00:43:53.476		0.93102			4
2025.10.08	00:43:54.497		0.93105			4
2025.10.08	00:43:55.010	0.93015				2
2025.10.08	00:43:55.515		0.93106			4
2025.10.08	00:43:56.535	0.93011	0.93103			6
2025.10.08	00:43:57.351	0.93014	0.93102			6
2025.10.08	00:43:58.575		0.93105			4
2025.10.08	00:43:59.362	0.93019	0.93106			6
2025.10.08	00:44:00.400	0.93018	0.93105			6
2025.10.08	00:44:00.702		0.93107			4
2025.10.08	00:44:02.411	0.93020				2
2025.10.08	00:44:02.796	0.93022				2
2025.10.08	00:44:03.456	0.93019	0.93105			6
2025.10.08	00:44:03.775		0.93107			4
2025.10.08	00:44:04.696	0.93021				2
2025.10.08	00:44:05.724	0.93012	0.93105			6
2025.10.08	00:44:06.734	0.93018	0.93107			6
2025.10.08	00:44:07.473	0.93012	0.93103			6
2025.10.08	00:44:08.816	0.93014	0.93104			6
2025.10.08	00:44:09.144	0.93017	0.93105			6
2025.10.08	00:44:09.857		0.93106			4
2025.10.08	00:44:10.874	0.93019				2
2025.10.08	00:44:11.895	0.93017	0.93105			6
2025.10.08	00:44:12.903	0.93012	0.93102			6
2025.10.08	00:44:13.404		0.93101			4
2025.10.08	00:44:13.936	0.93014	0.93104			6
2025.10.08	00:44:14.400	0.93017	0.93103			6
2025.10.08	00:44:14.965	0.93020	0.93105			6
2025.10.08	00:44:15.480	0.93012	0.93102			6
2025.10.08	00:44:17.015	0.93014	0.93105			6
2025.10.08	00:44:17.521	0.93018				2
2025.10.08	00:44:17.890	0.93021				2
2025.10.08	00:44:18.598		0.93104			4
2025.10.08	00:44:20.077	0.93012	0.93101			6
2025.10.08	00:44:20.624	0.93007	0.93100			6
2025.10.08	00:44:21.095		0.93101			4
2025.10.08	00:44:22.133	0.93020	0.93103			6
2025.10.08	00:44:22.465	0.93007	0.93101			6
2025.10.08	00:44:22.959		0.93102			4
2025.10.08	00:44:25.196	0.93013	0.93105			6
2025.10.08	00:44:25.663	0.93018				2
2025.10.08	00:44:26.216	0.93007	0.93103			6
2025.10.08	00:44:26.837		0.93104			4
2025.10.08	00:44:28.297		0.93103			4
2025.10.08	00:44:29.316	0.93009	0.93105			6
2025.10.08	00:44:30.316	0.93007	0.93102			6
2025.10.08	00:44:31.119	0.93010	0.93105			6
2025.10.08	00:44:31.444	0.93012	0.93103			6
2025.10.08	00:44:31.767	0.93013	0.93102			6
2025.10.08	00:44:32.090	0.93009	0.93105			6
2025.10.08	00:44:32.681		0.93103			4
2025.10.08	00:44:33.001	0.93007				2
2025.10.08	00:44:33.445	0.93010	0.93104			6
2025.10.08	00:44:35.449	0.93005	0.93105			6
2025.10.08	00:44:36.967	0.93012	0.93107			6
2025.10.08	00:44:37.314	0.93014	0.93109			6
2025.10.08	00:44:41.022	0.93005	0.93106			6
2025.10.08	00:44:42.328		0.93103			4
2025.10.08	00:44:48.405		0.93104			4
2025.10.08	00:44:50.624	0.93007	0.93103			6
2025.10.08	00:44:51.299	0.93015	0.93107			6
2025.10.08	00:44:51.605		0.93106			4
2025.10.08	00:44:51.972		0.93105			4
2025.10.08	00:44:52.408	0.93007	0.93103			6
2025.10.08	00:44:53.069		0.93102			4
2025.10.08	00:44:54.184		0.93103			4
2025.10.08	00:44:57.681	0.93015	0.93104			6
2025.10.08	00:44:58.651	0.93019	0.93105			6
2025.10.08	00:45:00.406	0.93019				2
2025.10.08	00:45:01.770	0.93007	0.93102			6
2025.10.08	00:45:03.185	0.93006	0.93125			6
2025.10.08	00:45:03.846	0.93005	0.93124			6
2025.10.08	00:45:05.449	0.93007	0.93126			6
2025.10.08	00:45:06.401	0.93020	0.93105			6
2025.10.08	00:45:10.834	0.93038	0.93087			6
2025.10.08	00:45:13.562	0.93027	0.93085			6
2025.10.08	00:45:16.575	0.93036	0.93087			6
2025.10.08	00:45:17.193		0.93088			4
2025.10.08	00:45:17.747		0.93087			4
2025.10.08	00:45:20.623	0.93033				2
2025.10.08	00:45:21.028		0.93088			4
2025.10.08	00:45:21.542	0.93024	0.93086			6
2025.10.08	00:45:24.682	0.93033				2
2025.10.08	00:45:27.238		0.93087			4
2025.10.08	00:45:28.442	0.93039	0.93085			6
2025.10.08	00:45:28.941	0.93041				2
2025.10.08	00:45:30.057		0.93086			4
2025.10.08	00:45:31.435	0.93039				2
2025.10.08	00:45:33.485	0.93027				2
2025.10.08	00:45:33.941	0.93032				2
2025.10.08	00:45:35.447	0.93030				2
2025.10.08	00:45:36.366		0.93085			4
2025.10.08	00:45:38.315		0.93086			4
2025.10.08	00:45:42.329		0.93085			4
2025.10.08	00:45:43.876		0.93084			4
2025.10.08	00:45:48.767		0.93083			4
2025.10.08	00:45:49.421		0.93084			4
2025.10.08	00:45:50.623	0.93026				2
2025.10.08	00:45:53.075		0.93083			4
2025.10.08	00:45:58.725		0.93085			4
2025.10.08	00:46:00.317	0.93026				2
2025.10.08	00:46:02.470	0.93034	0.93087			6
2025.10.08	00:46:04.956	0.93026	0.93085			6
2025.10.08	00:46:10.790	0.93014				2
2025.10.08	00:46:12.670	0.93032				2
2025.10.08	00:46:18.734	0.93043	0.93087			6
2025.10.08	00:46:22.038	0.93028	0.93086			6
2025.10.08	00:46:23.505	0.93038	0.93087			6
2025.10.08	00:46:23.939	0.93044				2
2025.10.08	00:46:27.334		0.93088			4
2025.10.08	00:46:30.429	0.93042				2
2025.10.08	00:46:31.002	0.93028	0.93085			6
2025.10.08	00:46:33.491	0.93045	0.93088			6
2025.10.08	00:46:41.177	0.93043				2
2025.10.08	00:46:42.334	0.93028	0.93086			6
2025.10.08	00:46:49.814		0.93085			4
2025.10.08	00:46:52.043	0.93029				2
2025.10.08	00:47:00.810	0.93029				2
2025.10.08	00:47:03.184	0.93025	0.93108			6
2025.10.08	00:47:03.819	0.93024	0.93107			6
2025.10.08	00:47:05.424	0.93025	0.93108			6
2025.10.08	00:47:06.378	0.93029	0.93084			6
2025.10.08	00:47:15.680	0.93033	0.93088			6
2025.10.08	00:47:17.638	0.93044				2
2025.10.08	00:47:18.748	0.93028	0.93085			6
2025.10.08	00:47:19.666	0.93030				2
2025.10.08	00:47:20.627	0.93034				2
2025.10.08	00:47:28.881		0.93087			4
2025.10.08	00:47:31.797	0.93038	0.93089			6
2025.10.08	00:47:32.183	0.93033				2
2025.10.08	00:47:33.332		0.93088			4
2025.10.08	00:47:35.623	0.93031				2
2025.10.08	00:47:46.953		0.93087			4
2025.10.08	00:47:47.394		0.93086			4
2025.10.08	00:47:50.628	0.93033	0.93087			6
2025.10.08	00:47:58.660		0.93086			4
2025.10.08	00:47:59.729	0.93042	0.93089			6
2025.10.08	00:48:00.243	0.93033	0.93087			6
2025.10.08	00:48:05.196		0.93086			4
2025.10.08	00:48:05.626	0.93026				2
2025.10.08	00:48:18.040		0.93084			4
2025.10.08	00:48:20.624	0.93022				2
2025.10.08	00:48:21.817	0.93039	0.93085			6
2025.10.08	00:48:22.540		0.93086			4
2025.10.08	00:48:22.932		0.93089			4
2025.10.08	00:48:24.085	0.93042				2
2025.10.08	00:48:26.288	0.93040	0.93088			6
2025.10.08	00:48:29.257		0.93089			4
2025.10.08	00:48:30.737	0.93027	0.93087			6
2025.10.08	00:48:31.752	0.93030	0.93088			6
2025.10.08	00:48:35.624		0.93089			4
2025.10.08	00:48:38.715	0.93036	0.93090			6
2025.10.08	00:48:40.925		0.93089			4
2025.10.08	00:48:45.636		0.93090			4
2025.10.08	00:48:46.904		0.93089			4
2025.10.08	00:48:49.877	0.93032	0.93090			6
2025.10.08	00:48:50.471	0.93029				2
2025.10.08	00:48:50.966		0.93091			4
2025.10.08	00:48:53.806		0.93092			4
2025.10.08	00:49:00.352	0.93029	0.93091			6
2025.10.08	00:49:02.069		0.93093			4
2025.10.08	00:49:04.346		0.93092			4
2025.10.08	00:49:06.167		0.93091			4
2025.10.08	00:49:07.044		0.93090			4
2025.10.08	00:49:07.614	0.93033	0.93093			6
2025.10.08	00:49:14.541		0.93094			4
2025.10.08	00:49:15.844		0.93093			4
2025.10.08	00:49:18.158		0.93092			4
2025.10.08	00:49:18.727	0.93028	0.93091			6
2025.10.08	00:49:20.473		0.93092			4
2025.10.08	00:49:22.404		0.93093			4
2025.10.08	00:49:23.800		0.93094			4
2025.10.08	00:49:24.100		0.93092			4
2025.10.08	00:49:27.132		0.93095			4
2025.10.08	00:49:27.983		0.93096			4
2025.10.08	00:49:29.435		0.93095			4
2025.10.08	00:49:31.577		0.93096			4
2025.10.08	00:49:34.707	0.93030	0.93095			6
2025.10.08	00:49:35.290	0.93025				2
2025.10.08	00:49:36.335		0.93096			4
2025.10.08	00:49:40.468		0.93095			4
2025.10.08	00:49:44.924	0.93030	0.93097			6
2025.10.08	00:49:47.491		0.93098			4
2025.10.08	00:49:48.673		0.93097			4
2025.10.08	00:49:56.584		0.93098			4
2025.10.08	00:49:57.212		0.93099			4
2025.10.08	00:49:59.009	0.93036	0.93100			6
2025.10.08	00:50:00.315	0.93036				2
2025.10.08	00:50:01.520		0.93101			4
2025.10.08	00:50:01.871	0.93027	0.93097			6
2025.10.08	00:50:05.367		0.93096			4
2025.10.08	00:50:06.895		0.93097			4
2025.10.08	00:50:07.474	0.93036	0.93099			6
2025.10.08	00:50:10.320		0.93100			4
2025.10.08	00:50:12.761		0.93099			4
2025.10.08	00:50:14.166	0.93028	0.93096			6
2025.10.08	00:50:15.264		0.93095			4
2025.10.08	00:50:15.802		0.93093			4
2025.10.08	00:50:16.103	0.93037	0.93095			6
2025.10.08	00:50:16.406	0.93029	0.93094			6
2025.10.08	00:50:18.822	0.93028	0.93095			6
2025.10.08	00:50:19.392		0.93094			4
2025.10.08	00:50:20.626		0.93093			4
2025.10.08	00:50:21.960		0.93092			4
2025.10.08	00:50:24.313		0.93091			4
2025.10.08	00:50:24.661		0.93092			4
2025.10.08	00:50:33.483	0.93024	0.93091			6
2025.10.08	00:50:35.514	0.93039	0.93094			6
2025.10.08	00:50:36.760	0.93041				2
2025.10.08	00:50:45.185		0.93095			4
2025.10.08	00:50:48.462		0.93094			4
2025.10.08	00:50:56.517	0.93032	0.93092			6
2025.10.08	00:50:56.817		0.93094			4
2025.10.08	00:50:59.078	0.93040	0.93096			6
2025.10.08	00:51:00.084	0.93028	0.93093			6
2025.10.08	00:51:00.918		0.93092			4
2025.10.08	00:51:05.880	0.93029				2
2025.10.08	00:51:07.552	0.93028				2
2025.10.08	00:51:07.881	0.93034	0.93094			6
2025.10.08	00:51:09.375	0.93041	0.93096			6
2025.10.08	00:51:13.592	0.93034	0.93094			6
2025.10.08	00:51:16.815	0.93043	0.93095			6
2025.10.08	00:51:18.241	0.93037				2
2025.10.08	00:51:19.360		0.93092			4
2025.10.08	00:51:20.466		0.93093			4
2025.10.08	00:51:20.870		0.93092			4
2025.10.08	00:51:23.259		0.93091			4
2025.10.08	00:51:24.527	0.93034	0.93090			6
2025.10.08	00:51:26.821	0.93043	0.93091			6
2025.10.08	00:51:30.139		0.93090			4
2025.10.08	00:51:33.158		0.93091			4
2025.10.08	00:51:34.952		0.93092			4
2025.10.08	00:51:35.705	0.93048				2
2025.10.08	00:51:36.354	0.93037	0.93093			6
2025.10.08	00:51:36.659		0.93094			4
2025.10.08	00:51:36.973		0.93092			4
2025.10.08	00:51:40.226	0.93024				2
2025.10.08	00:51:51.166		0.93091			4
2025.10.08	00:51:51.510		0.93092			4
2025.10.08	00:51:52.034	0.93025	0.93090			6
2025.10.08	00:51:52.337	0.93030	0.93091			6
2025.10.08	00:51:55.359		0.93092			4
2025.10.08	00:51:56.103	0.93024	0.93090			6
2025.10.08	00:51:56.591	0.93022				2
2025.10.08	00:51:57.181		0.93089			4
2025.10.08	00:52:00.461	0.93022	0.93090			6
2025.10.08	00:52:00.916	0.93023	0.93089			6
2025.10.08	00:52:04.382	0.93028	0.93090			6
2025.10.08	00:52:04.888		0.93093			4
2025.10.08	00:52:05.202		0.93095			4
2025.10.08	00:52:05.621		0.93096			4
2025.10.08	00:52:06.348	0.93041				2
2025.10.08	00:52:06.658	0.93038	0.93095			6
2025.10.08	00:52:07.118	0.93035	0.93092			6
2025.10.08	00:52:08.739	0.93045	0.93095			6
2025.10.08	00:52:10.316		0.93094			4
2025.10.08	00:52:11.227		0.93095			4
2025.10.08	00:52:11.561		0.93094			4
2025.10.08	00:52:15.956	0.93036	0.93093			6
2025.10.08	00:52:16.352		0.93094			4
2025.10.08	00:52:16.684		0.93092			4
2025.10.08	00:52:17.116	0.93029	0.93089			6
2025.10.08	00:52:18.275		0.93088			4
2025.10.08	00:52:20.557	0.93035				2
2025.10.08	00:52:21.683	0.93034				2
2025.10.08	00:52:22.375	0.93032				2
2025.10.08	00:52:25.357		0.93089			4
2025.10.08	00:52:25.683		0.93090			4
2025.10.08	00:52:27.457		0.93089			4
2025.10.08	00:52:29.811		0.93091			4
2025.10.08	00:52:33.162	0.93035	0.93090			6
2025.10.08	00:52:35.187	0.93040	0.93093			6
2025.10.08	00:52:36.047		0.93094			4
2025.10.08	00:52:36.895	0.93045				2
2025.10.08	00:52:38.459	0.93039	0.93091			6
2025.10.08	00:52:47.210		0.93093			4
2025.10.08	00:52:49.848		0.93094			4
2025.10.08	00:52:50.349	0.93033				2
2025.10.08	00:52:53.504	0.93040	0.93096			6
2025.10.08	00:52:55.484	0.93043	0.93094			6
2025.10.08	00:52:56.299	0.93041	0.93092			6
2025.10.08	00:52:56.617		0.93091			4
2025.10.08	00:52:58.114	0.93035	0.93090			6
2025.10.08	00:53:00.319	0.93035				2
2025.10.08	00:53:00.955	0.93033	0.93091			6
2025.10.08	00:53:09.982	0.93036				2
2025.10.08	00:53:10.326		0.93090			4
2025.10.08	00:53:10.686		0.93091			4
2025.10.08	00:53:12.517		0.93090			4
2025.10.08	00:53:12.909		0.93088			4
2025.10.08	00:53:13.681		0.93089			4
2025.10.08	00:53:14.517	0.93033				2
2025.10.08	00:53:17.261		0.93088			4
2025.10.08	00:53:20.518		0.93087			4
2025.10.08	00:53:23.262		0.93086			4
2025.10.08	00:53:29.537	0.93046	0.93088			6
2025.10.08	00:53:30.759		0.93089			4
2025.10.08	00:53:32.346		0.93088			4
2025.10.08	00:53:33.357		0.93087			4
2025.10.08	00:53:42.722		0.93088			4
2025.10.08	00:53:45.461		0.93087			4
2025.10.08	00:53:45.953	0.93035	0.93086			6
2025.10.08	00:53:49.085	0.93044	0.93087			6
2025.10.08	00:53:50.559	0.93036	0.93085			6
2025.10.08	00:53:54.675	0.93033	0.93087			6
2025.10.08	00:53:56.458	0.93036	0.93085			6
2025.10.08	00:53:57.122	0.93033	0.93087			6
2025.10.08	00:54:00.916	0.93033	0.93088			6
2025.10.08	00:54:02.051		0.93086			4
2025.10.08	00:54:05.625	0.93031				2
2025.10.08	00:54:09.154		0.93085			4
2025.10.08	00:54:09.475	0.93041	0.93086			6
2025.10.08	00:54:09.778	0.93034				2
2025.10.08	00:54:17.203	0.93033	0.93088			6
2025.10.08	00:54:23.324		0.93089			4
2025.10.08	00:54:24.306	0.93034	0.93088			6
2025.10.08	00:54:26.820	0.93037	0.93089			6
2025.10.08	00:54:27.340		0.93091			4
2025.10.08	00:54:27.669		0.93090			4
2025.10.08	00:54:29.020		0.93089			4
2025.10.08	00:54:30.129		0.93091			4
2025.10.08	00:54:30.967	0.93034	0.93089			6
2025.10.08	00:54:31.485		0.93090			4
2025.10.08	00:54:32.349		0.93089			4
2025.10.08	00:54:33.480		0.93090			4
2025.10.08	00:54:36.457		0.93089			4
2025.10.08	00:54:37.380	0.93041				2
2025.10.08	00:54:37.883	0.93048	0.93090			6
2025.10.08	00:54:42.415	0.93050				2
2025.10.08	00:54:47.658	0.93051				2
2025.10.08	00:54:48.172	0.93036	0.93089			6
2025.10.08	00:54:49.756		0.93088			4
2025.10.08	00:54:51.013		0.93087			4
2025.10.08	00:54:52.122		0.93085			4
2025.10.08	00:54:54.194		0.93084			4
2025.10.08	00:54:55.890		0.93083			4
2025.10.08	00:54:56.200		0.93084			4
2025.10.08	00:54:56.546	0.93041	0.93085			6
2025.10.08	00:54:57.606	0.93045	0.93086			6
2025.10.08	00:54:57.928	0.93036	0.93084			6
2025.10.08	00:54:58.517		0.93085			4
2025.10.08	00:55:00.813	0.93036				2
2025.10.08	00:55:03.364	0.93044	0.93088			6
2025.10.08	00:55:04.314	0.93033	0.93085			6
2025.10.08	00:55:05.222		0.93084			4
2025.10.08	00:55:07.650	0.93044	0.93086			6
2025.10.08	00:55:08.140	0.93051	0.93088			6
2025.10.08	00:55:08.461		0.93087			4
2025.10.08	00:55:10.592	0.93035	0.93084			6
2025.10.08	00:55:13.657	0.93033	0.93085			6
2025.10.08	00:55:17.661		0.93084			4
2025.10.08	00:55:18.520	0.93031				2
2025.10.08	00:55:21.039	0.93030				2
2025.10.08	00:55:26.753	0.93039	0.93085			6
2025.10.08	00:55:28.840	0.93038				2
2025.10.08	00:55:29.343	0.93040				2
2025.10.08	00:55:29.741	0.93039	0.93086			6
2025.10.08	00:55:30.153	0.93040				2
2025.10.08	00:55:30.462		0.93085			4
2025.10.08	00:55:30.849		0.93086			4
2025.10.08	00:55:31.179		0.93090			4
2025.10.08	00:55:32.593	0.93044	0.93091			6
2025.10.08	00:55:35.478	0.93029	0.93086			6
2025.10.08	00:55:36.497	0.93030	0.93085			6
2025.10.08	00:55:38.346		0.93086			4
2025.10.08	00:55:40.305	0.93041	0.93089			6
2025.10.08	00:55:41.880		0.93090			4
2025.10.08	00:55:44.951	0.93039	0.93092			6
2025.10.08	00:55:45.943	0.93048				2
2025.10.08	00:55:48.402	0.93040	0.93087			6
2025.10.08	00:55:53.456	0.93032	0.93088			6
2025.10.08	00:55:54.997	0.93038	0.93091			6
2025.10.08	00:55:57.246	0.93040	0.93090			6
2025.10.08	00:55:58.423	0.93033	0.93088			6
2025.10.08	00:55:59.500	0.93034				2
2025.10.08	00:56:00.411	0.93037				2
2025.10.08	00:56:01.028	0.93038				2
2025.10.08	00:56:04.057	0.93039				2
2025.10.08	00:56:08.596	0.93040	0.93090			6
2025.10.08	00:56:09.997	0.93041				2
2025.10.08	00:56:12.584	0.93045	0.93097			6
2025.10.08	00:56:13.662	0.93036				2
2025.10.08	00:56:15.555	0.93035				2
2025.10.08	00:56:16.098	0.93034	0.93098			6
2025.10.08	00:56:17.164	0.93028				2
2025.10.08	00:56:20.674	0.93029	0.93097			6
2025.10.08	00:56:22.684	0.93030	0.93096			6
2025.10.08	00:56:23.081	0.93029				2
2025.10.08	00:56:24.311	0.93032	0.93095			6
2025.10.08	00:56:26.116	0.93031	0.93096			6
2025.10.08	00:56:28.365	0.93029				2
2025.10.08	00:56:29.664	0.93030				2
2025.10.08	00:56:33.744	0.93034				2
2025.10.08	00:56:36.517	0.93032				2
2025.10.08	00:56:37.972	0.93033	0.93097			6
2025.10.08	00:56:39.999	0.93031	0.93099			6
2025.10.08	00:56:56.117	0.93032				2
2025.10.08	00:56:57.748	0.93029	0.93098			6
2025.10.08	00:57:00.174	0.93031				2
2025.10.08	00:57:00.519		0.93097			4
2025.10.08	00:57:11.738	0.93038	0.93098			6
2025.10.08	00:57:13.795	0.93032	0.93100			6
2025.10.08	00:57:14.521	0.93022				2
2025.10.08	00:57:14.923	0.93028				2
2025.10.08	00:57:18.460	0.93029				2
2025.10.08	00:57:19.272	0.93030	0.93099			6
2025.10.08	00:57:20.678	0.93031	0.93098			6
2025.10.08	00:57:22.789	0.93028				2
2025.10.08	00:57:25.148	0.93027	0.93099			6
2025.10.08	00:57:26.119	0.93026	0.93100			6
2025.10.08	00:57:26.613	0.93017	0.93103			6
2025.10.08	00:57:26.918	0.93020	0.93104			6
2025.10.08	00:57:27.221	0.93019	0.93103			6
2025.10.08	00:57:27.538	0.93013				2
2025.10.08	00:57:27.840	0.93011				2
2025.10.08	00:57:28.154	0.93015				2
2025.10.08	00:57:28.458	0.93014	0.93104			6
2025.10.08	00:57:28.766	0.93010				2
2025.10.08	00:57:29.078	0.93016				2
2025.10.08	00:57:29.381	0.93019	0.93103			6
2025.10.08	00:57:29.697	0.93024				2
2025.10.08	00:57:30.005	0.93011	0.93104			6
2025.10.08	00:57:30.319		0.93105			4
2025.10.08	00:57:30.622	0.93017				2
2025.10.08	00:57:30.925	0.93023	0.93108			6
2025.10.08	00:57:31.238	0.93014	0.93105			6
2025.10.08	00:57:31.541	0.93019				2
2025.10.08	00:57:31.858	0.93016	0.93104			6
2025.10.08	00:57:32.166	0.93010	0.93101			6
2025.10.08	00:57:32.477	0.93030	0.93105			6
2025.10.08	00:57:32.786	0.93020				2
2025.10.08	00:57:33.098	0.93017				2
2025.10.08	00:57:33.400	0.93035				2
2025.10.08	00:57:33.718	0.93019	0.93104			6
2025.10.08	00:57:34.031	0.93026				2
2025.10.08	00:57:34.339	0.93014	0.93105			6
2025.10.08	00:57:34.643	0.93016				2
2025.10.08	00:57:34.958	0.93011				2
2025.10.08	00:57:35.261	0.93013	0.93106			6
2025.10.08	00:57:35.578	0.93036	0.93112			6
2025.10.08	00:57:35.882	0.93014	0.93113			6
2025.10.08	00:57:36.198	0.93015	0.93114			6
2025.10.08	00:57:36.505		0.93113			4
2025.10.08	00:57:36.818	0.93017	0.93115			6
2025.10.08	00:57:37.138	0.93018				2
2025.10.08	00:57:37.459	0.93011	0.93114			6
2025.10.08	00:57:37.762	0.93017	0.93116			6
2025.10.08	00:57:38.063	0.93011	0.93114			6
2025.10.08	00:57:38.380	0.93019	0.93111			6
2025.10.08	00:57:38.681		0.93114			4
2025.10.08	00:57:38.998	0.93023	0.93113			6
2025.10.08	00:57:39.302		0.93111			4
2025.10.08	00:57:39.618	0.93014				2
2025.10.08	00:57:39.923		0.93112			4
2025.10.08	00:57:40.238	0.93015				2
2025.10.08	00:57:40.842		0.93111			4
2025.10.08	00:57:41.158	0.93021				2
2025.10.08	00:57:41.465	0.93015	0.93112			6
2025.10.08	00:57:41.777	0.93016	0.93113			6
2025.10.08	00:57:42.087	0.93014				2
2025.10.08	00:57:42.699	0.93016				2
2025.10.08	00:57:43.018	0.93015				2
2025.10.08	00:57:43.320		0.93114			4
2025.10.08	00:57:43.625	0.93011				2
2025.10.08	00:57:43.938	0.93010				2
2025.10.08	00:57:44.546	0.93015	0.93112			6
2025.10.08	00:57:44.857	0.93011	0.93114			6
2025.10.08	00:57:45.177	0.93010				2
2025.10.08	00:57:45.478	0.93009				2
2025.10.08	00:57:45.798	0.93019				2
2025.10.08	00:57:46.101	0.93015	0.93113			6
2025.10.08	00:57:46.418	0.93032	0.93114			6
2025.10.08	00:57:46.720	0.93019	0.93111			6
2025.10.08	00:57:47.038	0.93009				2
2025.10.08	00:57:47.340	0.93018				2
2025.10.08	00:57:47.643	0.93013	0.93112			6
2025.10.08	00:57:47.957	0.93012	0.93109			6
2025.10.08	00:57:48.263	0.93011	0.93111			6
2025.10.08	00:57:48.564	0.93013				2
2025.10.08	00:57:48.866	0.93019	0.93112			6
2025.10.08	00:57:49.178	0.93012	0.93111			6
2025.10.08	00:57:49.838	0.93017	0.93116			6
2025.10.08	00:57:50.141	0.93016	0.93112			6
2025.10.08	00:57:50.458		0.93114			4
2025.10.08	00:57:50.764	0.93017				2
2025.10.08	00:57:51.077	0.93013	0.93111			6
2025.10.08	00:57:51.380	0.93021	0.93110			6
2025.10.08	00:57:51.698	0.93016	0.93112			6
2025.10.08	00:57:52.000		0.93111			4
2025.10.08	00:57:52.637		0.93112			4
2025.10.08	00:57:52.942	0.93017	0.93113			6
2025.10.08	00:57:53.257	0.93012	0.93111			6
2025.10.08	00:57:53.561	0.93017				2
2025.10.08	00:57:53.877	0.93021				2
2025.10.08	00:57:54.179	0.93017				2
2025.10.08	00:57:54.482	0.93021				2
2025.10.08	00:57:54.784	0.93017	0.93112			6
2025.10.08	00:57:55.435	0.93018				2
2025.10.08	00:57:56.615	0.93017				2
2025.10.08	00:57:56.917	0.93013	0.93111			6
2025.10.08	00:57:57.220	0.93017	0.93115			6
2025.10.08	00:57:57.538	0.93022	0.93114			6
2025.10.08	00:57:57.839	0.93013				2
2025.10.08	00:57:58.463	0.93015	0.93116			6
2025.10.08	00:57:58.794	0.93019				2
2025.10.08	00:57:59.468	0.93015				2
2025.10.08	00:57:59.927		0.93115			4
2025.10.08	00:58:00.414	0.93015				2
2025.10.08	00:58:00.761	0.93016	0.93113			6
2025.10.08	00:58:01.077	0.93015				2
2025.10.08	00:58:01.397	0.93013	0.93114			6
2025.10.08	00:58:01.718	0.93014				2
2025.10.08	00:58:02.020	0.93015	0.93116			6
2025.10.08	00:58:02.337	0.93012	0.93114			6
2025.10.08	00:58:02.638	0.93014				2
2025.10.08	00:58:02.945	0.93012	0.93115			6
2025.10.08	00:58:03.257	0.93022				2
2025.10.08	00:58:03.580	0.93017				2
2025.10.08	00:58:03.881	0.93022				2
2025.10.08	00:58:04.197	0.93029				2
2025.10.08	00:58:04.499	0.93019	0.93114			6
2025.10.08	00:58:04.808	0.93032				2
2025.10.08	00:58:05.118	0.93018	0.93115			6
2025.10.08	00:58:05.425	0.93017				2
2025.10.08	00:58:05.737	0.93012				2
2025.10.08	00:58:06.042	0.93022	0.93113			6
2025.10.08	00:58:06.348	0.93012	0.93111			6
2025.10.08	00:58:07.122	0.93020	0.93113			6
2025.10.08	00:58:07.438	0.93016	0.93114			6
2025.10.08	00:58:07.743		0.93113			4
2025.10.08	00:58:08.057	0.93012	0.93112			6
2025.10.08	00:58:08.360	0.93016	0.93113			6
2025.10.08	00:58:08.665	0.93027	0.93111			6
2025.10.08	00:58:08.977	0.93016				2
2025.10.08	00:58:09.280	0.93019	0.93112			6
2025.10.08	00:58:09.598	0.93026				2
2025.10.08	00:58:09.917	0.93018	0.93113			6
2025.10.08	00:58:11.438	0.93016	0.93112			6
2025.10.08	00:58:11.757		0.93113			4
2025.10.08	00:58:12.060	0.93020				2
2025.10.08	00:58:12.377	0.93015				2
2025.10.08	00:58:12.684	0.93034				2
2025.10.08	00:58:12.998	0.93015				2
2025.10.08	00:58:13.300	0.93016	0.93111			6
2025.10.08	00:58:13.618	0.93017				2
2025.10.08	00:58:13.936	0.93021	0.93113			6
2025.10.08	00:58:14.256	0.93017	0.93117			6
2025.10.08	00:58:14.577	0.93013				2
2025.10.08	00:58:14.878	0.93033	0.93118			6
2025.10.08	00:58:15.197	0.93018	0.93117			6
2025.10.08	00:58:15.499	0.93017	0.93116			6
2025.10.08	00:58:15.817	0.93016	0.93117			6
2025.10.08	00:58:16.121	0.93012				2
2025.10.08	00:58:16.437	0.93030				2
2025.10.08	00:58:16.742	0.93016	0.93118			6
2025.10.08	00:58:17.057	0.93027	0.93113			6
2025.10.08	00:58:17.361	0.93014	0.93114			6
2025.10.08	00:58:17.677	0.93015	0.93116			6
2025.10.08	00:58:17.982		0.93115			4
2025.10.08	00:58:18.298	0.93018	0.93117			6
2025.10.08	00:58:18.602	0.93013	0.93114			6
2025.10.08	00:58:18.905		0.93115			4
2025.10.08	00:58:19.534		0.93118			4
2025.10.08	00:58:19.908	0.93015				2
2025.10.08	00:58:20.218		0.93119			4
2025.10.08	00:58:20.521	0.93011	0.93118			6
2025.10.08	00:58:21.126	0.93013				2
2025.10.08	00:58:21.437	0.93012	0.93117			6
2025.10.08	00:58:22.251		0.93118			4
2025.10.08	00:58:22.557	0.93015	0.93114			6
2025.10.08	00:58:22.878	0.93021	0.93115			6
2025.10.08	00:58:23.199	0.93016				2
2025.10.08	00:58:23.502		0.93114			4
2025.10.08	00:58:23.817	0.93021				2
2025.10.08	00:58:24.123	0.93025				2
2025.10.08	00:58:24.438	0.93016				2
2025.10.08	00:58:25.058	0.93027				2
2025.10.08	00:58:25.360	0.93017				2
2025.10.08	00:58:26.407		0.93113			4
2025.10.08	00:58:26.736	0.93016	0.93114			6
2025.10.08	00:58:27.038	0.93014				2
2025.10.08	00:58:27.339	0.93015	0.93112			6
2025.10.08	00:58:27.658		0.93110			4
2025.10.08	00:58:27.978	0.93017	0.93111			6
2025.10.08	00:58:28.280		0.93114			4
2025.10.08	00:58:28.585		0.93115			4
2025.10.08	00:58:28.898	0.93014	0.93114			6
2025.10.08	00:58:29.547		0.93115			4
2025.10.08	00:58:30.121		0.93117			4
2025.10.08	00:58:30.427		0.93116			4
2025.10.08	00:58:31.757	0.93012	0.93115			6
2025.10.08	00:58:32.058	0.93016				2
2025.10.08	00:58:32.377	0.93012				2
2025.10.08	00:58:32.697	0.93013	0.93114			6
2025.10.08	00:58:33.320	0.93021				2
2025.10.08	00:58:33.638	0.93003	0.93117			6
2025.10.08	00:58:33.941	0.93013	0.93114			6
2025.10.08	00:58:34.560	0.93012	0.93115			6
2025.10.08	00:58:34.861	0.93017	0.93118			6
2025.10.08	00:58:35.162	0.93011	0.93117			6
2025.10.08	00:58:35.477	0.93016				2
2025.10.08	00:58:35.784	0.93017				2
2025.10.08	00:58:36.097	0.93015	0.93118			6
2025.10.08	00:58:36.400	0.93017	0.93116			6
2025.10.08	00:58:36.719	0.93021				2
2025.10.08	00:58:37.037	0.93014				2
2025.10.08	00:58:37.658	0.93017	0.93117			6
2025.10.08	00:58:37.961	0.93014	0.93118			6
2025.10.08	00:58:38.278	0.93011	0.93119			6
2025.10.08	00:58:38.587	0.93018	0.93118			6
2025.10.08	00:58:38.900	0.93014	0.93117			6
2025.10.08	00:58:39.201	0.93009				2
2025.10.08	00:58:39.519	0.93017	0.93116			6
2025.10.08	00:58:39.828		0.93113			4
2025.10.08	00:58:40.138	0.93023				2
2025.10.08	00:58:40.443	0.93011	0.93114			6
2025.10.08	00:58:40.758	0.93016				2
2025.10.08	00:58:41.064	0.93017				2
2025.10.08	00:58:41.378	0.93012	0.93113			6
2025.10.08	00:58:42.974		0.93114			4
2025.10.08	00:58:43.336	0.93017	0.93113			6
2025.10.08	00:58:44.370	0.93016				2
2025.10.08	00:58:44.679		0.93114			4
2025.10.08	00:58:44.980	0.93013				2
2025.10.08	00:58:45.301	0.93017	0.93113			6
2025.10.08	00:58:45.606	0.93010				2
2025.10.08	00:58:45.918	0.93017				2
2025.10.08	00:58:46.227	0.93015				2
2025.10.08	00:58:46.841		0.93112			4
2025.10.08	00:58:47.155	0.93016	0.93114			6
2025.10.08	00:58:48.806	0.93015	0.93111			6
2025.10.08	00:58:49.118	0.93014	0.93114			6
2025.10.08	00:58:49.900		0.93116			4
2025.10.08	00:58:52.665		0.93117			4
2025.10.08	00:58:53.169		0.93120			4
2025.10.08	00:58:56.460	0.93016				2
2025.10.08	00:58:56.761		0.93119			4
2025.10.08	00:58:58.922		0.93114			4
2025.10.08	00:59:00.413	0.93016	0.93118			6
2025.10.08	00:59:01.774		0.93111			4
2025.10.08	00:59:04.840		0.93114			4
2025.10.08	00:59:07.667		0.93111			4
2025.10.08	00:59:15.694	0.93011	0.93108			6
2025.10.08	00:59:16.515		0.93107			4
2025.10.08	00:59:20.032		0.93106			4
2025.10.08	00:59:21.712	0.93016	0.93108			6
2025.10.08	00:59:22.019		0.93106			4
2025.10.08	00:59:30.182		0.93105			4
2025.10.08	00:59:30.772	0.93015				2
2025.10.08	00:59:32.121		0.93106			4
2025.10.08	00:59:35.521	0.93010				2
2025.10.08	00:59:37.364		0.93105			4
2025.10.08	00:59:39.847		0.93106			4
2025.10.08	00:59:43.646		0.93107			4
2025.10.08	00:59:46.495		0.93108			4
2025.10.08	00:59:47.106		0.93107			4
2025.10.08	00:59:47.826	0.93015				2
2025.10.08	00:59:49.366		0.93108			4
2025.10.08	00:59:55.293		0.93110			4
2025.10.08	00:59:56.174		0.93108			4
2025.10.08	00:59:58.572		0.93109			4
2025.10.08	01:00:00.309	0.93015	0.93093			6
2025.10.08	01:00:00.618		0.93092			4
2025.10.08	01:00:00.966	0.93018	0.93088			6
2025.10.08	01:00:01.308		0.93091			4
2025.10.08	01:00:01.615		0.93086			4
2025.10.08	01:00:01.917	0.93020	0.93087			6
2025.10.08	01:00:02.243	0.93028	0.93100			6
2025.10.08	01:00:02.980	0.93029	0.93090			6
2025.10.08	01:00:03.306	0.93027	0.93091			6
2025.10.08	01:00:03.758	0.93022	0.93103			6
2025.10.08	01:00:04.087	0.93020	0.93101			6
2025.10.08	01:00:04.739	0.93021	0.93102			6
2025.10.08	01:00:06.645	0.93020	0.93100			6
2025.10.08	01:00:07.295	0.93030	0.93086			6
2025.10.08	01:00:07.662	0.93032				2
2025.10.08	01:00:08.666	0.93039	0.93081			6
2025.10.08	01:00:09.036	0.93038	0.93087			6
2025.10.08	01:00:14.011	0.93034	0.93086			6
2025.10.08	01:00:14.992	0.93038				2
2025.10.08	01:00:16.517	0.93037	0.93106			6
2025.10.08	01:00:16.848		0.93099			4
2025.10.08	01:00:17.168	0.93038	0.93091			6
2025.10.08	01:00:18.015	0.93040	0.93086			6
2025.10.08	01:00:18.328		0.93106			4
2025.10.08	01:00:19.252	0.93039	0.93087			6
2025.10.08	01:00:19.696	0.93040	0.93086			6
2025.10.08	01:00:21.759	0.93044				2
2025.10.08	01:00:22.497	0.93048	0.93082			6
2025.10.08	01:00:22.824	0.93036	0.93079			6
2025.10.08	01:00:23.126	0.93030	0.93082			6
2025.10.08	01:00:23.440	0.93029				2
2025.10.08	01:00:25.498		0.93074			4
2025.10.08	01:00:25.803	0.93032				2
2025.10.08	01:00:26.108	0.93033				2
2025.10.08	01:00:26.469	0.93032	0.93077			6
2025.10.08	01:00:28.207		0.93076			4
2025.10.08	01:00:28.518	0.93034	0.93080			6
2025.10.08	01:00:28.880		0.93079			4
2025.10.08	01:00:29.558	0.93033				2
2025.10.08	01:00:30.187	0.93034				2
2025.10.08	01:00:31.550	0.93036	0.93081			6
2025.10.08	01:00:32.279	0.93034	0.93080			6
2025.10.08	01:00:32.649		0.93081			4
2025.10.08	01:00:33.398		0.93080			4
2025.10.08	01:00:34.021		0.93081			4
2025.10.08	01:00:34.869	0.93038	0.93090			6
2025.10.08	01:00:36.066	0.93039				2
2025.10.08	01:00:36.368	0.93038	0.93088			6
2025.10.08	01:00:36.744		0.93081			4
2025.10.08	01:00:41.834	0.93035				2
2025.10.08	01:00:42.154	0.93036				2
2025.10.08	01:00:42.955	0.93032				2
2025.10.08	01:00:44.535	0.93035				2
2025.10.08	01:00:44.855	0.93038				2
2025.10.08	01:00:49.311	0.93042	0.93082			6
2025.10.08	01:00:51.450	0.93043	0.93080			6
2025.10.08	01:00:56.348		0.93081			4
2025.10.08	01:01:00.157	0.93043	0.93082			6
2025.10.08	01:01:00.459		0.93081			4
2025.10.08	01:01:06.579		0.93082			4
2025.10.08	01:01:10.542	0.93044	0.93083			6
2025.10.08	01:01:16.349	0.93046				2
2025.10.08	01:01:16.766	0.93044				2
2025.10.08	01:01:18.028		0.93082			4
2025.10.08	01:01:20.136	0.93040	0.93085			6
2025.10.08	01:01:20.438	0.93038	0.93083			6
2025.10.08	01:01:21.661	0.93043	0.93086			6
2025.10.08	01:01:22.368		0.93085			4
2025.10.08	01:01:22.761		0.93088			4
2025.10.08	01:01:23.175	0.93042	0.93084			6
2025.10.08	01:01:24.419	0.93041				2
2025.10.08	01:01:26.357		0.93083			4
2025.10.08	01:01:26.703	0.93045	0.93075			6
2025.10.08	01:01:27.008	0.93046	0.93073			6
2025.10.08	01:01:27.322		0.93075			4
2025.10.08	01:01:29.349		0.93077			4
2025.10.08	01:01:30.355		0.93074			4
2025.10.08	01:01:31.537		0.93075			4
2025.10.08	01:01:36.939	0.93047				2
2025.10.08	01:01:49.763	0.93044	0.93074			6
2025.10.08	01:01:56.551	0.93043	0.93073			6
2025.10.08	01:01:56.871	0.93046				2
2025.10.08	01:01:59.612	0.93047				2
2025.10.08	01:02:00.318	0.93047	0.93072			6
2025.10.08	01:02:00.709		0.93070			4
2025.10.08	01:02:01.358		0.93069			4
2025.10.08	01:02:03.404	0.93045				2
2025.10.08	01:02:03.814	0.93047				2
2025.10.08	01:02:04.216		0.93070			4
2025.10.08	01:02:19.891	0.93048	0.93072			6
2025.10.08	01:02:35.095		0.93071			4
2025.10.08	01:02:56.553	0.93047				2
2025.10.08	01:03:01.360	0.93047				2
2025.10.08	01:03:01.802	0.93048	0.93073			6
2025.10.08	01:03:02.205		0.93072			4
2025.10.08	01:03:03.045		0.93073			4
2025.10.08	01:03:06.663	0.93053	0.93074			6
2025.10.08	01:03:13.104	0.93048				2
2025.10.08	01:03:23.449	0.93051				2
2025.10.08	01:03:30.962		0.93073			4
2025.10.08	01:03:49.179	0.93048	0.93068			6
2025.10.08	01:03:56.570	0.93045				2
2025.10.08	01:04:00.361	0.93045				2
2025.10.08	01:04:05.452		0.93066			4
2025.10.08	01:04:16.164		0.93062			4
2025.10.08	01:04:16.569	0.93042	0.93061			6
2025.10.08	01:04:23.597	0.93041				2
2025.10.08	01:04:35.266		0.93060			4
2025.10.08	01:04:43.062		0.93061			4
2025.10.08	01:04:49.657		0.93060			4
2025.10.08	01:04:51.413	0.93040	0.93061			6
2025.10.08	01:04:56.973	0.93043				2
2025.10.08	01:05:00.389	0.93044				2
2025.10.08	01:05:02.959		0.93062			4
2025.10.08	01:05:03.432	0.93041	0.93061			6
2025.10.08	01:05:07.433		0.93063			4
2025.10.08	01:05:10.898		0.93065			4
2025.10.08	01:05:16.634	0.93043	0.93067			6
2025.10.08	01:05:16.935		0.93068			4
2025.10.08	01:05:19.663		0.93067			4
2025.10.08	01:05:21.801	0.93044	0.93066			6
2025.10.08	01:05:36.758		0.93067			4
2025.10.08	01:05:41.262	0.93045				2
2025.10.08	01:05:44.557	0.93044				2
2025.10.08	01:05:49.657	0.93045	0.93066			6
2025.10.08	01:05:52.054	0.93043				2
2025.10.08	01:05:52.460		0.93064			4
2025.10.08	01:06:00.689	0.93044	0.93067			6
2025.10.08	01:06:03.477		0.93066			4
2025.10.08	01:06:08.715		0.93067			4
2025.10.08	01:06:11.858	0.93045				2
2025.10.08	01:06:13.941		0.93066			4
2025.10.08	01:06:16.957		0.93065			4
2025.10.08	01:06:24.483	0.93046	0.93068			6
2025.10.08	01:06:26.559	0.93045				2
2025.10.08	01:06:27.632	0.93046	0.93067			6
2025.10.08	01:06:46.358		0.93066			4
2025.10.08	01:06:51.763	0.93047				2
2025.10.08	01:06:59.262	0.93046				2
2025.10.08	01:07:00.200	0.93047				2
2025.10.08	01:07:04.820	0.93046	0.93065			6
2025.10.08	01:07:17.699	0.93047	0.93066			6
2025.10.08	01:07:30.758		0.93065			4
2025.10.08	01:07:36.459		0.93066			4
2025.10.08	01:07:42.159		0.93067			4
2025.10.08	01:07:55.268		0.93066			4
2025.10.08	01:07:56.687		0.93065			4
2025.10.08	01:07:57.939	0.93048	0.93066			6
2025.10.08	01:08:00.438	0.93047				2
2025.10.08	01:08:01.682	0.93048	0.93065			6
2025.10.08	01:08:07.338	0.93044				2
2025.10.08	01:08:10.358	0.93042	0.93063			6
2025.10.08	01:08:12.159	0.93041				2
2025.10.08	01:08:12.624	0.93042				2
2025.10.08	01:08:13.857	0.93041				2
2025.10.08	01:08:35.835	0.93042				2
2025.10.08	01:08:36.966	0.93043				2
2025.10.08	01:08:55.955	0.93044				2
2025.10.08	01:08:56.266	0.93042				2
2025.10.08	01:09:00.157	0.93042				2
2025.10.08	01:09:11.424		0.93063			4
2025.10.08	01:09:20.444	0.93041				2
2025.10.08	01:09:24.550	0.93042				2
2025.10.08	01:09:26.258	0.93041				2
2025.10.08	01:09:54.340	0.93050	0.93067			6
2025.10.08	01:09:55.659		0.93068			4
2025.10.08	01:09:56.722	0.93051	0.93071			6
2025.10.08	01:09:57.785		0.93069			4
2025.10.08	01:09:59.857	0.93050				2
2025.10.08	01:10:00.357	0.93051	0.93068			6
2025.10.08	01:10:00.695	0.93050	0.93067			6
2025.10.08	01:10:03.461		0.93068			4
2025.10.08	01:10:10.056		0.93067			4
2025.10.08	01:10:19.359		0.93068			4
2025.10.08	01:10:24.757		0.93067			4
2025.10.08	01:10:25.297		0.93068			4
2025.10.08	01:10:40.960	0.93051				2
2025.10.08	01:10:49.657	0.93050				2
2025.10.08	01:11:00.457	0.93050				2
2025.10.08	01:11:14.156	0.93045	0.93065			6
2025.10.08	01:11:19.665	0.93044				2
2025.10.08	01:11:24.162	0.93045				2
2025.10.08	01:11:27.158	0.93044				2
2025.10.08	01:11:28.385	0.93045				2
2025.10.08	01:11:37.195	0.93044				2
2025.10.08	01:11:37.957	0.93045				2
2025.10.08	01:11:54.323		0.93063			4
2025.10.08	01:12:00.662	0.93045	0.93064			6
2025.10.08	01:12:30.548	0.93044				2
2025.10.08	01:12:33.936		0.93065			4
2025.10.08	01:12:34.273	0.93045				2
2025.10.08	01:12:39.011		0.93066			4
2025.10.08	01:12:44.267	0.93044	0.93064			6
2025.10.08	01:12:46.061	0.93043				2
2025.10.08	01:12:50.142	0.93042				2
2025.10.08	01:12:54.644	0.93043				2
2025.10.08	01:12:56.862	0.93042				2
2025.10.08	01:13:00.628	0.93042				2
2025.10.08	01:13:13.862	0.93043				2
2025.10.08	01:13:37.947	0.93042	0.93061			6
2025.10.08	01:13:38.258		0.93062			4
2025.10.08	01:13:39.410		0.93061			4
2025.10.08	01:13:40.230		0.93062			4
2025.10.08	01:13:40.541		0.93061			4
2025.10.08	01:13:41.297		0.93062			4
2025.10.08	01:13:41.699	0.93043	0.93060			6
2025.10.08	01:13:42.008	0.93042	0.93061			6
2025.10.08	01:13:43.578	0.93043	0.93060			6
2025.10.08	01:13:43.893		0.93061			4
2025.10.08	01:13:44.207	0.93042				2
2025.10.08	01:13:44.547	0.93043				2
2025.10.08	01:13:44.893	0.93042	0.93062			6
2025.10.08	01:13:45.333		0.93061			4
2025.10.08	01:13:45.758	0.93043				2
2025.10.08	01:13:46.067	0.93042	0.93062			6
2025.10.08	01:13:46.479	0.93043	0.93061			6
2025.10.08	01:13:46.795	0.93042				2
2025.10.08	01:13:47.115	0.93043				2
2025.10.08	01:13:47.427	0.93042	0.93062			6
2025.10.08	01:13:47.760	0.93043	0.93061			6
2025.10.08	01:13:48.062	0.93042	0.93062			6
2025.10.08	01:13:49.278	0.93041				2
2025.10.08	01:13:49.591	0.93043				2
2025.10.08	01:13:49.898	0.93042	0.93061			6
2025.10.08	01:13:50.663	0.93043				2
2025.10.08	01:13:50.996	0.93042	0.93062			6
2025.10.08	01:13:51.416	0.93041				2
2025.10.08	01:13:52.279		0.93063			4
2025.10.08	01:13:53.260	0.93040				2
2025.10.08	01:13:58.827	0.93039				2
2025.10.08	01:13:59.279	0.93038	0.93061			6
2025.10.08	01:14:00.103	0.93038				2
2025.10.08	01:14:02.968	0.93037				2
2025.10.08	01:14:03.283	0.93038				2
2025.10.08	01:14:03.613	0.93037				2
2025.10.08	01:14:04.371	0.93038				2
2025.10.08	01:14:04.689	0.93037				2
2025.10.08	01:14:10.820	0.93039	0.93063			6
2025.10.08	01:14:12.156	0.93040				2
2025.10.08	01:14:19.386	0.93039				2
2025.10.08	01:14:20.893	0.93041	0.93065			6
2025.10.08	01:14:21.219		0.93064			4
2025.10.08	01:14:23.260		0.93065			4
2025.10.08	01:14:29.683	0.93043				2
2025.10.08	01:14:30.981	0.93044				2
2025.10.08	01:14:36.159	0.93043				2
2025.10.08	01:14:41.791	0.93038	0.93063			6
2025.10.08	01:15:00.376	0.93040	0.93062			6
2025.10.08	01:15:02.560	0.93039				2
2025.10.08	01:15:03.809	0.93040				2
2025.10.08	01:15:08.210		0.93060			4
2025.10.08	01:15:08.857	0.93041				2
2025.10.08	01:15:10.956	0.93040				2
2025.10.08	01:15:17.786	0.93041				2
2025.10.08	01:15:18.099		0.93063			4
2025.10.08	01:15:22.987	0.93039				2
2025.10.08	01:15:25.921		0.93061			4
2025.10.08	01:15:26.314	0.93040				2
2025.10.08	01:15:30.065	0.93039				2
2025.10.08	01:15:31.266	0.93040				2
2025.10.08	01:15:33.014	0.93039				2
2025.10.08	01:15:33.337	0.93040				2
2025.10.08	01:15:37.321	0.93039				2
2025.10.08	01:16:00.696	0.93039				2
2025.10.08	01:16:02.909	0.93037	0.93059			6
2025.10.08	01:16:06.015	0.93038				2
2025.10.08	01:16:07.136	0.93039				2
2025.10.08	01:16:12.280	0.93038				2
2025.10.08	01:16:19.537	0.93039				2
2025.10.08	01:16:20.574	0.93038				2
2025.10.08	01:16:22.623	0.93041	0.93062			6
2025.10.08	01:16:25.382	0.93040				2
2025.10.08	01:16:25.750	0.93041				2
2025.10.08	01:16:42.306	0.93037	0.93057			6
2025.10.08	01:16:42.690		0.93058			4
2025.10.08	01:16:51.708	0.93039				2
2025.10.08	01:16:53.197	0.93040				2
2025.10.08	01:16:57.158		0.93057			4
2025.10.08	01:16:59.714	0.93039	0.93055			6
2025.10.08	01:17:00.845	0.93039				2
2025.10.08	01:17:06.046	0.93040				2
2025.10.08	01:17:08.859		0.93054			4
2025.10.08	01:17:41.558	0.93039				2
2025.10.08	01:17:42.638	0.93036				2
2025.10.08	01:17:50.276	0.93037	0.93051			6
2025.10.08	01:18:00.599	0.93035				2
2025.10.08	01:18:01.071	0.93034				2
2025.10.08	01:18:03.813	0.93035	0.93050			6
2025.10.08	01:18:04.847	0.93034	0.93051			6
2025.10.08	01:18:12.508	0.93035				2
2025.10.08	01:18:14.171	0.93034				2
2025.10.08	01:18:18.058		0.93052			4
2025.10.08	01:18:20.132		0.93051			4
2025.10.08	01:18:20.886		0.93052			4
2025.10.08	01:18:23.258	0.93035				2
2025.10.08	01:18:23.816	0.93034				2
2025.10.08	01:18:24.273		0.93051			4
2025.10.08	01:18:25.365		0.93052			4
2025.10.08	01:18:28.153	0.93035				2
2025.10.08	01:18:28.478		0.93051			4
2025.10.08	01:18:29.376	0.93034	0.93052			6
2025.10.08	01:18:39.896		0.93051			4
2025.10.08	01:18:41.151	0.93037	0.93052			6
2025.10.08	01:18:47.256		0.93053			4
2025.10.08	01:18:49.475	0.93040	0.93052			6
2025.10.08	01:18:50.095	0.93037	0.93053			6
2025.10.08	01:18:53.259		0.93052			4
2025.10.08	01:19:00.157	0.93035	0.93051			6
2025.10.08	01:19:00.596	0.93034				2
2025.10.08	01:19:05.835		0.93050			4
2025.10.08	01:19:06.459	0.93035	0.93051			6
2025.10.08	01:19:10.629	0.93036				2
2025.10.08	01:19:14.131	0.93034				2
2025.10.08	01:19:24.156	0.93035	0.93050			6
2025.10.08	01:19:26.775	0.93034	0.93051			6
2025.10.08	01:19:40.957		0.93050			4
2025.10.08	01:19:45.366		0.93051			4
2025.10.08	01:19:53.859	0.93036				2
2025.10.08	01:19:54.189	0.93037				2
2025.10.08	01:19:57.271		0.93052			4
2025.10.08	01:20:00.378	0.93039				2
2025.10.08	01:20:03.475	0.93040				2
2025.10.08	01:20:04.472	0.93039				2
2025.10.08	01:20:06.758	0.93040				2
2025.10.08	01:20:10.683	0.93038				2
2025.10.08	01:20:12.103	0.93039				2
2025.10.08	01:20:17.954	0.93042	0.93054			6
2025.10.08	01:20:22.482	0.93041				2
2025.10.08	01:20:28.234	0.93044	0.93055			6
2025.10.08	01:20:30.361		0.93056			4
2025.10.08	01:20:32.447		0.93055			4
2025.10.08	01:20:34.393	0.93045				2
2025.10.08	01:20:37.565		0.93056			4
2025.10.08	01:20:42.458		0.93055			4
2025.10.08	01:20:44.144		0.93056			4
2025.10.08	01:20:46.270	0.93044				2
2025.10.08	01:20:48.901		0.93057			4
2025.10.08	01:20:50.589	0.93045	0.93056			6
2025.10.08	01:20:53.462		0.93057			4
2025.10.08	01:20:56.258	0.93044	0.93056			6
2025.10.08	01:21:00.436	0.93044	0.93057			6
2025.10.08	01:21:02.417	0.93045	0.93056			6
2025.10.08	01:21:11.656	0.93044				2
2025.10.08	01:21:13.357	0.93045				2
2025.10.08	01:21:16.198	0.93044				2
2025.10.08	01:21:43.695	0.93045	0.93055			6
2025.10.08	01:21:53.684	0.93044				2
2025.10.08	01:21:55.111	0.93045				2
2025.10.08	01:21:57.756	0.93044				2
2025.10.08	01:22:00.750	0.93044				2
2025.10.08	01:22:02.575		0.93056			4
2025.10.08	01:22:06.417		0.93055			4
2025.10.08	01:22:09.458		0.93056			4
2025.10.08	01:22:12.065	0.93045	0.93055			6
2025.10.08	01:22:36.460	0.93044				2
2025.10.08	01:22:48.259	0.93045	0.93056			6
2025.10.08	01:22:48.862	0.93046				2
2025.10.08	01:23:00.844	0.93046				2
2025.10.08	01:23:04.657	0.93045				2
2025.10.08	01:23:07.619	0.93046	0.93055			6
2025.10.08	01:23:08.561	0.93044	0.93056			6
2025.10.08	01:23:11.858		0.93055			4
2025.10.08	01:23:17.549	0.93043				2
2025.10.08	01:23:31.539	0.93044				2
2025.10.08	01:23:34.915	0.93043				2
2025.10.08	01:23:37.721	0.93044				2
2025.10.08	01:23:56.809	0.93043				2
2025.10.08	01:23:59.836	0.93044				2
2025.10.08	01:24:00.384	0.93043				2
2025.10.08	01:24:01.050	0.93046	0.93056			6
2025.10.08	01:24:01.535		0.93055			4
2025.10.08	01:24:11.557		0.93056			4
2025.10.08	01:24:17.688	0.93045				2
2025.10.08	01:24:20.857	0.93046				2
2025.10.08	01:24:24.227	0.93045				2
2025.10.08	01:24:26.313		0.93055			4
2025.10.08	01:24:27.349		0.93056			4
2025.10.08	01:24:30.171	0.93046				2
2025.10.08	01:24:48.863		0.93057			4
2025.10.08	01:24:49.373	0.93047				2
2025.10.08	01:24:51.374	0.93046	0.93056			6
2025.10.08	01:24:54.760	0.93047				2
2025.10.08	01:24:57.088	0.93048				2
2025.10.08	01:25:00.461	0.93048				2
