<DATE>	<TIME>	<BID>	<ASK>	<LAST>	<VOLUME>	<FLAGS>
2025.06.30	00:03:30.761	0.93704	0.93769			6
2025.06.30	00:03:32.923	0.93711	0.93778			6
2025.06.30	00:03:40.729		0.93777			4
2025.06.30	00:03:44.393		0.93776			4
2025.06.30	00:03:54.024	0.93613	0.93824			6
2025.06.30	00:03:56.045		0.93804			4
2025.06.30	00:03:56.651	0.93715	0.93777			6
2025.06.30	00:03:58.254		0.93778			4
2025.06.30	00:04:00.211	0.93715				2
2025.06.30	00:04:30.887	0.93613	0.93836			6
2025.06.30	00:04:34.051	0.93614	0.93828			6
2025.06.30	00:04:43.288	0.93670	0.93778			6
2025.06.30	00:04:51.015		0.93779			4
2025.06.30	00:04:53.777	0.93668	0.93781			6
2025.06.30	00:04:54.905	0.93613	0.93826			6
2025.06.30	00:04:56.044		0.93808			4
2025.06.30	00:05:10.051	0.93613	0.93807			6
2025.06.30	00:05:30.284	0.93648	0.93805			6
2025.06.30	00:05:41.760		0.93804			4
2025.06.30	00:05:45.280	0.93640	0.93782			6
2025.06.30	00:05:45.594	0.93648				2
2025.06.30	00:05:48.574	0.93603				2
2025.06.30	00:06:10.779	0.93597	0.93759			6
2025.06.30	00:07:05.779	0.93597				2
2025.06.30	00:07:11.759	0.93598	0.93759			6
2025.06.30	00:07:37.075		0.93735			4
2025.06.30	00:07:43.457	0.93605	0.93738			6
2025.06.30	00:08:07.087	0.93605				2
2025.06.30	00:08:52.173		0.93738			4
2025.06.30	00:09:01.058	0.93605				2
2025.06.30	00:10:00.421	0.93605	0.93738			6
2025.06.30	00:10:34.501	0.93600	0.93735			6
2025.06.30	00:10:59.987	0.93601				2
2025.06.30	00:11:01.183	0.93601				2
2025.06.30	00:11:34.782		0.93735			4
2025.06.30	00:11:47.385		0.93719			4
2025.06.30	00:12:01.184	0.93601				2
2025.06.30	00:12:11.685	0.93602				2
2025.06.30	00:12:17.204	0.93605	0.93815			6
2025.06.30	00:12:18.289	0.93635	0.93706			6
2025.06.30	00:12:22.076	0.93632	0.93702			6
2025.06.30	00:12:22.532	0.93605	0.93815			6
2025.06.30	00:12:29.323	0.93625	0.93692			6
2025.06.30	00:12:30.472	0.93621	0.93687			6
2025.06.30	00:12:30.955	0.93605	0.93819			6
2025.06.30	00:12:37.327	0.93632	0.93717			6
2025.06.30	00:12:37.728	0.93635	0.93716			6
2025.06.30	00:12:39.553		0.93718			4
2025.06.30	00:12:40.310	0.93631	0.93719			6
2025.06.30	00:12:40.642	0.93605	0.93818			6
2025.06.30	00:12:41.052	0.93627	0.93732			6
2025.06.30	00:12:41.374	0.93635	0.93739			6
2025.06.30	00:12:42.796		0.93738			4
2025.06.30	00:12:47.328	0.93639	0.93743			6
2025.06.30	00:12:48.895		0.93742			4
2025.06.30	00:12:49.858		0.93743			4
2025.06.30	00:12:53.254	0.93605	0.93818			6
2025.06.30	00:13:00.281	0.93605				2
2025.06.30	00:13:04.093	0.93643	0.93744			6
2025.06.30	00:13:05.092	0.93605	0.93818			6
2025.06.30	00:13:08.268	0.93597	0.93800			6
2025.06.30	00:13:08.582	0.93604				2
2025.06.30	00:13:13.181		0.93798			4
2025.06.30	00:13:13.515		0.93791			4
2025.06.30	00:13:18.802		0.93790			4
2025.06.30	00:14:01.783	0.93604				2
2025.06.30	00:14:13.769	0.93605				2
2025.06.30	00:14:19.190		0.93790			4
2025.06.30	00:15:00.469	0.93582	0.93787			6
2025.06.30	00:15:00.772	0.93580				2
2025.06.30	00:15:01.438	0.93583				2
2025.06.30	00:15:02.985	0.93584				2
2025.06.30	00:15:44.799	0.93582	0.93772			6
2025.06.30	00:15:46.936	0.93601	0.93796			6
2025.06.30	00:15:54.884	0.93607	0.93804			6
2025.06.30	00:15:55.198		0.93796			4
2025.06.30	00:15:56.699	0.93605	0.93782			6
2025.06.30	00:16:01.780	0.93605				2
2025.06.30	00:16:05.427		0.93778			4
2025.06.30	00:16:18.816	0.93604	0.93774			6
2025.06.30	00:16:27.937	0.93605				2
2025.06.30	00:16:35.383		0.93766			4
2025.06.30	00:16:35.699		0.93774			4
2025.06.30	00:16:39.082		0.93749			4
2025.06.30	00:16:45.284		0.93748			4
2025.06.30	00:16:50.388		0.93747			4
2025.06.30	00:17:00.582	0.93605				2
2025.06.30	00:17:33.292	0.93606	0.93757			6
2025.06.30	00:17:34.786		0.93758			4
2025.06.30	00:17:59.099	0.93605	0.93747			6
2025.06.30	00:18:00.884	0.93605	0.93748			6
2025.06.30	00:18:06.509	0.93606	0.93759			6
2025.06.30	00:18:06.881		0.93757			4
2025.06.30	00:18:10.786		0.93759			4
2025.06.30	00:18:11.540		0.93755			4
2025.06.30	00:18:14.382		0.93759			4
2025.06.30	00:18:18.882		0.93758			4
2025.06.30	00:18:20.322	0.93607	0.93765			6
2025.06.30	00:18:20.684		0.93769			4
2025.06.30	00:19:01.163	0.93607				2
2025.06.30	00:19:14.635	0.93609	0.93767			6
2025.06.30	00:19:17.683	0.93610	0.93766			6
2025.06.30	00:19:25.026		0.93765			4
2025.06.30	00:19:39.645	0.93611				2
2025.06.30	00:19:40.183	0.93610				2
2025.06.30	00:20:01.759	0.93610				2
2025.06.30	00:20:10.888	0.93587				2
2025.06.30	00:20:11.748	0.93589				2
2025.06.30	00:20:20.684	0.93593				2
2025.06.30	00:20:24.199	0.93592				2
2025.06.30	00:20:26.083		0.93765			4
2025.06.30	00:20:34.192	0.93590				2
2025.06.30	00:21:00.884	0.93590				2
2025.06.30	00:21:26.381		0.93765			4
2025.06.30	00:21:44.365	0.93591	0.93764			6
2025.06.30	00:21:53.107	0.93590	0.93765			6
2025.06.30	00:22:00.321	0.93590				2
2025.06.30	00:22:02.660	0.93594	0.93761			6
2025.06.30	00:22:14.705	0.93600	0.93756			6
2025.06.30	00:22:17.196	0.93594	0.93761			6
2025.06.30	00:22:19.613	0.93595	0.93760			6
2025.06.30	00:23:00.585	0.93595				2
2025.06.30	00:23:21.581		0.93760			4
2025.06.30	00:24:04.786	0.93595				2
2025.06.30	00:24:12.151	0.93594	0.93764			6
2025.06.30	00:24:13.480		0.93763			4
2025.06.30	00:24:16.283	0.93593	0.93762			6
2025.06.30	00:25:01.484	0.93593				2
2025.06.30	00:25:07.238	0.93594	0.93763			6
2025.06.30	00:25:09.070	0.93604	0.93752			6
2025.06.30	00:25:12.581	0.93606				2
2025.06.30	00:25:13.781	0.93604				2
2025.06.30	00:26:04.182	0.93604				2
2025.06.30	00:26:09.282		0.93752			4
2025.06.30	00:26:23.384	0.93605				2
2025.06.30	00:26:24.281	0.93604				2
2025.06.30	00:27:02.601	0.93604				2
2025.06.30	00:27:11.985		0.93752			4
2025.06.30	00:28:00.886	0.93604				2
2025.06.30	00:28:12.289		0.93752			4
2025.06.30	00:29:01.780	0.93604				2
2025.06.30	00:29:13.793		0.93752			4
2025.06.30	00:29:26.681		0.93753			4
2025.06.30	00:29:29.365	0.93603	0.93755			6
2025.06.30	00:29:32.310	0.93604	0.93753			6
2025.06.30	00:30:00.309	0.93604				2
2025.06.30	00:30:23.229	0.93606	0.93752			6
2025.06.30	00:30:57.281	0.93605				2
2025.06.30	00:31:06.584	0.93605				2
2025.06.30	00:31:25.182		0.93752			4
2025.06.30	00:31:39.884	0.93604				2
2025.06.30	00:32:01.782	0.93604				2
2025.06.30	00:32:26.381		0.93752			4
2025.06.30	00:33:01.486	0.93604				2
2025.06.30	00:33:03.581	0.93605				2
2025.06.30	00:33:03.929	0.93606	0.93751			6
2025.06.30	00:33:04.289		0.93750			4
2025.06.30	00:33:06.846	0.93603	0.93754			6
2025.06.30	00:33:08.118	0.93595	0.93761			6
2025.06.30	00:33:09.885	0.93596				2
2025.06.30	00:33:11.552	0.93597	0.93760			6
2025.06.30	00:33:13.968	0.93598	0.93759			6
2025.06.30	00:33:14.956	0.93599	0.93760			6
2025.06.30	00:33:15.793	0.93580	0.93759			6
2025.06.30	00:33:40.377	0.93576				2
2025.06.30	00:34:00.582	0.93576	0.93760			6
2025.06.30	00:34:35.383	0.93571				2
2025.06.30	00:35:01.487	0.93571	0.93760			6
2025.06.30	00:35:07.780		0.93759			4
2025.06.30	00:36:02.684	0.93571				2
2025.06.30	00:36:12.884		0.93759			4
2025.06.30	00:36:25.379	0.93578				2
2025.06.30	00:37:03.581	0.93578				2
2025.06.30	00:37:13.783		0.93759			4
2025.06.30	00:37:20.382	0.93572				2
2025.06.30	00:38:05.438	0.93572				2
2025.06.30	00:38:14.680		0.93759			4
2025.06.30	00:38:22.522	0.93590	0.93757			6
2025.06.30	00:38:23.526	0.93598	0.93749			6
2025.06.30	00:38:39.585	0.93597	0.93750			6
2025.06.30	00:38:40.323	0.93598	0.93749			6
2025.06.30	00:38:54.708	0.93597	0.93750			6
2025.06.30	00:38:55.017	0.93598	0.93749			6
2025.06.30	00:39:06.283	0.93598				2
2025.06.30	00:39:16.875	0.93626	0.93754			6
2025.06.30	00:39:18.895	0.93627				2
2025.06.30	00:39:20.385	0.93628	0.93755			6
2025.06.30	00:39:22.781	0.93627	0.93754			6
2025.06.30	00:39:31.781		0.93753			4
2025.06.30	00:39:35.279	0.93631	0.93757			6
2025.06.30	00:39:37.482	0.93633	0.93758			6
2025.06.30	00:39:38.179	0.93634	0.93760			6
2025.06.30	00:39:41.382		0.93759			4
2025.06.30	00:39:44.684	0.93635	0.93760			6
2025.06.30	00:39:49.485	0.93636				2
2025.06.30	00:39:50.095	0.93639	0.93763			6
2025.06.30	00:39:51.885	0.93638	0.93762			6
2025.06.30	00:39:53.686	0.93640	0.93764			6
2025.06.30	00:39:56.083	0.93641				2
2025.06.30	00:39:56.488		0.93765			4
2025.06.30	00:39:59.255	0.93642				2
2025.06.30	00:40:01.982	0.93642				2
2025.06.30	00:40:02.681		0.93764			4
2025.06.30	00:40:06.767	0.93643	0.93765			6
2025.06.30	00:40:07.181		0.93766			4
2025.06.30	00:40:07.482	0.93642	0.93764			6
2025.06.30	00:40:07.995		0.93769			4
2025.06.30	00:40:08.381	0.93645				2
2025.06.30	00:40:13.433	0.93646	0.93768			6
2025.06.30	00:40:15.658	0.93645	0.93769			6
2025.06.30	00:40:16.484	0.93646	0.93768			6
2025.06.30	00:40:17.682	0.93647				2
2025.06.30	00:40:20.682		0.93767			4
2025.06.30	00:40:21.090	0.93644	0.93770			6
2025.06.30	00:40:25.822	0.93647	0.93767			6
2025.06.30	00:40:32.341	0.93646	0.93768			6
2025.06.30	00:40:57.927	0.93642	0.93772			6
2025.06.30	00:41:02.267	0.93642				2
2025.06.30	00:41:30.168	0.93631	0.93771			6
2025.06.30	00:41:40.481		0.93772			4
2025.06.30	00:42:01.782	0.93631				2
2025.06.30	00:42:40.481		0.93772			4
2025.06.30	00:42:54.881		0.93771			4
2025.06.30	00:43:02.263	0.93631				2
2025.06.30	00:43:05.382		0.93772			4
2025.06.30	00:44:01.784	0.93631	0.93771			6
2025.06.30	00:44:29.683		0.93772			4
2025.06.30	00:45:00.611	0.93632	0.93770			6
2025.06.30	00:45:02.186	0.93620	0.93788			6
2025.06.30	00:45:04.336	0.93632	0.93770			6
2025.06.30	00:45:09.707	0.93650	0.93752			6
2025.06.30	00:45:13.451	0.93651				2
2025.06.30	00:45:14.083	0.93650				2
2025.06.30	00:45:31.484	0.93651				2
2025.06.30	00:45:58.487		0.93751			4
2025.06.30	00:46:05.684	0.93651				2
2025.06.30	00:46:36.285		0.93752			4
2025.06.30	00:47:02.196	0.93639	0.93770			6
2025.06.30	00:47:04.314	0.93651	0.93752			6
2025.06.30	00:47:10.182	0.93655	0.93769			6
2025.06.30	00:47:10.781	0.93659				2
2025.06.30	00:47:12.978	0.93660	0.93768			6
2025.06.30	00:47:20.981	0.93659				2
2025.06.30	00:47:31.182	0.93658				2
2025.06.30	00:47:40.780	0.93657				2
2025.06.30	00:47:44.033	0.93665	0.93765			6
2025.06.30	00:47:44.385	0.93663				2
2025.06.30	00:47:44.706	0.93661				2
2025.06.30	00:47:45.255	0.93657	0.93768			6
2025.06.30	00:47:47.081		0.93767			4
2025.06.30	00:47:58.782	0.93665				2
2025.06.30	00:48:00.283	0.93666				2
2025.06.30	00:48:02.082	0.93665				2
2025.06.30	00:48:03.917	0.93657				2
2025.06.30	00:48:12.596	0.93658				2
2025.06.30	00:48:44.083	0.93659				2
2025.06.30	00:48:46.483	0.93658				2
2025.06.30	00:48:47.981		0.93767			4
2025.06.30	00:48:59.088		0.93766			4
2025.06.30	00:49:00.589	0.93658				2
2025.06.30	00:49:38.381	0.93659	0.93765			6
2025.06.30	00:49:52.183	0.93660				2
2025.06.30	00:50:00.881	0.93659				2
2025.06.30	00:50:06.884	0.93660				2
2025.06.30	00:50:17.893	0.93663	0.93762			6
2025.06.30	00:50:18.986	0.93661	0.93764			6
2025.06.30	00:50:20.682	0.93663	0.93762			6
2025.06.30	00:50:22.236	0.93661	0.93764			6
2025.06.30	00:50:23.174	0.93663	0.93762			6
2025.06.30	00:50:24.886	0.93661	0.93764			6
2025.06.30	00:50:26.083	0.93663	0.93762			6
2025.06.30	00:50:26.422	0.93661	0.93763			6
2025.06.30	00:50:27.049	0.93663	0.93761			6
2025.06.30	00:50:28.537	0.93661	0.93763			6
2025.06.30	00:50:28.846	0.93663	0.93761			6
2025.06.30	00:50:30.385	0.93661	0.93763			6
2025.06.30	00:50:31.470	0.93663	0.93761			6
2025.06.30	00:50:33.037	0.93661	0.93763			6
2025.06.30	00:50:34.182	0.93663	0.93761			6
2025.06.30	00:50:35.440	0.93661	0.93763			6
2025.06.30	00:50:36.938	0.93663	0.93761			6
2025.06.30	00:50:38.437	0.93661	0.93763			6
2025.06.30	00:50:39.666	0.93663	0.93761			6
2025.06.30	00:50:41.138	0.93661	0.93763			6
2025.06.30	00:50:41.738	0.93663	0.93761			6
2025.06.30	00:50:43.239	0.93661	0.93763			6
2025.06.30	00:50:44.737	0.93663	0.93761			6
2025.06.30	00:50:46.241	0.93661	0.93763			6
2025.06.30	00:50:46.780	0.93662				2
2025.06.30	00:50:47.735	0.93664	0.93761			6
2025.06.30	00:50:48.946	0.93662	0.93763			6
2025.06.30	00:50:50.438	0.93664	0.93761			6
2025.06.30	00:50:51.651	0.93662	0.93763			6
2025.06.30	00:50:52.041	0.93661				2
2025.06.30	00:50:52.984	0.93663	0.93761			6
2025.06.30	00:50:55.539	0.93661	0.93763			6
2025.06.30	00:50:57.639	0.93663	0.93761			6
2025.06.30	00:50:59.437	0.93661	0.93763			6
2025.06.30	00:51:00.483	0.93663	0.93761			6
2025.06.30	00:51:01.841	0.93661	0.93763			6
2025.06.30	00:51:03.941	0.93663	0.93761			6
2025.06.30	00:51:05.735	0.93661	0.93763			6
2025.06.30	00:51:07.538	0.93663	0.93761			6
2025.06.30	00:51:09.054	0.93661	0.93763			6
2025.06.30	00:51:11.141	0.93663	0.93761			6
2025.06.30	00:51:11.479	0.93661	0.93763			6
2025.06.30	00:51:11.846	0.93663	0.93761			6
2025.06.30	00:51:13.541	0.93661	0.93763			6
2025.06.30	00:51:15.337	0.93663	0.93761			6
2025.06.30	00:51:16.836	0.93661	0.93763			6
2025.06.30	00:51:19.238	0.93663	0.93761			6
2025.06.30	00:51:20.737	0.93662	0.93763			6
2025.06.30	00:51:21.092	0.93664	0.93761			6
2025.06.30	00:51:21.581	0.93663				2
2025.06.30	00:51:22.237	0.93661	0.93763			6
2025.06.30	00:51:23.740	0.93663	0.93761			6
2025.06.30	00:51:24.960	0.93661	0.93763			6
2025.06.30	00:51:26.139	0.93663	0.93761			6
2025.06.30	00:51:27.937	0.93661	0.93763			6
2025.06.30	00:51:30.336	0.93663	0.93761			6
2025.06.30	00:51:31.537	0.93661	0.93763			6
2025.06.30	00:51:33.342	0.93663	0.93761			6
2025.06.30	00:51:35.138	0.93661	0.93763			6
2025.06.30	00:51:36.934	0.93663	0.93761			6
2025.06.30	00:51:38.435	0.93661	0.93763			6
2025.06.30	00:51:40.534	0.93663	0.93761			6
2025.06.30	00:51:41.476	0.93661	0.93763			6
2025.06.30	00:51:42.804	0.93659				2
2025.06.30	00:51:43.539	0.93661	0.93761			6
2025.06.30	00:51:45.035	0.93659	0.93763			6
2025.06.30	00:51:46.542	0.93661	0.93761			6
2025.06.30	00:51:48.035	0.93659	0.93763			6
2025.06.30	00:51:49.146	0.93670	0.93757			6
2025.06.30	00:52:01.761	0.93670				2
2025.06.30	00:52:49.184		0.93757			4
2025.06.30	00:53:00.585	0.93670				2
2025.06.30	00:53:52.786		0.93757			4
2025.06.30	00:54:00.883	0.93670				2
2025.06.30	00:54:53.087		0.93757			4
2025.06.30	00:55:03.176	0.93670				2
2025.06.30	00:55:08.972	0.93659	0.93763			6
2025.06.30	00:55:29.078	0.93658	0.93764			6
2025.06.30	00:55:30.305	0.93656	0.93767			6
2025.06.30	00:55:32.140	0.93658	0.93764			6
2025.06.30	00:55:33.638	0.93655	0.93768			6
2025.06.30	00:55:42.286	0.93657	0.93765			6
2025.06.30	00:56:01.183	0.93657				2
2025.06.30	00:56:03.971	0.93662				2
2025.06.30	00:56:11.985	0.93682	0.93776			6
2025.06.30	00:56:22.252		0.93779			4
2025.06.30	00:56:43.811	0.93683				2
2025.06.30	00:56:46.983	0.93682				2
2025.06.30	00:57:05.383	0.93682				2
2025.06.30	00:57:15.287	0.93683				2
2025.06.30	00:57:23.384		0.93779			4
2025.06.30	00:57:26.989	0.93682				2
2025.06.30	00:58:02.984	0.93682				2
2025.06.30	00:58:29.082		0.93779			4
2025.06.30	00:59:02.269	0.93682				2
2025.06.30	00:59:09.179	0.93683	0.93774			6
2025.06.30	00:59:10.814	0.93682	0.93779			6
2025.06.30	00:59:42.304	0.93683				2
2025.06.30	00:59:42.915	0.93681				2
2025.06.30	00:59:51.281	0.93682				2
2025.06.30	00:59:59.840	0.93668	0.93855			6
2025.06.30	01:00:00.303	0.93681	0.93795			6
2025.06.30	01:00:00.621	0.93664	0.93837			6
2025.06.30	01:00:01.244		0.93760			4
2025.06.30	01:00:01.560	0.93656	0.93762			6
2025.06.30	01:00:01.892		0.93775			4
2025.06.30	01:00:02.289	0.93665	0.93779			6
2025.06.30	01:00:02.607	0.93641	0.93810			6
2025.06.30	01:00:02.932	0.93649	0.93786			6
2025.06.30	01:00:03.236	0.93645	0.93789			6
2025.06.30	01:00:03.844	0.93634	0.93774			6
2025.06.30	01:00:04.451	0.93639	0.93818			6
2025.06.30	01:00:04.754	0.93642				2
2025.06.30	01:00:05.054	0.93675	0.93740			6
2025.06.30	01:00:05.379	0.93688				2
2025.06.30	01:00:05.701		0.93739			4
2025.06.30	01:00:06.372		0.93729			4
2025.06.30	01:00:07.596		0.93717			4
2025.06.30	01:00:08.983		0.93712			4
2025.06.30	01:00:09.474	0.93655	0.93715			6
2025.06.30	01:00:09.897	0.93653				2
2025.06.30	01:00:10.359	0.93652				2
2025.06.30	01:00:10.783	0.93651	0.93709			6
2025.06.30	01:00:11.146	0.93650				2
2025.06.30	01:00:11.683	0.93651				2
2025.06.30	01:00:12.352	0.93650				2
2025.06.30	01:00:12.820	0.93649	0.93706			6
2025.06.30	01:00:13.293	0.93653	0.93702			6
2025.06.30	01:00:15.640	0.93650	0.93710			6
2025.06.30	01:00:16.039	0.93651	0.93723			6
2025.06.30	01:00:16.717	0.93649	0.93708			6
2025.06.30	01:00:17.079		0.93706			4
2025.06.30	01:00:17.433	0.93650				2
2025.06.30	01:00:17.827		0.93708			4
2025.06.30	01:00:18.188	0.93646	0.93706			6
2025.06.30	01:00:19.033	0.93648	0.93710			6
2025.06.30	01:00:19.484	0.93646	0.93706			6
2025.06.30	01:00:19.858	0.93647				2
2025.06.30	01:00:20.982	0.93649	0.93709			6
2025.06.30	01:00:21.299		0.93702			4
2025.06.30	01:00:21.613	0.93647	0.93700			6
2025.06.30	01:00:21.919		0.93698			4
2025.06.30	01:00:22.734		0.93696			4
2025.06.30	01:00:23.108		0.93695			4
2025.06.30	01:00:23.465	0.93645				2
2025.06.30	01:00:23.803	0.93646				2
2025.06.30	01:00:25.857	0.93647	0.93694			6
2025.06.30	01:00:26.735	0.93646	0.93691			6
2025.06.30	01:00:28.044	0.93645	0.93687			6
2025.06.30	01:00:28.364	0.93644				2
2025.06.30	01:00:29.627	0.93645	0.93689			6
2025.06.30	01:00:30.379		0.93687			4
2025.06.30	01:00:30.884	0.93646	0.93689			6
2025.06.30	01:00:31.962	0.93654	0.93697			6
2025.06.30	01:00:32.279	0.93653				2
2025.06.30	01:00:32.662		0.93695			4
2025.06.30	01:00:32.982	0.93662				2
2025.06.30	01:00:33.315	0.93663				2
2025.06.30	01:00:34.233	0.93652	0.93687			6
2025.06.30	01:00:34.538	0.93655	0.93695			6
2025.06.30	01:00:34.841	0.93657				2
2025.06.30	01:00:35.587	0.93655	0.93691			6
2025.06.30	01:00:36.927	0.93656				2
2025.06.30	01:00:37.272	0.93663	0.93702			6
2025.06.30	01:00:37.607	0.93664	0.93697			6
2025.06.30	01:00:39.096	0.93663				2
2025.06.30	01:00:40.023	0.93664				2
2025.06.30	01:00:41.990	0.93663				2
2025.06.30	01:00:42.505	0.93662				2
2025.06.30	01:00:43.514		0.93696			4
2025.06.30	01:00:44.684	0.93663				2
2025.06.30	01:00:45.416	0.93665	0.93697			6
2025.06.30	01:00:45.726	0.93664				2
2025.06.30	01:00:46.140	0.93660				2
2025.06.30	01:00:46.486	0.93655	0.93692			6
2025.06.30	01:00:48.113	0.93656				2
2025.06.30	01:00:49.183	0.93657				2
2025.06.30	01:00:50.039	0.93658				2
2025.06.30	01:00:50.422	0.93657				2
2025.06.30	01:00:51.355	0.93649	0.93689			6
2025.06.30	01:00:52.194	0.93647	0.93684			6
2025.06.30	01:00:52.500	0.93649	0.93691			6
2025.06.30	01:00:53.383	0.93648				2
2025.06.30	01:00:54.283		0.93692			4
2025.06.30	01:00:58.303	0.93650				2
2025.06.30	01:00:59.836	0.93651				2
2025.06.30	01:01:00.218	0.93656				2
2025.06.30	01:01:00.536	0.93655	0.93690			6
2025.06.30	01:01:01.015		0.93694			4
2025.06.30	01:01:01.375	0.93650				2
2025.06.30	01:01:02.301		0.93686			4
2025.06.30	01:01:02.684	0.93649				2
2025.06.30	01:01:03.704		0.93688			4
2025.06.30	01:01:04.187	0.93648	0.93685			6
2025.06.30	01:01:04.668	0.93651	0.93689			6
2025.06.30	01:01:05.093	0.93650	0.93688			6
2025.06.30	01:01:09.765	0.93652				2
2025.06.30	01:01:10.070	0.93651	0.93686			6
2025.06.30	01:01:10.776		0.93688			4
2025.06.30	01:01:13.856		0.93690			4
2025.06.30	01:01:14.757		0.93687			4
2025.06.30	01:01:15.134		0.93688			4
2025.06.30	01:01:15.941		0.93689			4
2025.06.30	01:01:17.050		0.93688			4
2025.06.30	01:01:17.394	0.93650	0.93686			6
2025.06.30	01:01:19.568	0.93651				2
2025.06.30	01:01:20.683	0.93650				2
2025.06.30	01:01:22.181	0.93651				2
2025.06.30	01:01:23.195	0.93650				2
2025.06.30	01:01:24.652	0.93651				2
2025.06.30	01:01:28.355	0.93648	0.93681			6
2025.06.30	01:01:29.410	0.93651	0.93685			6
2025.06.30	01:01:30.300	0.93648	0.93679			6
2025.06.30	01:01:30.603	0.93651	0.93686			6
2025.06.30	01:01:32.808	0.93648	0.93681			6
2025.06.30	01:01:33.501	0.93644	0.93678			6
2025.06.30	01:01:34.345	0.93643				2
2025.06.30	01:01:35.683	0.93646	0.93682			6
2025.06.30	01:01:36.754	0.93644	0.93678			6
2025.06.30	01:01:37.470	0.93646	0.93681			6
2025.06.30	01:01:37.807	0.93645	0.93680			6
2025.06.30	01:01:40.829		0.93678			4
2025.06.30	01:01:41.280		0.93680			4
2025.06.30	01:01:41.662		0.93678			4
2025.06.30	01:01:42.332	0.93644				2
2025.06.30	01:01:43.177	0.93647	0.93681			6
2025.06.30	01:01:45.014		0.93679			4
2025.06.30	01:01:45.370	0.93645	0.93677			6
2025.06.30	01:01:46.902	0.93642	0.93673			6
2025.06.30	01:01:47.769	0.93645	0.93677			6
2025.06.30	01:01:48.562	0.93646				2
2025.06.30	01:01:52.483		0.93678			4
2025.06.30	01:01:54.086	0.93644	0.93673			6
2025.06.30	01:01:54.803	0.93643				2
2025.06.30	01:01:56.175	0.93644				2
2025.06.30	01:01:58.182	0.93643				2
2025.06.30	01:01:58.500	0.93644				2
2025.06.30	01:02:00.395	0.93645				2
2025.06.30	01:02:01.638	0.93643	0.93669			6
2025.06.30	01:02:02.924	0.93648	0.93677			6
2025.06.30	01:02:03.375	0.93647	0.93678			6
2025.06.30	01:02:03.734		0.93679			4
2025.06.30	01:02:04.348		0.93678			4
2025.06.30	01:02:08.032	0.93646	0.93677			6
2025.06.30	01:02:09.146	0.93643	0.93669			6
2025.06.30	01:02:09.863	0.93644				2
2025.06.30	01:02:10.182	0.93642				2
2025.06.30	01:02:10.960		0.93671			4
2025.06.30	01:02:11.787	0.93646	0.93676			6
2025.06.30	01:02:12.940	0.93641	0.93669			6
2025.06.30	01:02:16.012	0.93653				2
2025.06.30	01:02:18.535	0.93652				2
2025.06.30	01:02:22.920	0.93656	0.93677			6
2025.06.30	01:02:23.580	0.93647				2
2025.06.30	01:02:24.829	0.93652				2
2025.06.30	01:02:26.351		0.93679			4
2025.06.30	01:02:27.310		0.93681			4
2025.06.30	01:02:29.217		0.93684			4
2025.06.30	01:02:30.331		0.93683			4
2025.06.30	01:02:31.873		0.93685			4
2025.06.30	01:02:32.893		0.93683			4
2025.06.30	01:02:33.545		0.93685			4
2025.06.30	01:02:34.361		0.93687			4
2025.06.30	01:02:34.681		0.93685			4
2025.06.30	01:02:35.083	0.93665				2
2025.06.30	01:02:36.352	0.93664				2
2025.06.30	01:02:37.465		0.93683			4
2025.06.30	01:02:38.033		0.93681			4
2025.06.30	01:02:40.182	0.93666				2
2025.06.30	01:02:40.771	0.93661	0.93679			6
2025.06.30	01:02:41.080	0.93662				2
2025.06.30	01:02:41.858	0.93661				2
2025.06.30	01:02:42.257	0.93660				2
2025.06.30	01:02:43.338		0.93677			4
2025.06.30	01:02:45.389	0.93659				2
2025.06.30	01:02:48.416	0.93657				2
2025.06.30	01:02:50.086	0.93658				2
2025.06.30	01:02:50.401	0.93657				2
2025.06.30	01:02:51.171	0.93658				2
2025.06.30	01:02:54.348	0.93656				2
2025.06.30	01:02:55.044		0.93678			4
2025.06.30	01:02:57.715	0.93655				2
2025.06.30	01:02:59.015		0.93677			4
2025.06.30	01:02:59.383		0.93678			4
2025.06.30	01:03:00.328	0.93654				2
2025.06.30	01:03:01.436	0.93655	0.93677			6
2025.06.30	01:03:01.843		0.93678			4
2025.06.30	01:03:03.488		0.93677			4
2025.06.30	01:03:04.997	0.93654				2
2025.06.30	01:03:06.522		0.93678			4
2025.06.30	01:03:07.642	0.93656				2
2025.06.30	01:03:07.989	0.93654	0.93670			6
2025.06.30	01:03:09.572	0.93640	0.93666			6
2025.06.30	01:03:11.029	0.93639	0.93667			6
2025.06.30	01:03:17.685		0.93665			4
2025.06.30	01:03:18.146		0.93666			4
2025.06.30	01:03:20.109	0.93638	0.93663			6
2025.06.30	01:03:21.218	0.93639				2
2025.06.30	01:03:22.465	0.93638	0.93665			6
2025.06.30	01:03:24.455		0.93663			4
2025.06.30	01:03:25.643		0.93665			4
2025.06.30	01:03:26.354	0.93639				2
2025.06.30	01:03:27.065	0.93638				2
2025.06.30	01:03:28.182	0.93640				2
2025.06.30	01:03:28.854	0.93639				2
2025.06.30	01:03:31.360		0.93666			4
2025.06.30	01:03:32.255	0.93637	0.93669			6
2025.06.30	01:03:32.629	0.93638				2
2025.06.30	01:03:32.942		0.93667			4
2025.06.30	01:03:33.422	0.93639				2
2025.06.30	01:03:34.258	0.93641				2
2025.06.30	01:03:35.750		0.93665			4
2025.06.30	01:03:36.582		0.93667			4
2025.06.30	01:03:39.955		0.93665			4
2025.06.30	01:03:40.923	0.93649	0.93669			6
2025.06.30	01:03:41.437	0.93648				2
2025.06.30	01:03:42.351	0.93644				2
2025.06.30	01:03:42.882	0.93645				2
2025.06.30	01:03:43.237		0.93671			4
2025.06.30	01:03:48.092	0.93648				2
2025.06.30	01:03:48.448		0.93672			4
2025.06.30	01:03:49.826	0.93649				2
2025.06.30	01:03:52.355	0.93654				2
2025.06.30	01:03:52.678		0.93669			4
2025.06.30	01:03:53.412	0.93652				2
2025.06.30	01:03:54.137		0.93673			4
2025.06.30	01:03:56.681	0.93654				2
2025.06.30	01:03:57.439	0.93655				2
2025.06.30	01:03:58.059	0.93657				2
2025.06.30	01:03:58.382	0.93656				2
2025.06.30	01:03:59.098		0.93675			4
2025.06.30	01:03:59.402	0.93657				2
2025.06.30	01:04:00.020	0.93657				2
2025.06.30	01:04:00.373	0.93649				2
2025.06.30	01:04:01.000	0.93650	0.93676			6
2025.06.30	01:04:01.313	0.93656	0.93679			6
2025.06.30	01:04:01.635	0.93651				2
2025.06.30	01:04:01.957	0.93658				2
2025.06.30	01:04:03.376	0.93661				2
2025.06.30	01:04:04.767	0.93659				2
2025.06.30	01:04:05.084	0.93650				2
2025.06.30	01:04:06.818	0.93649				2
2025.06.30	01:04:09.266		0.93677			4
2025.06.30	01:04:12.708		0.93676			4
2025.06.30	01:04:13.710		0.93677			4
2025.06.30	01:04:16.011		0.93679			4
2025.06.30	01:04:18.375	0.93650				2
2025.06.30	01:04:19.002	0.93651				2
2025.06.30	01:04:19.320	0.93650				2
2025.06.30	01:04:21.582	0.93649				2
2025.06.30	01:04:24.193		0.93675			4
2025.06.30	01:04:33.578	0.93650				2
2025.06.30	01:04:34.183	0.93649				2
2025.06.30	01:04:35.681	0.93650				2
2025.06.30	01:04:40.181	0.93649				2
2025.06.30	01:04:43.692	0.93650	0.93677			6
2025.06.30	01:04:45.221		0.93676			4
2025.06.30	01:04:45.535		0.93677			4
2025.06.30	01:04:46.007		0.93678			4
2025.06.30	01:04:47.222	0.93653	0.93679			6
2025.06.30	01:04:51.213	0.93651				2
2025.06.30	01:04:51.630	0.93652				2
2025.06.30	01:04:54.785	0.93653				2
2025.06.30	01:04:57.368	0.93651				2
2025.06.30	01:04:57.854	0.93652				2
2025.06.30	01:04:58.523	0.93653				2
2025.06.30	01:05:00.384	0.93675	0.93683			6
2025.06.30	01:05:00.703		0.93692			4
2025.06.30	01:05:01.267	0.93673	0.93695			6
2025.06.30	01:05:01.593	0.93675	0.93694			6
2025.06.30	01:05:01.965	0.93656	0.93682			6
2025.06.30	01:05:05.384	0.93670	0.93709			6
2025.06.30	01:05:05.717		0.93708			4
2025.06.30	01:05:06.020	0.93668	0.93706			6
2025.06.30	01:05:06.360	0.93667	0.93732			6
2025.06.30	01:05:06.888	0.93668				2
2025.06.30	01:05:07.520	0.93671	0.93734			6
2025.06.30	01:05:08.044	0.93669	0.93736			6
2025.06.30	01:05:10.352		0.93734			4
2025.06.30	01:05:10.768		0.93696			4
2025.06.30	01:05:13.773		0.93697			4
2025.06.30	01:05:15.284	0.93668	0.93696			6
2025.06.30	01:05:16.350	0.93672				2
2025.06.30	01:05:20.073	0.93674				2
2025.06.30	01:05:21.794		0.93695			4
2025.06.30	01:05:27.787	0.93672	0.93692			6
2025.06.30	01:05:28.650	0.93674	0.93694			6
2025.06.30	01:05:28.960	0.93673	0.93693			6
2025.06.30	01:05:29.383		0.93692			4
2025.06.30	01:05:31.149	0.93670				2
2025.06.30	01:05:32.683	0.93671	0.93691			6
2025.06.30	01:05:32.988	0.93670	0.93692			6
2025.06.30	01:05:33.933		0.93691			4
2025.06.30	01:05:38.781	0.93671	0.93692			6
2025.06.30	01:05:42.190	0.93672	0.93691			6
2025.06.30	01:05:44.381		0.93692			4
2025.06.30	01:05:48.349	0.93675				2
2025.06.30	01:05:48.882	0.93673	0.93691			6
2025.06.30	01:05:49.310	0.93674				2
2025.06.30	01:05:49.782	0.93675				2
2025.06.30	01:05:50.093		0.93692			4
2025.06.30	01:05:53.340	0.93677				2
2025.06.30	01:05:59.225	0.93676				2
2025.06.30	01:05:59.686	0.93679	0.93697			6
2025.06.30	01:06:00.427	0.93679				2
2025.06.30	01:06:00.863	0.93677				2
2025.06.30	01:06:01.704	0.93678				2
2025.06.30	01:06:03.585	0.93676				2
2025.06.30	01:06:03.927	0.93675				2
2025.06.30	01:06:04.751	0.93676				2
2025.06.30	01:06:07.800	0.93675				2
2025.06.30	01:06:11.270	0.93682	0.93707			6
2025.06.30	01:06:11.617	0.93681				2
2025.06.30	01:06:12.361	0.93676				2
2025.06.30	01:06:13.189	0.93680				2
2025.06.30	01:06:13.499	0.93682				2
2025.06.30	01:06:20.698	0.93679				2
2025.06.30	01:06:24.117	0.93677	0.93706			6
2025.06.30	01:06:30.426	0.93678				2
2025.06.30	01:06:38.263	0.93671	0.93699			6
2025.06.30	01:06:38.574		0.93697			4
2025.06.30	01:06:41.931	0.93670	0.93698			6
2025.06.30	01:06:47.661		0.93697			4
2025.06.30	01:07:00.405	0.93670				2
2025.06.30	01:07:03.059	0.93669				2
2025.06.30	01:07:31.837	0.93671				2
2025.06.30	01:07:32.983	0.93669				2
2025.06.30	01:07:48.174		0.93697			4
2025.06.30	01:07:53.138	0.93678				2
2025.06.30	01:07:56.383	0.93676				2
2025.06.30	01:07:56.731		0.93696			4
2025.06.30	01:07:57.607	0.93675				2
2025.06.30	01:07:58.612		0.93695			4
2025.06.30	01:07:59.803	0.93676				2
2025.06.30	01:08:01.289	0.93676				2
2025.06.30	01:08:01.647	0.93677				2
2025.06.30	01:08:02.940		0.93696			4
2025.06.30	01:08:03.527	0.93666	0.93684			6
2025.06.30	01:08:04.352		0.93690			4
2025.06.30	01:08:06.744	0.93667				2
2025.06.30	01:08:24.668	0.93669	0.93695			6
2025.06.30	01:08:24.983	0.93665				2
2025.06.30	01:08:25.747	0.93663	0.93689			6
2025.06.30	01:08:26.082	0.93664	0.93688			6
2025.06.30	01:08:26.457	0.93661	0.93687			6
2025.06.30	01:08:27.608	0.93662	0.93688			6
2025.06.30	01:08:27.920		0.93687			4
2025.06.30	01:08:28.706	0.93660				2
2025.06.30	01:08:30.862	0.93659	0.93685			6
2025.06.30	01:08:32.348	0.93658				2
2025.06.30	01:08:33.928	0.93660	0.93686			6
2025.06.30	01:08:34.358		0.93685			4
2025.06.30	01:08:34.798	0.93659				2
2025.06.30	01:08:39.012	0.93658				2
2025.06.30	01:08:47.083	0.93657				2
2025.06.30	01:08:48.076	0.93662				2
2025.06.30	01:08:48.383	0.93663				2
2025.06.30	01:08:48.813		0.93687			4
2025.06.30	01:08:49.268	0.93665	0.93690			6
2025.06.30	01:08:49.605	0.93662	0.93689			6
2025.06.30	01:08:55.998	0.93664				2
2025.06.30	01:08:56.498	0.93660	0.93685			6
2025.06.30	01:08:58.943	0.93663	0.93689			6
2025.06.30	01:08:59.260	0.93662				2
2025.06.30	01:09:00.492	0.93661	0.93687			6
2025.06.30	01:09:03.399		0.93685			4
2025.06.30	01:09:12.295	0.93664	0.93686			6
2025.06.30	01:09:14.686	0.93663				2
2025.06.30	01:09:25.601	0.93664	0.93683			6
2025.06.30	01:09:27.382	0.93663				2
2025.06.30	01:09:29.312		0.93684			4
2025.06.30	01:09:33.283	0.93662				2
2025.06.30	01:09:35.390	0.93668				2
2025.06.30	01:09:36.299	0.93664	0.93682			6
2025.06.30	01:09:39.553	0.93658	0.93677			6
2025.06.30	01:09:47.774	0.93656				2
2025.06.30	01:09:49.783	0.93654				2
2025.06.30	01:10:00.270	0.93658				2
2025.06.30	01:10:00.881	0.93657				2
2025.06.30	01:10:01.457	0.93658				2
2025.06.30	01:10:01.810	0.93657				2
2025.06.30	01:10:02.177	0.93656				2
2025.06.30	01:10:06.584		0.93675			4
2025.06.30	01:10:22.783	0.93655				2
2025.06.30	01:10:35.847	0.93654				2
2025.06.30	01:10:36.149	0.93653				2
2025.06.30	01:10:38.384	0.93652				2
2025.06.30	01:10:40.185	0.93654				2
2025.06.30	01:10:44.298	0.93655				2
2025.06.30	01:10:45.881	0.93651				2
2025.06.30	01:10:47.382	0.93652				2
2025.06.30	01:10:47.702	0.93656	0.93678			6
2025.06.30	01:10:50.717	0.93655				2
2025.06.30	01:10:54.683	0.93654				2
2025.06.30	01:11:00.353	0.93654				2
2025.06.30	01:11:10.185	0.93653				2
2025.06.30	01:11:11.982	0.93654				2
2025.06.30	01:11:17.683	0.93653				2
2025.06.30	01:11:19.718	0.93654				2
2025.06.30	01:11:20.682	0.93655				2
2025.06.30	01:11:21.871	0.93654				2
2025.06.30	01:11:22.876	0.93655				2
2025.06.30	01:11:32.492	0.93659				2
2025.06.30	01:11:33.315	0.93658				2
2025.06.30	01:11:45.582	0.93657				2
2025.06.30	01:11:46.786	0.93658				2
2025.06.30	01:11:47.781		0.93678			4
2025.06.30	01:11:48.347	0.93659	0.93685			6
2025.06.30	01:11:49.092	0.93658				2
2025.06.30	01:11:49.767		0.93684			4
2025.06.30	01:11:50.080	0.93664				2
2025.06.30	01:11:51.045	0.93663				2
2025.06.30	01:11:51.734	0.93664				2
2025.06.30	01:11:52.267	0.93666				2
2025.06.30	01:11:55.381	0.93664				2
2025.06.30	01:11:57.982	0.93662	0.93685			6
2025.06.30	01:11:58.304	0.93664				2
2025.06.30	01:11:59.416	0.93657	0.93682			6
2025.06.30	01:12:00.284	0.93657	0.93681			6
2025.06.30	01:12:01.420	0.93656	0.93680			6
2025.06.30	01:12:01.746		0.93677			4
2025.06.30	01:12:02.060		0.93679			4
2025.06.30	01:12:02.383	0.93657				2
2025.06.30	01:12:08.979	0.93656				2
2025.06.30	01:12:19.459	0.93655				2
2025.06.30	01:12:20.949	0.93654				2
2025.06.30	01:12:22.970	0.93653				2
2025.06.30	01:12:24.583	0.93652				2
2025.06.30	01:12:30.897		0.93677			4
2025.06.30	01:12:31.827	0.93653				2
2025.06.30	01:12:32.353	0.93655				2
2025.06.30	01:12:44.383	0.93656				2
2025.06.30	01:12:47.219	0.93655				2
2025.06.30	01:12:52.604		0.93678			4
2025.06.30	01:13:04.184	0.93655				2
2025.06.30	01:13:04.651	0.93654				2
2025.06.30	01:13:05.480	0.93655				2
2025.06.30	01:13:10.285	0.93654				2
2025.06.30	01:13:11.664	0.93656				2
2025.06.30	01:13:14.383	0.93655				2
2025.06.30	01:13:23.088	0.93657				2
2025.06.30	01:13:24.092	0.93655				2
2025.06.30	01:13:30.340	0.93658	0.93682			6
2025.06.30	01:13:31.182		0.93681			4
2025.06.30	01:13:37.553	0.93660	0.93685			6
2025.06.30	01:13:37.862	0.93659	0.93681			6
2025.06.30	01:13:40.205	0.93657	0.93675			6
2025.06.30	01:13:40.984	0.93659				2
2025.06.30	01:13:41.467	0.93656				2
2025.06.30	01:13:42.998	0.93657	0.93674			6
2025.06.30	01:13:53.720		0.93684			4
2025.06.30	01:13:54.366		0.93674			4
2025.06.30	01:13:58.181	0.93658				2
2025.06.30	01:13:58.785	0.93657				2
2025.06.30	01:14:00.735	0.93657				2
2025.06.30	01:14:01.476	0.93656				2
2025.06.30	01:14:01.820	0.93655				2
2025.06.30	01:14:03.457	0.93659	0.93686			6
2025.06.30	01:14:03.760		0.93681			4
2025.06.30	01:14:04.785	0.93658				2
2025.06.30	01:14:13.577	0.93659				2
2025.06.30	01:14:13.877		0.93683			4
2025.06.30	01:14:19.488	0.93658				2
2025.06.30	01:14:27.149	0.93659				2
2025.06.30	01:14:35.689	0.93658				2
2025.06.30	01:14:42.487	0.93657				2
2025.06.30	01:14:43.182	0.93656				2
2025.06.30	01:14:44.365	0.93653	0.93677			6
2025.06.30	01:14:44.983	0.93655	0.93682			6
2025.06.30	01:14:45.472		0.93683			4
2025.06.30	01:14:47.983	0.93656				2
2025.06.30	01:14:54.474		0.93681			4
2025.06.30	01:14:55.690	0.93654	0.93678			6
2025.06.30	01:14:56.439		0.93677			4
2025.06.30	01:15:00.379	0.93653				2
2025.06.30	01:15:01.075		0.93678			4
2025.06.30	01:15:01.386	0.93659	0.93680			6
2025.06.30	01:15:01.742	0.93657				2
2025.06.30	01:15:02.421	0.93651	0.93668			6
2025.06.30	01:15:02.755	0.93653	0.93672			6
2025.06.30	01:15:03.078	0.93652	0.93668			6
2025.06.30	01:15:03.393	0.93653	0.93673			6
2025.06.30	01:15:03.699	0.93650				2
2025.06.30	01:15:04.041	0.93651	0.93670			6
2025.06.30	01:15:07.359	0.93650	0.93666			6
2025.06.30	01:15:07.664		0.93667			4
2025.06.30	01:15:07.981	0.93648	0.93666			6
2025.06.30	01:15:08.305	0.93651	0.93664			6
2025.06.30	01:15:08.609	0.93650				2
2025.06.30	01:15:10.782	0.93651				2
2025.06.30	01:15:11.200	0.93650	0.93665			6
2025.06.30	01:15:12.048	0.93651	0.93670			6
2025.06.30	01:15:12.437	0.93652				2
2025.06.30	01:15:13.200	0.93653				2
2025.06.30	01:15:13.531	0.93652				2
2025.06.30	01:15:16.166	0.93651				2
2025.06.30	01:15:16.507	0.93652				2
2025.06.30	01:15:17.010	0.93653				2
2025.06.30	01:15:18.129	0.93652				2
2025.06.30	01:15:18.777	0.93653				2
2025.06.30	01:15:19.261	0.93654				2
2025.06.30	01:15:19.726	0.93652	0.93672			6
2025.06.30	01:15:20.376	0.93653				2
2025.06.30	01:15:20.738	0.93652	0.93670			6
2025.06.30	01:15:21.045	0.93653				2
2025.06.30	01:15:21.390		0.93672			4
2025.06.30	01:15:22.255	0.93652	0.93670			6
2025.06.30	01:15:22.673	0.93653				2
2025.06.30	01:15:23.017		0.93672			4
2025.06.30	01:15:23.328	0.93652				2
2025.06.30	01:15:23.640	0.93654				2
2025.06.30	01:15:24.002	0.93653	0.93669			6
2025.06.30	01:15:24.316	0.93652				2
2025.06.30	01:15:24.635	0.93654				2
2025.06.30	01:15:24.940	0.93653				2
2025.06.30	01:15:25.325	0.93652				2
2025.06.30	01:15:26.029	0.93653				2
2025.06.30	01:15:26.644	0.93652				2
2025.06.30	01:15:26.991	0.93654				2
2025.06.30	01:15:27.622	0.93652				2
2025.06.30	01:15:27.987	0.93654				2
2025.06.30	01:15:28.686	0.93652				2
2025.06.30	01:15:29.019	0.93654				2
2025.06.30	01:15:29.387	0.93653				2
2025.06.30	01:15:30.283	0.93652				2
2025.06.30	01:15:30.624	0.93654				2
2025.06.30	01:15:31.900	0.93652	0.93672			6
2025.06.30	01:15:32.242	0.93654	0.93669			6
2025.06.30	01:15:32.697	0.93653				2
2025.06.30	01:15:33.724	0.93655				2
2025.06.30	01:15:34.124	0.93654				2
2025.06.30	01:15:34.624	0.93653				2
2025.06.30	01:15:34.967	0.93654				2
2025.06.30	01:15:35.284	0.93653				2
2025.06.30	01:15:36.041	0.93652	0.93672			6
2025.06.30	01:15:36.413	0.93653				2
2025.06.30	01:15:36.844	0.93655				2
2025.06.30	01:15:37.160	0.93652				2
2025.06.30	01:15:37.939	0.93653				2
2025.06.30	01:15:38.259		0.93673			4
2025.06.30	01:15:39.281	0.93654	0.93672			6
2025.06.30	01:15:39.599	0.93655	0.93669			6
2025.06.30	01:15:39.947	0.93653				2
2025.06.30	01:15:40.561		0.93670			4
2025.06.30	01:15:41.220		0.93671			4
2025.06.30	01:15:41.547	0.93655				2
2025.06.30	01:15:42.181	0.93654	0.93669			6
2025.06.30	01:15:42.520	0.93652	0.93667			6
2025.06.30	01:15:42.822	0.93650				2
2025.06.30	01:15:43.136	0.93652				2
2025.06.30	01:15:43.442	0.93651	0.93665			6
2025.06.30	01:15:43.751	0.93650	0.93667			6
2025.06.30	01:15:44.058	0.93651	0.93666			6
2025.06.30	01:15:44.360	0.93650	0.93665			6
2025.06.30	01:15:44.678	0.93652				2
2025.06.30	01:15:45.031		0.93666			4
2025.06.30	01:15:45.416	0.93649				2
2025.06.30	01:15:45.804	0.93650	0.93665			6
2025.06.30	01:15:46.146		0.93667			4
2025.06.30	01:15:46.459		0.93666			4
2025.06.30	01:15:47.180		0.93665			4
2025.06.30	01:15:47.982	0.93651				2
2025.06.30	01:15:48.433	0.93650				2
2025.06.30	01:15:49.093	0.93651				2
2025.06.30	01:15:49.473	0.93650				2
2025.06.30	01:15:51.293	0.93651				2
2025.06.30	01:15:51.708	0.93650				2
2025.06.30	01:15:52.360	0.93652				2
2025.06.30	01:15:52.743	0.93650				2
2025.06.30	01:15:53.756	0.93651				2
2025.06.30	01:15:54.108	0.93650				2
2025.06.30	01:15:54.800	0.93651				2
2025.06.30	01:15:55.196	0.93652				2
2025.06.30	01:15:55.692	0.93650				2
2025.06.30	01:15:56.049	0.93652				2
2025.06.30	01:15:57.302	0.93650				2
2025.06.30	01:15:58.119	0.93652				2
2025.06.30	01:15:58.485	0.93650				2
2025.06.30	01:15:59.108	0.93652				2
2025.06.30	01:15:59.412	0.93650				2
2025.06.30	01:16:00.095	0.93650				2
2025.06.30	01:16:00.442	0.93652	0.93667			6
2025.06.30	01:16:00.752	0.93650				2
2025.06.30	01:16:01.374		0.93665			4
2025.06.30	01:16:02.775	0.93651				2
2025.06.30	01:16:03.456	0.93650				2
2025.06.30	01:16:04.151	0.93651				2
2025.06.30	01:16:04.473	0.93650				2
2025.06.30	01:16:05.240	0.93651				2
2025.06.30	01:16:05.547	0.93650				2
2025.06.30	01:16:06.451	0.93651				2
2025.06.30	01:16:06.760	0.93652				2
2025.06.30	01:16:07.147	0.93650				2
2025.06.30	01:16:07.852	0.93652				2
2025.06.30	01:16:08.173	0.93650				2
2025.06.30	01:16:08.895	0.93651				2
2025.06.30	01:16:09.304	0.93650				2
2025.06.30	01:16:09.639	0.93652				2
2025.06.30	01:16:10.304	0.93650				2
2025.06.30	01:16:10.785	0.93652				2
2025.06.30	01:16:11.126	0.93650				2
2025.06.30	01:16:11.789	0.93652				2
2025.06.30	01:16:12.446	0.93651				2
2025.06.30	01:16:12.763	0.93652				2
2025.06.30	01:16:13.285	0.93651				2
2025.06.30	01:16:14.914	0.93652				2
2025.06.30	01:16:15.350	0.93650				2
2025.06.30	01:16:16.015	0.93652				2
2025.06.30	01:16:16.378	0.93660	0.93675			6
2025.06.30	01:16:16.679	0.93659				2
2025.06.30	01:16:16.982	0.93658				2
2025.06.30	01:16:18.256	0.93657				2
2025.06.30	01:16:18.563	0.93659				2
2025.06.30	01:16:19.182		0.93676			4
2025.06.30	01:16:20.549	0.93658				2
2025.06.30	01:16:20.873	0.93659				2
2025.06.30	01:16:21.507	0.93658				2
2025.06.30	01:16:21.822	0.93659				2
2025.06.30	01:16:22.481	0.93657				2
2025.06.30	01:16:22.815	0.93659				2
2025.06.30	01:16:24.690	0.93658				2
2025.06.30	01:16:25.016	0.93659				2
2025.06.30	01:16:25.480	0.93658				2
2025.06.30	01:16:26.382	0.93659				2
2025.06.30	01:16:26.797	0.93658				2
2025.06.30	01:16:27.115	0.93659				2
2025.06.30	01:16:27.581	0.93657				2
2025.06.30	01:16:27.961	0.93659				2
2025.06.30	01:16:28.656	0.93658				2
2025.06.30	01:16:29.032	0.93659				2
2025.06.30	01:16:30.246	0.93660				2
2025.06.30	01:16:39.198	0.93659				2
2025.06.30	01:16:39.521	0.93660				2
2025.06.30	01:16:43.340	0.93659				2
2025.06.30	01:16:43.668	0.93660				2
2025.06.30	01:16:46.597		0.93677			4
2025.06.30	01:16:47.811	0.93659				2
2025.06.30	01:17:00.282	0.93659				2
2025.06.30	01:17:00.771	0.93655				2
2025.06.30	01:17:01.141	0.93657				2
2025.06.30	01:17:01.479	0.93658				2
2025.06.30	01:17:05.904	0.93657				2
2025.06.30	01:17:06.218	0.93658				2
2025.06.30	01:17:07.186	0.93657				2
2025.06.30	01:17:07.495	0.93658				2
2025.06.30	01:17:09.623	0.93661	0.93683			6
2025.06.30	01:17:09.956	0.93665	0.93682			6
2025.06.30	01:17:10.261		0.93683			4
2025.06.30	01:17:10.821	0.93663				2
2025.06.30	01:17:11.146	0.93661	0.93677			6
2025.06.30	01:17:12.170	0.93664	0.93683			6
2025.06.30	01:17:18.504	0.93663				2
2025.06.30	01:17:18.881	0.93664				2
2025.06.30	01:17:20.353	0.93663				2
2025.06.30	01:17:20.739	0.93664				2
2025.06.30	01:17:21.613	0.93663				2
2025.06.30	01:17:22.184	0.93664				2
2025.06.30	01:17:23.689	0.93663				2
2025.06.30	01:17:24.284	0.93664				2
2025.06.30	01:17:25.763	0.93662				2
2025.06.30	01:17:28.483	0.93667	0.93689			6
2025.06.30	01:17:28.820	0.93668				2
2025.06.30	01:17:29.123	0.93667	0.93687			6
2025.06.30	01:17:31.106		0.93685			4
2025.06.30	01:17:31.783		0.93686			4
2025.06.30	01:17:32.887	0.93664	0.93682			6
2025.06.30	01:17:34.524	0.93670	0.93686			6
2025.06.30	01:17:35.539	0.93673				2
2025.06.30	01:17:37.457	0.93672				2
2025.06.30	01:17:38.174	0.93673				2
2025.06.30	01:17:38.500	0.93672				2
2025.06.30	01:17:43.098	0.93671				2
2025.06.30	01:17:43.728	0.93672				2
2025.06.30	01:17:44.040	0.93671				2
2025.06.30	01:17:44.342	0.93672				2
2025.06.30	01:17:46.536	0.93671				2
2025.06.30	01:17:46.901	0.93672				2
2025.06.30	01:17:47.218	0.93671				2
2025.06.30	01:17:47.537	0.93673	0.93685			6
2025.06.30	01:17:47.852	0.93671				2
2025.06.30	01:17:48.177	0.93672				2
2025.06.30	01:17:48.495	0.93671				2
2025.06.30	01:17:48.883		0.93686			4
2025.06.30	01:17:49.228	0.93672				2
2025.06.30	01:17:49.771	0.93671				2
2025.06.30	01:17:52.804		0.93683			4
2025.06.30	01:17:53.120	0.93666				2
2025.06.30	01:17:53.477	0.93668				2
2025.06.30	01:17:53.785	0.93669				2
2025.06.30	01:17:55.130	0.93670	0.93688			6
2025.06.30	01:18:00.233	0.93670				2
2025.06.30	01:18:01.759	0.93669	0.93683			6
2025.06.30	01:18:02.917	0.93670	0.93688			6
2025.06.30	01:18:04.979	0.93669	0.93682			6
2025.06.30	01:18:05.808	0.93670	0.93686			6
2025.06.30	01:18:06.195	0.93669	0.93681			6
2025.06.30	01:18:07.261	0.93670				2
2025.06.30	01:18:08.057	0.93663	0.93684			6
2025.06.30	01:18:08.359	0.93670	0.93681			6
2025.06.30	01:18:08.671	0.93669				2
2025.06.30	01:18:09.459	0.93671	0.93686			6
2025.06.30	01:18:09.825	0.93668	0.93680			6
2025.06.30	01:18:10.158	0.93662	0.93681			6
2025.06.30	01:18:10.785	0.93656				2
2025.06.30	01:18:11.281	0.93666				2
2025.06.30	01:18:13.072	0.93657				2
2025.06.30	01:18:14.075	0.93665				2
2025.06.30	01:18:14.545	0.93664	0.93683			6
2025.06.30	01:18:14.909	0.93665	0.93682			6
2025.06.30	01:18:15.251		0.93683			4
2025.06.30	01:18:15.898	0.93667	0.93689			6
2025.06.30	01:18:16.238	0.93665	0.93683			6
2025.06.30	01:18:18.009	0.93662	0.93681			6
2025.06.30	01:18:18.322	0.93664	0.93684			6
2025.06.30	01:18:18.652	0.93665				2
2025.06.30	01:18:18.973	0.93667	0.93690			6
2025.06.30	01:18:19.295	0.93666				2
2025.06.30	01:18:19.618		0.93691			4
2025.06.30	01:18:19.921	0.93667	0.93690			6
2025.06.30	01:18:20.242	0.93664	0.93685			6
2025.06.30	01:18:20.612		0.93686			4
2025.06.30	01:18:20.920		0.93683			4
2025.06.30	01:18:21.222	0.93666	0.93691			6
2025.06.30	01:18:21.548	0.93669				2
2025.06.30	01:18:21.859	0.93667	0.93684			6
2025.06.30	01:18:22.182	0.93669	0.93692			6
2025.06.30	01:18:22.556	0.93667	0.93691			6
2025.06.30	01:18:22.949	0.93668				2
2025.06.30	01:18:23.722	0.93663	0.93682			6
2025.06.30	01:18:24.034	0.93666	0.93690			6
2025.06.30	01:18:24.888	0.93665	0.93683			6
2025.06.30	01:18:25.190	0.93666	0.93690			6
2025.06.30	01:18:25.901	0.93665	0.93691			6
2025.06.30	01:18:26.218	0.93667	0.93689			6
2025.06.30	01:18:26.564	0.93665	0.93691			6
2025.06.30	01:18:26.867	0.93664				2
2025.06.30	01:18:27.201	0.93665	0.93690			6
2025.06.30	01:18:27.530		0.93691			4
2025.06.30	01:18:27.900	0.93664				2
2025.06.30	01:18:28.351	0.93667	0.93689			6
2025.06.30	01:18:28.696	0.93664	0.93691			6
2025.06.30	01:18:29.052		0.93690			4
2025.06.30	01:18:29.484	0.93666				2
2025.06.30	01:18:29.813	0.93664	0.93691			6
2025.06.30	01:18:30.147	0.93665	0.93690			6
2025.06.30	01:18:30.477	0.93666				2
2025.06.30	01:18:30.789	0.93665	0.93691			6
2025.06.30	01:18:31.546	0.93666	0.93690			6
2025.06.30	01:18:31.887	0.93664	0.93692			6
2025.06.30	01:18:32.470	0.93666	0.93690			6
2025.06.30	01:18:32.926	0.93664	0.93691			6
2025.06.30	01:18:33.245	0.93665	0.93690			6
2025.06.30	01:18:33.591	0.93666				2
2025.06.30	01:18:33.960	0.93664	0.93691			6
2025.06.30	01:18:34.297	0.93665				2
2025.06.30	01:18:34.606	0.93667	0.93689			6
2025.06.30	01:18:34.914	0.93664	0.93692			6
2025.06.30	01:18:35.369		0.93690			4
2025.06.30	01:18:35.672	0.93666				2
2025.06.30	01:18:36.036	0.93664				2
2025.06.30	01:18:36.737	0.93666				2
2025.06.30	01:18:37.074	0.93664	0.93691			6
2025.06.30	01:18:37.617	0.93665				2
2025.06.30	01:18:38.271	0.93664				2
2025.06.30	01:18:38.810	0.93666	0.93690			6
2025.06.30	01:18:39.143	0.93664	0.93691			6
2025.06.30	01:18:39.449		0.93692			4
2025.06.30	01:18:39.861	0.93666	0.93690			6
2025.06.30	01:18:40.180	0.93664	0.93691			6
2025.06.30	01:18:40.876	0.93666	0.93690			6
2025.06.30	01:18:41.218	0.93664	0.93691			6
2025.06.30	01:18:41.616		0.93692			4
2025.06.30	01:18:41.920	0.93666	0.93690			6
2025.06.30	01:18:42.254	0.93664	0.93691			6
2025.06.30	01:18:42.715	0.93666	0.93690			6
2025.06.30	01:18:43.073	0.93665	0.93691			6
2025.06.30	01:18:43.760	0.93666	0.93690			6
2025.06.30	01:18:44.108	0.93665	0.93691			6
2025.06.30	01:18:44.495	0.93664				2
2025.06.30	01:18:44.894		0.93692			4
2025.06.30	01:18:45.203		0.93681			4
2025.06.30	01:18:45.524		0.93683			4
2025.06.30	01:18:45.830	0.93662	0.93680			6
2025.06.30	01:18:46.833	0.93655	0.93679			6
2025.06.30	01:18:47.143	0.93666	0.93684			6
2025.06.30	01:18:47.806	0.93662	0.93680			6
2025.06.30	01:18:48.559	0.93666	0.93684			6
2025.06.30	01:18:48.938	0.93658	0.93680			6
2025.06.30	01:18:49.241	0.93654				2
2025.06.30	01:18:49.551	0.93655	0.93679			6
2025.06.30	01:18:50.255	0.93654	0.93680			6
2025.06.30	01:18:50.582	0.93655	0.93679			6
2025.06.30	01:18:51.158	0.93654	0.93680			6
2025.06.30	01:18:51.494		0.93678			4
2025.06.30	01:18:52.182		0.93679			4
2025.06.30	01:18:52.527		0.93678			4
2025.06.30	01:18:53.333	0.93653	0.93673			6
2025.06.30	01:18:53.678	0.93657	0.93675			6
2025.06.30	01:18:53.981	0.93660	0.93679			6
2025.06.30	01:18:54.334	0.93657	0.93674			6
2025.06.30	01:18:55.347	0.93659	0.93681			6
2025.06.30	01:18:56.479	0.93658				2
2025.06.30	01:18:56.981	0.93659				2
2025.06.30	01:18:58.553		0.93680			4
2025.06.30	01:18:58.938	0.93657	0.93674			6
2025.06.30	01:19:00.019	0.93657				2
2025.06.30	01:19:01.064	0.93661	0.93679			6
2025.06.30	01:19:01.365	0.93657	0.93675			6
2025.06.30	01:19:03.516	0.93660	0.93680			6
2025.06.30	01:19:03.819	0.93657	0.93675			6
2025.06.30	01:19:05.315		0.93674			4
2025.06.30	01:19:06.402	0.93661	0.93679			6
2025.06.30	01:19:06.748	0.93657	0.93675			6
2025.06.30	01:19:07.450	0.93661	0.93679			6
2025.06.30	01:19:07.785	0.93657	0.93675			6
2025.06.30	01:19:08.892		0.93679			4
2025.06.30	01:19:09.204		0.93675			4
2025.06.30	01:19:09.943	0.93661	0.93679			6
2025.06.30	01:19:10.247	0.93660	0.93680			6
2025.06.30	01:19:10.598	0.93657	0.93675			6
2025.06.30	01:19:11.252	0.93661	0.93679			6
2025.06.30	01:19:11.572	0.93657	0.93675			6
2025.06.30	01:19:12.645	0.93660	0.93680			6
2025.06.30	01:19:12.971	0.93657	0.93675			6
2025.06.30	01:19:14.000	0.93661	0.93679			6
2025.06.30	01:19:14.362	0.93657	0.93675			6
2025.06.30	01:19:15.055	0.93661	0.93679			6
2025.06.30	01:19:15.410	0.93657	0.93675			6
2025.06.30	01:19:17.548	0.93661	0.93679			6
2025.06.30	01:19:17.852	0.93657	0.93675			6
2025.06.30	01:19:20.039	0.93649	0.93674			6
2025.06.30	01:19:20.344	0.93657	0.93675			6
2025.06.30	01:19:21.086	0.93661	0.93679			6
2025.06.30	01:19:21.742	0.93657	0.93675			6
2025.06.30	01:19:22.399	0.93661	0.93679			6
2025.06.30	01:19:22.718	0.93657	0.93675			6
2025.06.30	01:19:23.054	0.93666	0.93683			6
2025.06.30	01:19:23.416	0.93664				2
2025.06.30	01:19:24.103	0.93669	0.93686			6
2025.06.30	01:19:24.409	0.93663	0.93683			6
2025.06.30	01:19:25.075	0.93664	0.93684			6
2025.06.30	01:19:25.410	0.93665				2
2025.06.30	01:19:26.200	0.93670	0.93687			6
2025.06.30	01:19:26.546	0.93665	0.93683			6
2025.06.30	01:19:27.250	0.93670	0.93687			6
2025.06.30	01:19:27.623	0.93665	0.93684			6
2025.06.30	01:19:28.297	0.93664				2
2025.06.30	01:19:28.651	0.93670	0.93687			6
2025.06.30	01:19:28.953	0.93665	0.93683			6
2025.06.30	01:19:29.347	0.93668	0.93685			6
2025.06.30	01:19:30.286	0.93669	0.93686			6
2025.06.30	01:19:30.920	0.93661	0.93684			6
2025.06.30	01:19:31.306	0.93669	0.93686			6
2025.06.30	01:19:33.515	0.93668	0.93685			6
2025.06.30	01:19:33.869	0.93669	0.93688			6
2025.06.30	01:19:34.597		0.93686			4
2025.06.30	01:19:34.899	0.93668	0.93685			6
2025.06.30	01:19:35.646	0.93669	0.93686			6
2025.06.30	01:19:36.823	0.93668	0.93685			6
2025.06.30	01:19:37.587	0.93669	0.93686			6
2025.06.30	01:19:38.618	0.93668	0.93685			6
2025.06.30	01:19:39.319	0.93669	0.93686			6
2025.06.30	01:19:39.714	0.93668	0.93685			6
2025.06.30	01:19:40.105	0.93669	0.93686			6
2025.06.30	01:19:41.154	0.93668	0.93685			6
2025.06.30	01:19:41.885	0.93669	0.93686			6
2025.06.30	01:19:43.995		0.93688			4
2025.06.30	01:19:44.299	0.93664	0.93683			6
2025.06.30	01:19:44.677	0.93665				2
2025.06.30	01:19:44.984	0.93663	0.93684			6
2025.06.30	01:19:45.298	0.93669	0.93686			6
2025.06.30	01:19:49.364	0.93671	0.93688			6
2025.06.30	01:19:50.355	0.93669	0.93686			6
2025.06.30	01:19:58.729	0.93670				2
2025.06.30	01:19:59.774	0.93669				2
2025.06.30	01:20:00.374	0.93669				2
2025.06.30	01:20:04.014	0.93670	0.93687			6
2025.06.30	01:20:04.351	0.93669	0.93686			6
2025.06.30	01:20:05.683	0.93670	0.93687			6
2025.06.30	01:20:06.004	0.93669	0.93686			6
2025.06.30	01:20:06.312	0.93670	0.93687			6
2025.06.30	01:20:08.176	0.93669	0.93686			6
2025.06.30	01:20:18.248	0.93668	0.93687			6
2025.06.30	01:20:18.625	0.93670				2
2025.06.30	01:20:19.006	0.93671				2
2025.06.30	01:20:19.309	0.93670	0.93686			6
2025.06.30	01:20:22.330	0.93671	0.93690			6
2025.06.30	01:20:23.379	0.93670	0.93686			6
2025.06.30	01:20:23.775		0.93687			4
2025.06.30	01:20:24.510		0.93686			4
2025.06.30	01:20:24.821	0.93671	0.93689			6
2025.06.30	01:20:25.874	0.93670	0.93686			6
2025.06.30	01:20:26.180		0.93687			4
2025.06.30	01:20:26.922		0.93686			4
2025.06.30	01:20:31.377	0.93668	0.93685			6
2025.06.30	01:20:33.544	0.93669				2
2025.06.30	01:20:40.298	0.93670	0.93690			6
2025.06.30	01:20:40.599		0.93689			4
2025.06.30	01:20:40.954		0.93687			4
2025.06.30	01:20:41.324	0.93668	0.93685			6
2025.06.30	01:20:41.626	0.93669				2
2025.06.30	01:20:42.263	0.93671	0.93688			6
2025.06.30	01:20:42.578	0.93670	0.93689			6
2025.06.30	01:20:43.186		0.93686			4
2025.06.30	01:20:43.506	0.93669	0.93685			6
2025.06.30	01:20:44.229	0.93670	0.93688			6
2025.06.30	01:20:45.017		0.93686			4
2025.06.30	01:20:46.066		0.93687			4
2025.06.30	01:20:46.445		0.93686			4
2025.06.30	01:20:51.707	0.93671	0.93688			6
2025.06.30	01:20:52.362	0.93678	0.93692			6
2025.06.30	01:20:52.679	0.93667	0.93691			6
2025.06.30	01:20:52.986	0.93678	0.93692			6
2025.06.30	01:20:53.630	0.93676				2
2025.06.30	01:20:53.956	0.93675	0.93688			6
2025.06.30	01:20:54.259	0.93676	0.93692			6
2025.06.30	01:20:55.204	0.93679	0.93695			6
2025.06.30	01:20:55.535	0.93678	0.93694			6
2025.06.30	01:20:57.217	0.93677	0.93693			6
2025.06.30	01:20:57.563	0.93679	0.93695			6
2025.06.30	01:20:59.873	0.93681	0.93699			6
2025.06.30	01:21:00.183	0.93671	0.93695			6
2025.06.30	01:21:00.486	0.93673	0.93693			6
2025.06.30	01:21:00.791	0.93668	0.93694			6
2025.06.30	01:21:01.100	0.93673	0.93693			6
2025.06.30	01:21:01.419	0.93672	0.93692			6
2025.06.30	01:21:01.725		0.93694			4
2025.06.30	01:21:02.067	0.93677	0.93693			6
2025.06.30	01:21:02.375	0.93673	0.93691			6
2025.06.30	01:21:02.724		0.93693			4
2025.06.30	01:21:03.028		0.93692			4
2025.06.30	01:21:03.382	0.93677	0.93693			6
2025.06.30	01:21:06.495	0.93678	0.93694			6
2025.06.30	01:21:07.032	0.93673	0.93692			6
2025.06.30	01:21:07.969	0.93671	0.93691			6
2025.06.30	01:21:08.281		0.93693			4
2025.06.30	01:21:08.586	0.93670				2
2025.06.30	01:21:08.888	0.93669				2
2025.06.30	01:21:09.253	0.93678	0.93694			6
2025.06.30	01:21:09.576	0.93680	0.93696			6
2025.06.30	01:21:09.913	0.93672	0.93694			6
2025.06.30	01:21:10.332		0.93693			4
2025.06.30	01:21:11.113	0.93673				2
2025.06.30	01:21:11.523	0.93681	0.93697			6
2025.06.30	01:21:11.828	0.93680	0.93696			6
2025.06.30	01:21:14.096	0.93681	0.93699			6
2025.06.30	01:21:14.484	0.93680	0.93696			6
2025.06.30	01:21:15.784	0.93682	0.93698			6
2025.06.30	01:21:16.463	0.93681				2
2025.06.30	01:21:17.282	0.93682				2
2025.06.30	01:21:17.592	0.93681				2
2025.06.30	01:21:18.348	0.93680	0.93696			6
2025.06.30	01:21:18.723	0.93681	0.93698			6
2025.06.30	01:21:19.798	0.93682				2
2025.06.30	01:21:20.437		0.93697			4
2025.06.30	01:21:20.755	0.93680	0.93696			6
2025.06.30	01:21:21.278	0.93682	0.93698			6
2025.06.30	01:21:21.767	0.93683				2
2025.06.30	01:21:22.835	0.93681	0.93700			6
2025.06.30	01:21:23.455		0.93696			4
2025.06.30	01:21:23.809		0.93699			4
2025.06.30	01:21:24.126		0.93700			4
2025.06.30	01:21:24.955		0.93696			4
2025.06.30	01:21:25.959	0.93684	0.93704			6
2025.06.30	01:21:26.331	0.93686	0.93702			6
2025.06.30	01:21:26.714	0.93684	0.93704			6
2025.06.30	01:21:27.070	0.93680	0.93697			6
2025.06.30	01:21:27.871	0.93686	0.93702			6
2025.06.30	01:21:28.525	0.93684	0.93703			6
2025.06.30	01:21:29.049	0.93678	0.93698			6
2025.06.30	01:21:29.366	0.93686	0.93705			6
2025.06.30	01:21:29.742	0.93684				2
2025.06.30	01:21:30.081	0.93685	0.93704			6
2025.06.30	01:21:30.408	0.93683	0.93698			6
2025.06.30	01:21:30.732	0.93684	0.93704			6
2025.06.30	01:21:31.051	0.93683	0.93705			6
2025.06.30	01:21:31.444	0.93682	0.93699			6
2025.06.30	01:21:31.821	0.93684	0.93704			6
2025.06.30	01:21:32.664	0.93683	0.93698			6
2025.06.30	01:21:33.460	0.93685	0.93703			6
2025.06.30	01:21:33.764	0.93684	0.93705			6
2025.06.30	01:21:34.416	0.93683	0.93698			6
2025.06.30	01:21:34.745	0.93684	0.93704			6
2025.06.30	01:21:35.080	0.93683	0.93698			6
2025.06.30	01:21:35.382	0.93684	0.93705			6
2025.06.30	01:21:35.728	0.93683				2
2025.06.30	01:21:36.673	0.93685				2
2025.06.30	01:21:37.171	0.93683	0.93700			6
2025.06.30	01:21:38.216	0.93684				2
2025.06.30	01:21:39.251	0.93687	0.93708			6
2025.06.30	01:21:39.962	0.93677	0.93699			6
2025.06.30	01:21:40.291	0.93686	0.93702			6
2025.06.30	01:21:47.316	0.93685				2
2025.06.30	01:21:47.626	0.93686				2
2025.06.30	01:21:50.383	0.93685				2
2025.06.30	01:21:50.732	0.93686				2
2025.06.30	01:21:51.262	0.93685	0.93701			6
2025.06.30	01:21:52.127		0.93703			4
2025.06.30	01:21:52.445	0.93686	0.93701			6
2025.06.30	01:21:52.760	0.93681	0.93697			6
2025.06.30	01:21:53.083	0.93677				2
2025.06.30	01:21:53.401	0.93686	0.93701			6
2025.06.30	01:21:54.541	0.93685				2
2025.06.30	01:22:00.940	0.93685				2
2025.06.30	01:22:10.961		0.93700			4
2025.06.30	01:22:20.776		0.93701			4
2025.06.30	01:22:21.374	0.93686				2
2025.06.30	01:22:22.864	0.93683	0.93698			6
2025.06.30	01:22:25.958	0.93680	0.93697			6
2025.06.30	01:22:26.259	0.93683	0.93698			6
2025.06.30	01:22:26.973	0.93682	0.93697			6
2025.06.30	01:22:27.599	0.93683	0.93698			6
2025.06.30	01:22:28.230		0.93699			4
2025.06.30	01:22:28.545		0.93698			4
2025.06.30	01:22:29.257	0.93684	0.93699			6
2025.06.30	01:22:30.286	0.93685	0.93707			6
2025.06.30	01:22:30.632	0.93686	0.93701			6
2025.06.30	01:22:31.009	0.93685	0.93702			6
2025.06.30	01:22:31.781		0.93703			4
2025.06.30	01:22:32.559	0.93683	0.93698			6
2025.06.30	01:22:39.045	0.93682	0.93697			6
2025.06.30	01:22:39.938	0.93683	0.93698			6
2025.06.30	01:22:44.557	0.93682	0.93697			6
2025.06.30	01:22:45.556	0.93683	0.93698			6
2025.06.30	01:22:58.177	0.93681	0.93696			6
2025.06.30	01:22:58.626	0.93683	0.93698			6
2025.06.30	01:23:00.023	0.93683				2
2025.06.30	01:23:01.294	0.93684	0.93701			6
2025.06.30	01:23:01.934	0.93683	0.93699			6
2025.06.30	01:23:04.048	0.93685	0.93701			6
2025.06.30	01:23:04.359	0.93684	0.93699			6
2025.06.30	01:23:05.759	0.93685	0.93700			6
2025.06.30	01:23:06.439		0.93702			4
2025.06.30	01:23:06.800		0.93701			4
2025.06.30	01:23:07.118		0.93702			4
2025.06.30	01:23:07.490		0.93700			4
2025.06.30	01:23:07.817		0.93701			4
2025.06.30	01:23:08.169		0.93700			4
2025.06.30	01:23:08.485		0.93702			4
2025.06.30	01:23:08.809	0.93684				2
2025.06.30	01:23:09.119		0.93699			4
2025.06.30	01:23:13.488	0.93683	0.93698			6
2025.06.30	01:23:15.837	0.93676				2
2025.06.30	01:23:16.140		0.93697			4
2025.06.30	01:23:16.460	0.93682				2
2025.06.30	01:23:16.767	0.93677				2
2025.06.30	01:23:17.133	0.93682				2
2025.06.30	01:23:20.036	0.93673	0.93695			6
2025.06.30	01:23:20.415		0.93696			4
2025.06.30	01:23:20.746	0.93672	0.93697			6
2025.06.30	01:23:21.072	0.93673	0.93696			6
2025.06.30	01:23:21.674	0.93682	0.93697			6
2025.06.30	01:23:23.400	0.93675	0.93695			6
2025.06.30	01:23:23.932	0.93681	0.93696			6
2025.06.30	01:23:24.279	0.93672	0.93695			6
2025.06.30	01:23:25.019	0.93682	0.93698			6
2025.06.30	01:23:25.320	0.93681	0.93696			6
2025.06.30	01:23:25.680	0.93682	0.93698			6
2025.06.30	01:23:25.998		0.93697			4
2025.06.30	01:23:27.887	0.93681	0.93696			6
2025.06.30	01:23:29.158	0.93683	0.93698			6
2025.06.30	01:23:33.686	0.93682	0.93697			6
2025.06.30	01:23:34.721	0.93683	0.93700			6
2025.06.30	01:23:35.051	0.93682	0.93697			6
2025.06.30	01:23:36.951	0.93684	0.93699			6
2025.06.30	01:23:37.305	0.93678	0.93697			6
2025.06.30	01:23:37.620	0.93681	0.93696			6
2025.06.30	01:23:38.713	0.93682	0.93697			6
2025.06.30	01:23:39.022	0.93688	0.93709			6
2025.06.30	01:23:39.324	0.93684	0.93700			6
2025.06.30	01:23:42.323	0.93683	0.93701			6
2025.06.30	01:23:42.634	0.93684	0.93700			6
2025.06.30	01:23:44.091	0.93688	0.93703			6
2025.06.30	01:23:44.398	0.93687				2
2025.06.30	01:23:45.182	0.93688				2
2025.06.30	01:23:45.808	0.93687	0.93704			6
2025.06.30	01:23:46.347	0.93688	0.93703			6
2025.06.30	01:23:46.975		0.93709			4
2025.06.30	01:23:47.965		0.93703			4
2025.06.30	01:23:48.270	0.93687	0.93704			6
2025.06.30	01:23:54.201	0.93688	0.93703			6
2025.06.30	01:23:55.512		0.93704			4
2025.06.30	01:23:55.954	0.93687	0.93703			6
2025.06.30	01:23:56.353	0.93688				2
2025.06.30	01:23:56.708	0.93687				2
2025.06.30	01:23:58.462	0.93688				2
2025.06.30	01:23:59.284	0.93689	0.93709			6
2025.06.30	01:23:59.588	0.93688				2
2025.06.30	01:24:00.290	0.93688	0.93704			6
2025.06.30	01:24:00.752	0.93687	0.93703			6
2025.06.30	01:24:01.894	0.93686	0.93704			6
2025.06.30	01:24:02.949		0.93705			4
2025.06.30	01:24:03.986	0.93684	0.93700			6
2025.06.30	01:24:04.309		0.93699			4
2025.06.30	01:24:04.619	0.93685	0.93702			6
2025.06.30	01:24:05.162		0.93701			4
2025.06.30	01:24:05.766	0.93684	0.93699			6
2025.06.30	01:24:06.100	0.93681				2
2025.06.30	01:24:06.514	0.93682	0.93698			6
2025.06.30	01:24:09.109	0.93686	0.93701			6
2025.06.30	01:24:09.786	0.93685	0.93702			6
2025.06.30	01:24:10.305	0.93684	0.93699			6
2025.06.30	01:24:11.475	0.93682	0.93698			6
2025.06.30	01:24:12.994	0.93681	0.93699			6
2025.06.30	01:24:13.297	0.93680				2
2025.06.30	01:24:13.608	0.93685	0.93702			6
2025.06.30	01:24:13.976	0.93684	0.93700			6
2025.06.30	01:24:14.358	0.93685	0.93702			6
2025.06.30	01:24:15.067	0.93682	0.93698			6
2025.06.30	01:24:17.984	0.93683	0.93699			6
2025.06.30	01:24:18.299	0.93684				2
2025.06.30	01:24:18.952	0.93682	0.93698			6
2025.06.30	01:24:19.273	0.93686	0.93704			6
2025.06.30	01:24:19.581	0.93685	0.93702			6
2025.06.30	01:24:20.485	0.93682	0.93698			6
2025.06.30	01:24:21.351	0.93681	0.93699			6
2025.06.30	01:24:21.679	0.93682	0.93698			6
2025.06.30	01:24:23.421	0.93681	0.93699			6
2025.06.30	01:24:23.751	0.93682	0.93698			6
2025.06.30	01:24:24.508	0.93685	0.93700			6
2025.06.30	01:24:25.514	0.93682	0.93698			6
2025.06.30	01:24:30.719	0.93683	0.93700			6
2025.06.30	01:24:31.031	0.93685	0.93702			6
2025.06.30	01:24:31.377	0.93684				2
2025.06.30	01:24:31.691	0.93685	0.93701			6
2025.06.30	01:24:32.054	0.93686				2
2025.06.30	01:24:32.368	0.93683	0.93702			6
2025.06.30	01:24:32.679	0.93687	0.93703			6
2025.06.30	01:24:33.009	0.93685	0.93705			6
2025.06.30	01:24:33.435	0.93680	0.93700			6
2025.06.30	01:24:33.783	0.93683	0.93699			6
2025.06.30	01:24:39.689	0.93682	0.93700			6
2025.06.30	01:24:40.000	0.93683	0.93699			6
2025.06.30	01:24:42.139	0.93688	0.93708			6
2025.06.30	01:24:42.451	0.93687	0.93702			6
2025.06.30	01:24:42.781	0.93684	0.93700			6
2025.06.30	01:24:43.090	0.93687	0.93702			6
2025.06.30	01:24:43.488	0.93681	0.93698			6
2025.06.30	01:24:43.961	0.93684	0.93700			6
2025.06.30	01:24:44.262	0.93683	0.93707			6
2025.06.30	01:24:44.579	0.93685	0.93700			6
2025.06.30	01:24:44.983	0.93684	0.93701			6
2025.06.30	01:24:45.322	0.93689	0.93704			6
2025.06.30	01:24:45.691	0.93688	0.93705			6
2025.06.30	01:24:46.482	0.93689				2
2025.06.30	01:24:46.791	0.93688				2
2025.06.30	01:24:47.181	0.93685	0.93700			6
2025.06.30	01:24:47.514	0.93683	0.93702			6
2025.06.30	01:24:47.825	0.93685	0.93700			6
2025.06.30	01:24:48.187	0.93687	0.93706			6
2025.06.30	01:24:49.192	0.93688				2
2025.06.30	01:24:50.986	0.93686	0.93701			6
2025.06.30	01:24:52.024	0.93688	0.93706			6
2025.06.30	01:24:54.159	0.93687	0.93707			6
2025.06.30	01:24:54.544		0.93706			4
2025.06.30	01:24:58.722		0.93707			4
2025.06.30	01:24:59.087	0.93688	0.93705			6
2025.06.30	01:24:59.416	0.93687	0.93706			6
2025.06.30	01:24:59.957	0.93688				2
2025.06.30	01:25:00.297	0.93688	0.93703			6
2025.06.30	01:25:00.638	0.93687				2
2025.06.30	01:25:01.172		0.93702			4
2025.06.30	01:25:01.479	0.93688	0.93709			6
2025.06.30	01:25:02.503	0.93685	0.93701			6
2025.06.30	01:25:03.037	0.93689	0.93709			6
2025.06.30	01:25:03.361	0.93685	0.93701			6
2025.06.30	01:25:03.765	0.93689	0.93705			6
2025.06.30	01:25:04.125	0.93690	0.93708			6
2025.06.30	01:25:04.475	0.93688				2
2025.06.30	01:25:05.400	0.93689	0.93707			6
2025.06.30	01:25:07.455	0.93688	0.93708			6
2025.06.30	01:25:08.362	0.93689	0.93707			6
2025.06.30	01:25:09.487		0.93708			4
2025.06.30	01:25:09.799	0.93688	0.93706			6
2025.06.30	01:25:10.797	0.93689	0.93705			6
2025.06.30	01:25:11.759	0.93688				2
2025.06.30	01:25:12.081		0.93706			4
2025.06.30	01:25:12.508	0.93689				2
2025.06.30	01:25:12.898	0.93688				2
2025.06.30	01:25:13.797	0.93690	0.93705			6
2025.06.30	01:25:14.102	0.93689	0.93706			6
2025.06.30	01:25:14.579	0.93686	0.93702			6
2025.06.30	01:25:14.907	0.93685	0.93701			6
2025.06.30	01:25:15.570	0.93687	0.93702			6
2025.06.30	01:25:15.961	0.93684	0.93701			6
2025.06.30	01:25:16.297	0.93687				2
2025.06.30	01:25:16.602		0.93702			4
2025.06.30	01:25:18.730	0.93686	0.93701			6
2025.06.30	01:25:24.828	0.93689	0.93709			6
2025.06.30	01:25:25.141	0.93688				2
2025.06.30	01:25:25.795	0.93691	0.93708			6
2025.06.30	01:25:26.100	0.93689	0.93709			6
2025.06.30	01:25:26.400	0.93688	0.93704			6
2025.06.30	01:25:26.719	0.93687	0.93705			6
2025.06.30	01:25:27.452	0.93688	0.93706			6
2025.06.30	01:25:27.765	0.93687	0.93707			6
2025.06.30	01:25:28.219		0.93704			4
2025.06.30	01:25:28.530		0.93705			4
2025.06.30	01:25:28.864	0.93688	0.93708			6
2025.06.30	01:25:29.176	0.93686	0.93701			6
2025.06.30	01:25:29.480	0.93687	0.93704			6
2025.06.30	01:25:29.788		0.93705			4
2025.06.30	01:25:31.496		0.93704			4
2025.06.30	01:25:31.833		0.93705			4
2025.06.30	01:25:32.700	0.93688	0.93706			6
2025.06.30	01:25:33.001	0.93686	0.93704			6
2025.06.30	01:25:33.352		0.93706			4
2025.06.30	01:25:34.063	0.93689				2
2025.06.30	01:25:34.394	0.93687	0.93704			6
2025.06.30	01:25:34.747		0.93707			4
2025.06.30	01:25:35.053		0.93703			4
2025.06.30	01:25:35.375	0.93686	0.93704			6
2025.06.30	01:25:35.765	0.93688	0.93703			6
2025.06.30	01:25:36.874		0.93705			4
2025.06.30	01:25:37.183		0.93703			4
2025.06.30	01:25:37.863		0.93706			4
2025.06.30	01:25:38.179	0.93687	0.93704			6
2025.06.30	01:25:38.521	0.93682	0.93698			6
2025.06.30	01:25:38.906	0.93681	0.93696			6
2025.06.30	01:25:39.210	0.93677	0.93694			6
2025.06.30	01:25:39.594		0.93695			4
2025.06.30	01:25:40.353	0.93680				2
2025.06.30	01:25:40.659	0.93678	0.93694			6
2025.06.30	01:25:41.275	0.93679	0.93695			6
2025.06.30	01:25:43.476	0.93680				2
2025.06.30	01:25:43.819	0.93679	0.93694			6
2025.06.30	01:25:44.155	0.93680	0.93695			6
2025.06.30	01:25:44.504		0.93696			4
2025.06.30	01:25:44.887		0.93695			4
2025.06.30	01:25:45.193		0.93696			4
2025.06.30	01:25:46.564	0.93679	0.93694			6
2025.06.30	01:25:46.907	0.93680	0.93696			6
2025.06.30	01:25:48.412	0.93678	0.93694			6
2025.06.30	01:25:48.730	0.93679	0.93695			6
2025.06.30	01:25:50.227	0.93678	0.93694			6
2025.06.30	01:25:50.548	0.93679	0.93695			6
2025.06.30	01:25:52.057	0.93677	0.93694			6
2025.06.30	01:25:52.381	0.93675	0.93696			6
2025.06.30	01:25:52.716	0.93677	0.93694			6
2025.06.30	01:25:54.598		0.93693			4
2025.06.30	01:25:54.908		0.93694			4
2025.06.30	01:25:55.262	0.93676	0.93695			6
2025.06.30	01:25:55.601		0.93694			4
2025.06.30	01:25:55.908	0.93677				2
2025.06.30	01:25:56.235	0.93679	0.93695			6
2025.06.30	01:25:56.538	0.93677	0.93694			6
2025.06.30	01:25:56.865	0.93678	0.93695			6
2025.06.30	01:25:57.178	0.93676	0.93694			6
2025.06.30	01:25:57.499	0.93677				2
2025.06.30	01:25:58.125	0.93676				2
2025.06.30	01:25:58.628		0.93695			4
2025.06.30	01:25:58.931	0.93677	0.93694			6
2025.06.30	01:26:00.295	0.93676				2
2025.06.30	01:26:00.754	0.93677				2
2025.06.30	01:26:01.563	0.93675	0.93693			6
2025.06.30	01:26:01.883		0.93694			4
2025.06.30	01:26:02.558		0.93693			4
2025.06.30	01:26:02.912		0.93694			4
2025.06.30	01:26:03.222		0.93693			4
2025.06.30	01:26:03.689		0.93694			4
2025.06.30	01:26:04.000		0.93693			4
2025.06.30	01:26:04.418		0.93692			4
2025.06.30	01:26:04.743		0.93693			4
2025.06.30	01:26:06.362	0.93674	0.93692			6
2025.06.30	01:26:06.673	0.93675	0.93691			6
2025.06.30	01:26:06.979	0.93674	0.93692			6
2025.06.30	01:26:07.627		0.93691			4
2025.06.30	01:26:08.086	0.93675				2
2025.06.30	01:26:08.884	0.93676	0.93693			6
2025.06.30	01:26:09.214	0.93675	0.93691			6
2025.06.30	01:26:10.264		0.93692			4
2025.06.30	01:26:14.404	0.93677	0.93694			6
2025.06.30	01:26:14.751	0.93678				2
2025.06.30	01:26:15.775		0.93695			4
2025.06.30	01:26:23.648		0.93694			4
2025.06.30	01:26:25.094	0.93676	0.93693			6
2025.06.30	01:26:25.594	0.93679	0.93696			6
2025.06.30	01:26:25.907	0.93678	0.93695			6
2025.06.30	01:26:31.343	0.93676	0.93693			6
2025.06.30	01:26:32.442	0.93678	0.93695			6
2025.06.30	01:26:33.937	0.93677	0.93693			6
2025.06.30	01:26:34.676	0.93678	0.93695			6
2025.06.30	01:26:35.903	0.93676	0.93693			6
2025.06.30	01:26:36.220	0.93677	0.93694			6
2025.06.30	01:26:37.012	0.93678	0.93696			6
2025.06.30	01:26:37.334	0.93677	0.93694			6
2025.06.30	01:26:37.665	0.93679	0.93698			6
2025.06.30	01:26:39.474	0.93676	0.93696			6
2025.06.30	01:26:42.303		0.93697			4
2025.06.30	01:26:42.621	0.93681	0.93698			6
2025.06.30	01:26:42.929	0.93679	0.93697			6
2025.06.30	01:26:43.697	0.93680				2
2025.06.30	01:26:44.000	0.93678	0.93696			6
2025.06.30	01:26:44.303		0.93695			4
2025.06.30	01:26:44.720	0.93677	0.93694			6
2025.06.30	01:26:45.192	0.93673	0.93693			6
2025.06.30	01:26:45.493	0.93672				2
2025.06.30	01:26:45.799	0.93676				2
2025.06.30	01:26:46.186	0.93672	0.93694			6
2025.06.30	01:26:46.507	0.93676	0.93693			6
2025.06.30	01:26:47.172	0.93678	0.93695			6
2025.06.30	01:26:47.480	0.93676	0.93693			6
2025.06.30	01:26:48.472	0.93672	0.93692			6
2025.06.30	01:26:50.458	0.93673				2
2025.06.30	01:26:51.520	0.93676	0.93693			6
2025.06.30	01:26:52.751	0.93672				2
2025.06.30	01:26:53.568		0.93692			4
2025.06.30	01:26:54.695		0.93693			4
2025.06.30	01:26:55.079	0.93676	0.93692			6
2025.06.30	01:26:55.913	0.93673				2
2025.06.30	01:26:57.974	0.93676	0.93693			6
2025.06.30	01:26:58.307		0.93692			4
2025.06.30	01:27:00.984	0.93676	0.93693			6
2025.06.30	01:27:02.003	0.93674	0.93692			6
2025.06.30	01:27:02.947	0.93676	0.93695			6
2025.06.30	01:27:03.281	0.93675	0.93692			6
2025.06.30	01:27:03.998	0.93676				2
2025.06.30	01:27:04.518	0.93675	0.93693			6
2025.06.30	01:27:04.842	0.93674				2
2025.06.30	01:27:05.158	0.93676				2
2025.06.30	01:27:10.069	0.93675	0.93694			6
2025.06.30	01:27:10.495	0.93676	0.93693			6
2025.06.30	01:27:11.366	0.93674				2
2025.06.30	01:27:11.670	0.93673				2
2025.06.30	01:27:12.728	0.93674				2
2025.06.30	01:27:13.204	0.93673	0.93694			6
2025.06.30	01:27:13.914		0.93693			4
2025.06.30	01:27:14.647		0.93694			4
2025.06.30	01:27:14.983	0.93674	0.93693			6
2025.06.30	01:27:15.303	0.93673	0.93694			6
2025.06.30	01:27:15.636		0.93692			4
2025.06.30	01:27:15.939	0.93674				2
2025.06.30	01:27:17.014	0.93675				2
2025.06.30	01:27:17.769	0.93673	0.93694			6
2025.06.30	01:27:18.159	0.93674	0.93692			6
2025.06.30	01:27:18.594	0.93675				2
2025.06.30	01:27:19.034	0.93674				2
2025.06.30	01:27:19.934	0.93673	0.93693			6
2025.06.30	01:27:20.264	0.93674	0.93692			6
2025.06.30	01:27:20.954	0.93676	0.93695			6
2025.06.30	01:27:21.260	0.93677	0.93696			6
2025.06.30	01:27:21.635	0.93678	0.93695			6
2025.06.30	01:27:22.350		0.93694			4
2025.06.30	01:27:22.695		0.93695			4
2025.06.30	01:27:26.639	0.93677	0.93696			6
2025.06.30	01:27:26.954	0.93678	0.93695			6
2025.06.30	01:27:27.373	0.93677	0.93696			6
2025.06.30	01:27:27.706		0.93697			4
2025.06.30	01:27:28.009	0.93678	0.93696			6
2025.06.30	01:27:31.399	0.93677	0.93697			6
2025.06.30	01:27:31.719	0.93678	0.93696			6
2025.06.30	01:27:32.348	0.93676	0.93698			6
2025.06.30	01:27:32.712	0.93678	0.93696			6
2025.06.30	01:27:33.413	0.93675	0.93697			6
2025.06.30	01:27:33.744	0.93677	0.93695			6
2025.06.30	01:27:34.438	0.93675	0.93697			6
2025.06.30	01:27:34.812	0.93678	0.93695			6
2025.06.30	01:27:35.453	0.93676	0.93697			6
2025.06.30	01:27:35.811	0.93683	0.93700			6
2025.06.30	01:27:36.149		0.93701			4
2025.06.30	01:27:36.553	0.93682	0.93700			6
2025.06.30	01:27:36.947	0.93681	0.93698			6
2025.06.30	01:27:37.734	0.93682				2
2025.06.30	01:27:38.040	0.93681				2
2025.06.30	01:27:39.786	0.93682				2
2025.06.30	01:27:40.163	0.93681				2
2025.06.30	01:27:40.792	0.93682				2
2025.06.30	01:27:43.779	0.93680	0.93696			6
2025.06.30	01:27:44.551	0.93679				2
2025.06.30	01:27:45.707	0.93676	0.93693			6
2025.06.30	01:27:46.022	0.93677	0.93694			6
2025.06.30	01:27:47.698	0.93676	0.93697			6
2025.06.30	01:27:48.034	0.93677	0.93696			6
2025.06.30	01:27:48.748	0.93682	0.93698			6
2025.06.30	01:27:54.091	0.93681	0.93699			6
2025.06.30	01:27:54.806	0.93680	0.93697			6
2025.06.30	01:27:56.706	0.93676	0.93695			6
2025.06.30	01:27:57.038	0.93677	0.93694			6
2025.06.30	01:27:57.822	0.93676				2
2025.06.30	01:27:58.236	0.93677				2
2025.06.30	01:27:58.671	0.93674	0.93695			6
2025.06.30	01:27:58.980	0.93675	0.93694			6
2025.06.30	01:27:59.403	0.93674				2
2025.06.30	01:27:59.769	0.93679	0.93696			6
2025.06.30	01:28:00.081	0.93679	0.93695			6
2025.06.30	01:28:00.678	0.93678				2
2025.06.30	01:28:00.982		0.93694			4
2025.06.30	01:28:01.347		0.93695			4
2025.06.30	01:28:02.371		0.93694			4
2025.06.30	01:28:04.014	0.93675	0.93702			6
2025.06.30	01:28:04.339	0.93672	0.93689			6
2025.06.30	01:28:04.669	0.93675	0.93691			6
2025.06.30	01:28:05.017	0.93672	0.93689			6
2025.06.30	01:28:05.383	0.93674	0.93690			6
2025.06.30	01:28:05.968	0.93672	0.93689			6
2025.06.30	01:28:06.583	0.93674	0.93690			6
2025.06.30	01:28:07.796	0.93675	0.93702			6
2025.06.30	01:28:08.119	0.93677	0.93700			6
2025.06.30	01:28:08.427	0.93672	0.93689			6
2025.06.30	01:28:08.733	0.93674	0.93690			6
2025.06.30	01:28:09.451		0.93701			4
2025.06.30	01:28:09.757	0.93675				2
2025.06.30	01:28:10.712	0.93674	0.93690			6
2025.06.30	01:28:11.755	0.93673				2
2025.06.30	01:28:12.578	0.93674				2
2025.06.30	01:28:22.404		0.93701			4
2025.06.30	01:28:22.720	0.93675				2
2025.06.30	01:28:23.462	0.93672	0.93689			6
2025.06.30	01:28:24.425	0.93675	0.93700			6
2025.06.30	01:28:25.429	0.93672	0.93689			6
2025.06.30	01:28:26.059	0.93676	0.93700			6
2025.06.30	01:28:26.362	0.93674				2
2025.06.30	01:28:27.374	0.93675	0.93701			6
2025.06.30	01:28:27.682		0.93699			4
2025.06.30	01:28:28.397	0.93672	0.93689			6
2025.06.30	01:28:29.697	0.93674	0.93700			6
2025.06.30	01:28:30.087	0.93675				2
2025.06.30	01:28:30.398	0.93673	0.93694			6
2025.06.30	01:28:30.704	0.93675	0.93695			6
2025.06.30	01:28:32.078	0.93674				2
2025.06.30	01:28:32.398	0.93675				2
2025.06.30	01:28:33.234	0.93674	0.93693			6
2025.06.30	01:28:33.610	0.93673				2
2025.06.30	01:28:34.236	0.93674				2
2025.06.30	01:28:34.546	0.93673				2
2025.06.30	01:28:35.153	0.93674				2
2025.06.30	01:28:35.838	0.93673				2
2025.06.30	01:28:36.181	0.93674				2
2025.06.30	01:28:36.492	0.93673				2
2025.06.30	01:28:37.289	0.93674				2
2025.06.30	01:28:37.636	0.93673				2
2025.06.30	01:28:38.347	0.93674				2
2025.06.30	01:28:38.690	0.93673				2
2025.06.30	01:28:39.389	0.93674				2
2025.06.30	01:28:39.727	0.93673				2
2025.06.30	01:28:40.416	0.93674				2
2025.06.30	01:28:40.763	0.93673				2
2025.06.30	01:28:41.449	0.93674				2
2025.06.30	01:28:41.786	0.93673				2
2025.06.30	01:28:42.404	0.93674				2
2025.06.30	01:28:42.705	0.93673				2
2025.06.30	01:28:44.540	0.93674				2
2025.06.30	01:28:44.894	0.93673				2
2025.06.30	01:28:46.491	0.93672				2
2025.06.30	01:28:46.824	0.93673				2
2025.06.30	01:28:47.137		0.93692			4
2025.06.30	01:28:47.443		0.93697			4
2025.06.30	01:28:47.774	0.93674				2
2025.06.30	01:28:48.079		0.93690			4
2025.06.30	01:28:49.071	0.93676	0.93694			6
2025.06.30	01:28:49.398	0.93675	0.93697			6
2025.06.30	01:28:49.886		0.93691			4
2025.06.30	01:28:50.238	0.93674	0.93690			6
2025.06.30	01:28:50.758	0.93676	0.93696			6
2025.06.30	01:28:51.072	0.93675	0.93697			6
2025.06.30	01:28:51.760	0.93676				2
2025.06.30	01:28:52.123	0.93674				2
2025.06.30	01:28:53.696		0.93690			4
2025.06.30	01:28:54.049		0.93691			4
2025.06.30	01:28:54.715		0.93697			4
2025.06.30	01:28:55.454	0.93675				2
2025.06.30	01:28:57.111	0.93674				2
2025.06.30	01:28:57.824	0.93675				2
2025.06.30	01:28:58.863	0.93674				2
2025.06.30	01:28:59.371		0.93690			4
2025.06.30	01:29:00.142	0.93674				2
2025.06.30	01:29:00.469		0.93697			4
2025.06.30	01:29:01.482		0.93690			4
2025.06.30	01:29:02.482	0.93675	0.93697			6
2025.06.30	01:29:02.800	0.93674	0.93698			6
2025.06.30	01:29:04.578	0.93675	0.93697			6
2025.06.30	01:29:05.622	0.93676	0.93696			6
2025.06.30	01:29:06.013	0.93675	0.93697			6
2025.06.30	01:29:07.156	0.93674	0.93698			6
2025.06.30	01:29:07.682	0.93676	0.93696			6
2025.06.30	01:29:08.093	0.93675	0.93697			6
2025.06.30	01:29:08.574	0.93674	0.93698			6
2025.06.30	01:29:09.003		0.93699			4
2025.06.30	01:29:10.839	0.93675	0.93697			6
2025.06.30	01:29:11.305	0.93674	0.93698			6
2025.06.30	01:29:11.917	0.93675	0.93697			6
2025.06.30	01:29:12.241	0.93674	0.93699			6
2025.06.30	01:29:12.967	0.93675	0.93697			6
2025.06.30	01:29:13.279	0.93674	0.93699			6
2025.06.30	01:29:14.074	0.93675	0.93697			6
2025.06.30	01:29:14.413	0.93674				2
2025.06.30	01:29:15.211	0.93673				2
2025.06.30	01:29:15.711	0.93674				2
2025.06.30	01:29:16.257	0.93673				2
2025.06.30	01:29:17.167	0.93674	0.93696			6
2025.06.30	01:29:17.522	0.93673	0.93697			6
2025.06.30	01:29:18.147	0.93675	0.93696			6
2025.06.30	01:29:18.461	0.93673	0.93697			6
2025.06.30	01:29:19.192	0.93674	0.93696			6
2025.06.30	01:29:19.597	0.93673	0.93697			6
2025.06.30	01:29:20.715	0.93674	0.93699			6
2025.06.30	01:29:21.280		0.93698			4
2025.06.30	01:29:21.669	0.93673	0.93699			6
2025.06.30	01:29:22.305	0.93675	0.93697			6
2025.06.30	01:29:22.688	0.93674	0.93698			6
2025.06.30	01:29:23.515	0.93675	0.93697			6
2025.06.30	01:29:24.781	0.93674	0.93698			6
2025.06.30	01:29:25.456	0.93675	0.93697			6
2025.06.30	01:29:25.799	0.93674	0.93698			6
2025.06.30	01:29:27.657	0.93676	0.93695			6
2025.06.30	01:29:27.960	0.93675	0.93696			6
2025.06.30	01:29:28.292	0.93678	0.93695			6
2025.06.30	01:29:28.610	0.93675	0.93691			6
2025.06.30	01:29:28.913	0.93676	0.93693			6
2025.06.30	01:29:29.538	0.93674	0.93691			6
2025.06.30	01:29:29.936	0.93676	0.93692			6
2025.06.30	01:29:30.254		0.93693			4
2025.06.30	01:29:30.564	0.93674	0.93691			6
2025.06.30	01:29:30.884	0.93675	0.93692			6
2025.06.30	01:29:31.200	0.93674	0.93691			6
2025.06.30	01:29:31.911	0.93676	0.93692			6
2025.06.30	01:29:32.215	0.93673	0.93689			6
2025.06.30	01:29:32.632	0.93677	0.93691			6
2025.06.30	01:29:32.939	0.93676	0.93693			6
2025.06.30	01:29:33.657	0.93677	0.93694			6
2025.06.30	01:29:33.962	0.93674	0.93690			6
2025.06.30	01:29:35.111	0.93676	0.93692			6
2025.06.30	01:29:35.411		0.93693			4
2025.06.30	01:29:35.798		0.93692			4
2025.06.30	01:29:36.223		0.93693			4
2025.06.30	01:29:37.184	0.93673	0.93691			6
2025.06.30	01:29:37.578	0.93674	0.93690			6
2025.06.30	01:29:37.884	0.93678	0.93694			6
2025.06.30	01:29:38.238	0.93674	0.93690			6
2025.06.30	01:29:38.555	0.93678	0.93695			6
2025.06.30	01:29:38.924		0.93694			4
2025.06.30	01:29:39.225	0.93674	0.93690			6
2025.06.30	01:29:40.379	0.93677	0.93695			6
2025.06.30	01:29:40.681	0.93675	0.93693			6
2025.06.30	01:29:41.057		0.93692			4
2025.06.30	01:29:41.756	0.93674	0.93690			6
2025.06.30	01:29:44.690	0.93672	0.93689			6
2025.06.30	01:29:45.031		0.93688			4
2025.06.30	01:29:49.263	0.93676	0.93692			6
2025.06.30	01:29:49.641	0.93677	0.93694			6
2025.06.30	01:29:49.954		0.93693			4
2025.06.30	01:29:50.276	0.93676	0.93695			6
2025.06.30	01:29:50.906	0.93677				2
2025.06.30	01:29:51.216		0.93693			4
2025.06.30	01:29:51.519	0.93676	0.93692			6
2025.06.30	01:29:52.261	0.93677	0.93693			6
2025.06.30	01:29:52.578	0.93676	0.93692			6
2025.06.30	01:29:53.659	0.93677	0.93693			6
2025.06.30	01:29:54.025	0.93675				2
2025.06.30	01:29:54.988	0.93679	0.93700			6
2025.06.30	01:29:55.301	0.93670	0.93690			6
2025.06.30	01:29:55.618	0.93677	0.93698			6
2025.06.30	01:29:55.919	0.93668	0.93689			6
2025.06.30	01:29:56.230	0.93676	0.93695			6
2025.06.30	01:29:56.587		0.93699			4
2025.06.30	01:29:57.562	0.93673	0.93689			6
2025.06.30	01:29:58.520	0.93677	0.93698			6
2025.06.30	01:29:58.854	0.93672	0.93688			6
2025.06.30	01:29:59.160	0.93673	0.93692			6
2025.06.30	01:29:59.479	0.93674				2
2025.06.30	01:29:59.787	0.93675				2
2025.06.30	01:30:00.165	0.93674				2
2025.06.30	01:30:00.497	0.93673	0.93691			6
2025.06.30	01:30:00.800	0.93676	0.93693			6
2025.06.30	01:30:01.127	0.93670	0.93689			6
2025.06.30	01:30:01.433	0.93671	0.93688			6
2025.06.30	01:30:02.114	0.93682	0.93690			6
2025.06.30	01:30:02.465	0.93683	0.93691			6
2025.06.30	01:30:04.589	0.93676	0.93696			6
2025.06.30	01:30:05.663	0.93677	0.93695			6
2025.06.30	01:30:07.417	0.93674	0.93690			6
2025.06.30	01:30:07.773	0.93676	0.93701			6
2025.06.30	01:30:08.080	0.93673	0.93689			6
2025.06.30	01:30:09.699	0.93678	0.93701			6
2025.06.30	01:30:10.001	0.93677	0.93699			6
2025.06.30	01:30:10.317		0.93701			4
2025.06.30	01:30:10.661	0.93672	0.93689			6
2025.06.30	01:30:10.967	0.93671	0.93690			6
2025.06.30	01:30:11.283	0.93677	0.93701			6
2025.06.30	01:30:11.596	0.93672	0.93688			6
2025.06.30	01:30:11.955	0.93671				2
2025.06.30	01:30:12.259	0.93676	0.93700			6
2025.06.30	01:30:12.622	0.93675	0.93701			6
2025.06.30	01:30:12.942	0.93670	0.93688			6
2025.06.30	01:30:13.244	0.93671				2
2025.06.30	01:30:13.564	0.93670	0.93689			6
2025.06.30	01:30:13.937		0.93690			4
2025.06.30	01:30:14.723	0.93677	0.93697			6
2025.06.30	01:30:15.041	0.93670	0.93690			6
2025.06.30	01:30:15.379		0.93689			4
2025.06.30	01:30:15.684	0.93677	0.93701			6
2025.06.30	01:30:16.814	0.93678	0.93699			6
2025.06.30	01:30:17.140	0.93677	0.93698			6
2025.06.30	01:30:17.872		0.93701			4
2025.06.30	01:30:18.528	0.93678	0.93698			6
2025.06.30	01:30:18.919	0.93672	0.93689			6
2025.06.30	01:30:19.240		0.93690			4
2025.06.30	01:30:19.575	0.93670				2
2025.06.30	01:30:19.887	0.93671				2
2025.06.30	01:30:20.219	0.93673				2
2025.06.30	01:30:20.624	0.93680	0.93702			6
2025.06.30	01:30:20.941	0.93674	0.93692			6
2025.06.30	01:30:21.283	0.93679	0.93699			6
2025.06.30	01:30:21.933	0.93678	0.93694			6
2025.06.30	01:30:22.329	0.93677	0.93693			6
2025.06.30	01:30:22.722	0.93681	0.93697			6
2025.06.30	01:30:23.029	0.93677	0.93693			6
2025.06.30	01:30:23.702	0.93680	0.93697			6
2025.06.30	01:30:24.018		0.93700			4
2025.06.30	01:30:24.687	0.93681	0.93699			6
2025.06.30	01:30:26.020	0.93680	0.93696			6
2025.06.30	01:30:26.383	0.93681	0.93699			6
2025.06.30	01:30:27.096	0.93677	0.93693			6
2025.06.30	01:30:27.443	0.93680	0.93696			6
2025.06.30	01:30:27.745	0.93681	0.93699			6
2025.06.30	01:30:28.774	0.93676	0.93694			6
2025.06.30	01:30:29.075	0.93677	0.93693			6
2025.06.30	01:30:29.803	0.93676	0.93694			6
2025.06.30	01:30:30.172	0.93675	0.93693			6
2025.06.30	01:30:30.495	0.93677				2
2025.06.30	01:30:31.164	0.93684	0.93707			6
2025.06.30	01:30:31.481		0.93705			4
2025.06.30	01:30:31.783	0.93685	0.93701			6
2025.06.30	01:30:32.955		0.93700			4
2025.06.30	01:30:33.661	0.93684				2
2025.06.30	01:30:34.047	0.93685	0.93701			6
2025.06.30	01:30:34.371	0.93687	0.93703			6
2025.06.30	01:30:37.020		0.93702			4
2025.06.30	01:30:37.353	0.93685	0.93701			6
2025.06.30	01:30:38.069	0.93687	0.93707			6
2025.06.30	01:30:38.389	0.93686				2
2025.06.30	01:30:39.110	0.93687				2
2025.06.30	01:30:39.438	0.93686				2
2025.06.30	01:30:40.168	0.93687				2
2025.06.30	01:30:40.494	0.93688	0.93703			6
2025.06.30	01:30:40.817	0.93686				2
2025.06.30	01:30:41.523	0.93688	0.93711			6
2025.06.30	01:30:41.841	0.93687				2
2025.06.30	01:30:42.250		0.93708			4
2025.06.30	01:30:44.560	0.93688				2
2025.06.30	01:30:44.997	0.93687				2
2025.06.30	01:30:46.184	0.93688	0.93709			6
2025.06.30	01:30:46.510	0.93687				2
2025.06.30	01:30:49.496		0.93703			4
2025.06.30	01:30:50.134	0.93688	0.93709			6
2025.06.30	01:30:54.206	0.93687				2
2025.06.30	01:30:54.557	0.93688				2
2025.06.30	01:30:56.678	0.93687				2
2025.06.30	01:30:58.028	0.93685	0.93705			6
2025.06.30	01:30:58.339	0.93684				2
2025.06.30	01:30:59.389	0.93685	0.93701			6
2025.06.30	01:31:00.405	0.93686	0.93707			6
2025.06.30	01:31:00.722	0.93685				2
2025.06.30	01:31:01.069	0.93680	0.93698			6
2025.06.30	01:31:02.991	0.93684	0.93709			6
2025.06.30	01:31:03.297		0.93708			4
2025.06.30	01:31:03.600		0.93709			4
2025.06.30	01:31:07.479	0.93683				2
2025.06.30	01:31:09.789	0.93680	0.93696			6
2025.06.30	01:31:10.091	0.93682	0.93707			6
2025.06.30	01:31:10.820	0.93679	0.93698			6
2025.06.30	01:31:11.138		0.93699			4
2025.06.30	01:31:11.473	0.93683	0.93701			6
2025.06.30	01:31:11.779	0.93684				2
2025.06.30	01:31:13.663	0.93685				2
2025.06.30	01:31:14.835	0.93684	0.93702			6
2025.06.30	01:31:15.145	0.93679	0.93698			6
2025.06.30	01:31:16.495	0.93677				2
2025.06.30	01:31:16.800	0.93684	0.93701			6
2025.06.30	01:31:17.150	0.93683	0.93702			6
2025.06.30	01:31:21.453	0.93684				2
2025.06.30	01:31:21.855	0.93683				2
2025.06.30	01:31:22.213	0.93684				2
2025.06.30	01:31:23.300	0.93677	0.93698			6
2025.06.30	01:31:23.973		0.93699			4
2025.06.30	01:31:24.325	0.93684	0.93700			6
2025.06.30	01:31:25.301	0.93680	0.93699			6
2025.06.30	01:31:25.876		0.93698			4
2025.06.30	01:31:26.184	0.93683	0.93700			6
2025.06.30	01:31:31.072	0.93680	0.93698			6
2025.06.30	01:31:32.209	0.93683	0.93699			6
2025.06.30	01:31:32.898	0.93680	0.93697			6
2025.06.30	01:31:33.240		0.93698			4
2025.06.30	01:31:33.914		0.93697			4
2025.06.30	01:31:34.218		0.93698			4
2025.06.30	01:31:34.527	0.93681				2
2025.06.30	01:31:34.831	0.93674	0.93695			6
2025.06.30	01:31:35.139		0.93697			4
2025.06.30	01:31:35.855		0.93695			4
2025.06.30	01:31:36.172		0.93697			4
2025.06.30	01:31:36.956	0.93683	0.93701			6
2025.06.30	01:31:38.082	0.93675	0.93697			6
2025.06.30	01:31:38.400	0.93680				2
2025.06.30	01:31:38.793	0.93681				2
2025.06.30	01:31:39.146	0.93684	0.93707			6
2025.06.30	01:31:39.486		0.93700			4
2025.06.30	01:31:39.800	0.93673	0.93696			6
2025.06.30	01:31:40.498	0.93684	0.93701			6
2025.06.30	01:31:41.427	0.93675	0.93696			6
2025.06.30	01:31:42.072		0.93697			4
2025.06.30	01:31:42.466		0.93696			4
2025.06.30	01:31:43.254		0.93697			4
2025.06.30	01:31:43.646		0.93696			4
2025.06.30	01:31:44.350		0.93697			4
2025.06.30	01:31:44.696		0.93696			4
2025.06.30	01:31:45.088	0.93683	0.93702			6
2025.06.30	01:31:46.166	0.93675	0.93697			6
2025.06.30	01:31:46.481	0.93676				2
2025.06.30	01:31:47.415	0.93680				2
2025.06.30	01:31:47.775	0.93679				2
2025.06.30	01:31:48.424	0.93680				2
2025.06.30	01:31:48.822	0.93679				2
2025.06.30	01:31:49.209	0.93678	0.93698			6
2025.06.30	01:31:49.665	0.93679	0.93697			6
2025.06.30	01:31:50.208	0.93684	0.93701			6
2025.06.30	01:31:54.330	0.93683				2
2025.06.30	01:31:54.639	0.93676	0.93691			6
2025.06.30	01:31:54.940		0.93696			4
2025.06.30	01:31:55.318	0.93674	0.93691			6
2025.06.30	01:31:55.662	0.93677	0.93699			6
2025.06.30	01:31:56.025	0.93676				2
2025.06.30	01:31:56.353	0.93677				2
2025.06.30	01:31:56.983		0.93696			4
2025.06.30	01:31:57.335	0.93678	0.93699			6
2025.06.30	01:31:57.641	0.93679				2
2025.06.30	01:31:58.079	0.93677				2
2025.06.30	01:31:58.738	0.93679	0.93698			6
2025.06.30	01:31:59.044	0.93677	0.93699			6
2025.06.30	01:31:59.391	0.93676				2
2025.06.30	01:31:59.699	0.93679	0.93698			6
2025.06.30	01:32:00.017	0.93677	0.93699			6
2025.06.30	01:32:00.319	0.93678				2
2025.06.30	01:32:00.632	0.93676	0.93692			6
2025.06.30	01:32:00.943	0.93669				2
2025.06.30	01:32:01.256		0.93691			4
2025.06.30	01:32:02.009	0.93678	0.93695			6
2025.06.30	01:32:02.316		0.93693			4
2025.06.30	01:32:02.663	0.93669	0.93691			6
2025.06.30	01:32:03.396	0.93678	0.93695			6
2025.06.30	01:32:03.699		0.93697			4
2025.06.30	01:32:04.031	0.93679	0.93696			6
2025.06.30	01:32:06.795	0.93678				2
2025.06.30	01:32:07.352	0.93679				2
2025.06.30	01:32:07.841	0.93678				2
2025.06.30	01:32:08.154	0.93679				2
2025.06.30	01:32:08.878	0.93678				2
2025.06.30	01:32:11.988		0.93697			4
2025.06.30	01:32:13.364		0.93696			4
2025.06.30	01:32:14.081	0.93679				2
2025.06.30	01:32:14.382	0.93672	0.93691			6
2025.06.30	01:32:14.699	0.93680	0.93696			6
2025.06.30	01:32:15.004	0.93683	0.93699			6
2025.06.30	01:32:15.377	0.93681	0.93697			6
2025.06.30	01:32:16.041	0.93682	0.93700			6
2025.06.30	01:32:16.348	0.93680	0.93698			6
2025.06.30	01:32:17.424		0.93696			4
2025.06.30	01:32:18.446		0.93700			4
2025.06.30	01:32:19.459		0.93696			4
2025.06.30	01:32:19.893	0.93681	0.93706			6
2025.06.30	01:32:20.379	0.93682	0.93704			6
2025.06.30	01:32:21.710		0.93705			4
2025.06.30	01:32:23.002		0.93702			4
2025.06.30	01:32:23.316	0.93683	0.93706			6
2025.06.30	01:32:23.619		0.93698			4
2025.06.30	01:32:23.921	0.93682	0.93703			6
2025.06.30	01:32:24.238	0.93683	0.93702			6
2025.06.30	01:32:24.893	0.93677	0.93696			6
2025.06.30	01:32:25.206	0.93681	0.93697			6
2025.06.30	01:32:26.038	0.93682	0.93703			6
2025.06.30	01:32:26.348	0.93681	0.93697			6
2025.06.30	01:32:26.663		0.93698			4
2025.06.30	01:32:27.342	0.93675	0.93694			6
2025.06.30	01:32:27.688		0.93693			4
2025.06.30	01:32:29.410		0.93694			4
2025.06.30	01:32:30.425		0.93693			4
2025.06.30	01:32:34.444		0.93692			4
2025.06.30	01:32:34.748		0.93694			4
2025.06.30	01:32:35.823	0.93676	0.93696			6
2025.06.30	01:32:36.141	0.93677	0.93695			6
2025.06.30	01:32:37.874	0.93676	0.93694			6
2025.06.30	01:32:38.181	0.93677				2
2025.06.30	01:32:38.584	0.93675				2
2025.06.30	01:32:38.914		0.93696			4
2025.06.30	01:32:39.219		0.93694			4
2025.06.30	01:32:39.583	0.93678				2
2025.06.30	01:32:40.275	0.93677	0.93695			6
2025.06.30	01:32:40.998	0.93676				2
2025.06.30	01:32:41.485	0.93678	0.93694			6
2025.06.30	01:32:41.798	0.93675	0.93695			6
2025.06.30	01:32:42.170		0.93694			4
2025.06.30	01:32:43.098	0.93677				2
2025.06.30	01:32:43.727	0.93675	0.93692			6
2025.06.30	01:32:44.041		0.93693			4
2025.06.30	01:32:44.382	0.93676				2
2025.06.30	01:32:45.206	0.93675				2
2025.06.30	01:32:45.540	0.93676				2
2025.06.30	01:32:51.302	0.93679	0.93695			6
2025.06.30	01:32:53.449	0.93675	0.93692			6
2025.06.30	01:32:53.759	0.93673	0.93694			6
2025.06.30	01:32:54.101	0.93675	0.93693			6
2025.06.30	01:32:54.471		0.93692			4
2025.06.30	01:32:54.849	0.93674	0.93693			6
2025.06.30	01:32:56.452	0.93675	0.93692			6
2025.06.30	01:32:56.773	0.93674	0.93693			6
2025.06.30	01:32:57.362	0.93673				2
2025.06.30	01:32:58.055	0.93674				2
2025.06.30	01:32:58.368	0.93673				2
2025.06.30	01:32:58.750	0.93674				2
2025.06.30	01:32:59.679	0.93673	0.93692			6
2025.06.30	01:33:00.049	0.93673	0.93693			6
2025.06.30	01:33:00.456	0.93675	0.93692			6
2025.06.30	01:33:01.417	0.93670	0.93690			6
2025.06.30	01:33:01.757	0.93671	0.93688			6
2025.06.30	01:33:02.061	0.93672	0.93691			6
2025.06.30	01:33:02.915	0.93673	0.93690			6
2025.06.30	01:33:03.220		0.93689			4
2025.06.30	01:33:03.521		0.93690			4
2025.06.30	01:33:03.932		0.93691			4
2025.06.30	01:33:04.604		0.93690			4
2025.06.30	01:33:05.298	0.93676				2
2025.06.30	01:33:05.601		0.93698			4
2025.06.30	01:33:06.362	0.93677	0.93694			6
2025.06.30	01:33:06.725		0.93698			4
2025.06.30	01:33:07.049	0.93676	0.93695			6
2025.06.30	01:33:07.364	0.93673	0.93690			6
2025.06.30	01:33:07.674	0.93672				2
2025.06.30	01:33:08.300	0.93675	0.93692			6
2025.06.30	01:33:08.637	0.93672	0.93691			6
2025.06.30	01:33:08.971	0.93674	0.93690			6
2025.06.30	01:33:09.356	0.93673				2
2025.06.30	01:33:09.680		0.93694			4
2025.06.30	01:33:10.001	0.93675	0.93692			6
2025.06.30	01:33:10.315	0.93678	0.93695			6
2025.06.30	01:33:11.581	0.93677				2
2025.06.30	01:33:11.891		0.93696			4
2025.06.30	01:33:12.205		0.93692			4
2025.06.30	01:33:12.519	0.93678	0.93695			6
2025.06.30	01:33:12.819	0.93675	0.93692			6
2025.06.30	01:33:13.516	0.93678	0.93695			6
2025.06.30	01:33:14.233	0.93673	0.93690			6
2025.06.30	01:33:14.555		0.93691			4
2025.06.30	01:33:15.234		0.93690			4
2025.06.30	01:33:15.541		0.93692			4
2025.06.30	01:33:16.236		0.93694			4
2025.06.30	01:33:16.543	0.93671	0.93690			6
2025.06.30	01:33:19.302		0.93691			4
2025.06.30	01:33:19.728		0.93690			4
2025.06.30	01:33:21.447	0.93673	0.93691			6
2025.06.30	01:33:21.778	0.93671				2
2025.06.30	01:33:22.089		0.93690			4
2025.06.30	01:33:22.422	0.93674	0.93691			6
2025.06.30	01:33:26.380	0.93671				2
2025.06.30	01:33:26.727	0.93674				2
2025.06.30	01:33:27.058	0.93671				2
2025.06.30	01:33:27.804	0.93674				2
2025.06.30	01:33:30.859	0.93678	0.93695			6
2025.06.30	01:33:31.163	0.93677	0.93698			6
2025.06.30	01:33:31.479	0.93678	0.93695			6
2025.06.30	01:33:31.861	0.93675	0.93692			6
2025.06.30	01:33:32.270	0.93678	0.93695			6
2025.06.30	01:33:32.581	0.93675	0.93693			6
2025.06.30	01:33:33.034	0.93676	0.93697			6
2025.06.30	01:33:33.377	0.93678	0.93698			6
2025.06.30	01:33:33.714	0.93677	0.93694			6
2025.06.30	01:33:34.020		0.93699			4
2025.06.30	01:33:34.433	0.93678	0.93698			6
2025.06.30	01:33:34.850	0.93679	0.93697			6
2025.06.30	01:33:35.174	0.93673	0.93693			6
2025.06.30	01:33:35.534	0.93677	0.93698			6
2025.06.30	01:33:35.848		0.93699			4
2025.06.30	01:33:36.180	0.93670	0.93691			6
2025.06.30	01:33:36.698	0.93672				2
2025.06.30	01:33:37.103	0.93675	0.93692			6
2025.06.30	01:33:37.403	0.93673	0.93693			6
2025.06.30	01:33:37.784	0.93675	0.93692			6
2025.06.30	01:33:38.160	0.93674				2
2025.06.30	01:33:38.464	0.93670	0.93691			6
2025.06.30	01:33:39.083	0.93671				2
2025.06.30	01:33:39.502	0.93675	0.93692			6
2025.06.30	01:33:39.826	0.93674				2
2025.06.30	01:33:40.160	0.93675				2
2025.06.30	01:33:40.468	0.93672	0.93691			6
2025.06.30	01:33:40.895	0.93675	0.93692			6
2025.06.30	01:33:41.212	0.93672				2
2025.06.30	01:33:41.574	0.93671	0.93691			6
2025.06.30	01:33:41.878	0.93673				2
2025.06.30	01:33:42.205	0.93672				2
2025.06.30	01:33:42.529	0.93675	0.93692			6
2025.06.30	01:33:42.832	0.93677	0.93697			6
2025.06.30	01:33:43.553	0.93676	0.93693			6
2025.06.30	01:33:43.897		0.93699			4
2025.06.30	01:33:44.200	0.93675	0.93692			6
2025.06.30	01:33:44.558	0.93678	0.93699			6
2025.06.30	01:33:45.198	0.93679	0.93698			6
2025.06.30	01:33:45.674	0.93678	0.93699			6
2025.06.30	01:33:46.069	0.93677	0.93700			6
2025.06.30	01:33:46.857	0.93678	0.93699			6
2025.06.30	01:33:47.722	0.93679	0.93698			6
2025.06.30	01:33:48.080	0.93678	0.93699			6
2025.06.30	01:33:49.114		0.93698			4
2025.06.30	01:33:49.481	0.93679	0.93697			6
2025.06.30	01:33:49.840	0.93678				2
2025.06.30	01:33:50.276	0.93676				2
2025.06.30	01:33:51.392	0.93673				2
2025.06.30	01:33:51.700	0.93676	0.93698			6
2025.06.30	01:33:52.076	0.93670	0.93699			6
2025.06.30	01:33:52.380	0.93672	0.93689			6
2025.06.30	01:33:53.401	0.93669	0.93686			6
2025.06.30	01:33:53.719	0.93671	0.93688			6
2025.06.30	01:33:54.023	0.93665	0.93684			6
2025.06.30	01:33:54.351	0.93669	0.93686			6
2025.06.30	01:33:55.058	0.93665	0.93683			6
2025.06.30	01:33:55.389	0.93667	0.93684			6
2025.06.30	01:33:55.699	0.93669	0.93686			6
2025.06.30	01:33:57.124	0.93667	0.93684			6
2025.06.30	01:33:57.490	0.93664				2
2025.06.30	01:33:58.007		0.93683			4
2025.06.30	01:33:58.324		0.93684			4
2025.06.30	01:33:58.834		0.93683			4
2025.06.30	01:33:59.167		0.93682			4
2025.06.30	01:33:59.524		0.93683			4
2025.06.30	01:34:00.106	0.93664				2
2025.06.30	01:34:02.343	0.93663				2
2025.06.30	01:34:02.662	0.93669	0.93686			6
2025.06.30	01:34:03.010	0.93664	0.93682			6
2025.06.30	01:34:03.638		0.93683			4
2025.06.30	01:34:04.050	0.93668	0.93685			6
2025.06.30	01:34:04.356	0.93669				2
2025.06.30	01:34:04.667		0.93689			4
2025.06.30	01:34:05.018	0.93670	0.93688			6
2025.06.30	01:34:05.325	0.93669	0.93690			6
2025.06.30	01:34:05.708	0.93670	0.93688			6
2025.06.30	01:34:06.330	0.93668	0.93690			6
2025.06.30	01:34:06.718	0.93669	0.93689			6
2025.06.30	01:34:07.182	0.93670				2
2025.06.30	01:34:07.484	0.93669	0.93690			6
2025.06.30	01:34:08.058	0.93670	0.93688			6
2025.06.30	01:34:08.377	0.93669	0.93689			6
2025.06.30	01:34:09.276	0.93670				2
2025.06.30	01:34:09.669	0.93669				2
2025.06.30	01:34:10.010	0.93670				2
2025.06.30	01:34:10.703	0.93669				2
2025.06.30	01:34:12.555	0.93668	0.93690			6
2025.06.30	01:34:13.029	0.93669	0.93689			6
2025.06.30	01:34:13.334		0.93688			4
2025.06.30	01:34:13.697	0.93668	0.93689			6
2025.06.30	01:34:14.038	0.93669				2
2025.06.30	01:34:14.659	0.93668	0.93690			6
2025.06.30	01:34:15.011	0.93669	0.93689			6
2025.06.30	01:34:15.362		0.93688			4
2025.06.30	01:34:15.681	0.93668	0.93690			6
2025.06.30	01:34:16.049	0.93669	0.93689			6
2025.06.30	01:34:19.758	0.93668	0.93690			6
2025.06.30	01:34:20.120	0.93669	0.93689			6
2025.06.30	01:34:20.451	0.93667	0.93685			6
2025.06.30	01:34:20.772	0.93665	0.93682			6
2025.06.30	01:34:22.125	0.93666	0.93683			6
2025.06.30	01:34:28.692	0.93667	0.93684			6
2025.06.30	01:34:29.003	0.93668				2
2025.06.30	01:34:29.349	0.93667	0.93683			6
2025.06.30	01:34:41.056	0.93666				2
2025.06.30	01:34:46.355	0.93665	0.93682			6
2025.06.30	01:34:46.683	0.93666	0.93683			6
2025.06.30	01:34:46.992	0.93662	0.93682			6
2025.06.30	01:34:47.482		0.93681			4
2025.06.30	01:34:47.786	0.93665				2
2025.06.30	01:34:49.750	0.93664	0.93682			6
2025.06.30	01:34:51.909		0.93681			4
2025.06.30	01:34:52.284		0.93682			4
2025.06.30	01:34:54.304	0.93666				2
2025.06.30	01:34:55.396		0.93683			4
2025.06.30	01:34:57.994	0.93663	0.93680			6
2025.06.30	01:34:58.423	0.93665	0.93682			6
2025.06.30	01:35:00.407	0.93665				2
2025.06.30	01:35:00.724	0.93664	0.93683			6
2025.06.30	01:35:02.569	0.93665	0.93682			6
2025.06.30	01:35:02.881	0.93662	0.93681			6
2025.06.30	01:35:03.572	0.93663				2
2025.06.30	01:35:03.885		0.93682			4
2025.06.30	01:35:04.186		0.93683			4
2025.06.30	01:35:06.361		0.93682			4
2025.06.30	01:35:06.905		0.93681			4
2025.06.30	01:35:07.230		0.93682			4
2025.06.30	01:35:07.765		0.93680			4
2025.06.30	01:35:08.155		0.93682			4
2025.06.30	01:35:09.171		0.93681			4
2025.06.30	01:35:09.566		0.93682			4
2025.06.30	01:35:09.956	0.93667	0.93686			6
2025.06.30	01:35:10.284	0.93668	0.93685			6
2025.06.30	01:35:12.346		0.93684			4
2025.06.30	01:35:12.657		0.93689			4
2025.06.30	01:35:12.974	0.93665	0.93682			6
2025.06.30	01:35:13.790	0.93666	0.93683			6
2025.06.30	01:35:14.129	0.93665	0.93681			6
2025.06.30	01:35:14.807	0.93663	0.93682			6
2025.06.30	01:35:15.122	0.93665				2
2025.06.30	01:35:15.437	0.93664	0.93684			6
2025.06.30	01:35:16.303	0.93663	0.93683			6
2025.06.30	01:35:16.604	0.93665	0.93684			6
2025.06.30	01:35:17.289	0.93666				2
2025.06.30	01:35:17.600		0.93682			4
2025.06.30	01:35:17.904	0.93670	0.93687			6
2025.06.30	01:35:18.613	0.93666	0.93683			6
2025.06.30	01:35:18.920	0.93669	0.93686			6
2025.06.30	01:35:20.840	0.93670	0.93687			6
2025.06.30	01:35:21.495	0.93671	0.93688			6
2025.06.30	01:35:27.921	0.93670				2
2025.06.30	01:35:28.318	0.93671				2
2025.06.30	01:35:31.198	0.93670	0.93687			6
2025.06.30	01:35:34.903	0.93671	0.93688			6
2025.06.30	01:35:35.207	0.93670				2
2025.06.30	01:35:35.589		0.93687			4
2025.06.30	01:35:36.238		0.93688			4
2025.06.30	01:35:36.624	0.93671	0.93687			6
2025.06.30	01:35:37.078	0.93666	0.93683			6
2025.06.30	01:35:42.335		0.93682			4
2025.06.30	01:35:43.598		0.93683			4
2025.06.30	01:35:46.859	0.93665	0.93684			6
2025.06.30	01:35:47.180		0.93682			4
2025.06.30	01:35:48.164		0.93684			4
2025.06.30	01:35:48.539		0.93683			4
2025.06.30	01:35:49.203		0.93684			4
2025.06.30	01:35:49.570		0.93683			4
2025.06.30	01:35:50.239	0.93666	0.93681			6
2025.06.30	01:35:50.549	0.93665	0.93682			6
2025.06.30	01:35:51.031	0.93666				2
2025.06.30	01:35:52.434		0.93681			4
2025.06.30	01:35:52.776		0.93682			4
2025.06.30	01:35:53.080		0.93681			4
2025.06.30	01:35:56.560		0.93682			4
2025.06.30	01:35:56.981		0.93681			4
2025.06.30	01:35:57.300	0.93665	0.93682			6
2025.06.30	01:35:58.087		0.93680			4
2025.06.30	01:35:58.399	0.93666	0.93681			6
2025.06.30	01:35:59.959	0.93665				2
2025.06.30	01:36:00.342	0.93665				2
2025.06.30	01:36:01.760	0.93666				2
2025.06.30	01:36:03.196		0.93680			4
2025.06.30	01:36:04.590		0.93681			4
2025.06.30	01:36:05.977	0.93667				2
2025.06.30	01:36:06.352	0.93666				2
2025.06.30	01:36:06.702	0.93667	0.93682			6
2025.06.30	01:36:07.335	0.93661				2
2025.06.30	01:36:11.204		0.93681			4
2025.06.30	01:36:11.601	0.93665				2
2025.06.30	01:36:11.996	0.93666				2
2025.06.30	01:36:13.924		0.93682			4
2025.06.30	01:36:14.550	0.93665	0.93680			6
2025.06.30	01:36:15.269	0.93666	0.93681			6
