<DATE>	<TIME>	<BID>	<ASK>	<LAST>	<VOLUME>	<FLAGS>
2025.03.20	00:00:00.004	0.95622	0.95763			6
2025.03.20	00:00:00.314	0.95647	0.95713			6
2025.03.20	00:00:01.322	0.95599	0.95768			6
2025.03.20	00:00:02.027	0.95610				2
2025.03.20	00:00:31.459	0.95609	0.95766			6
2025.03.20	00:00:47.060		0.95765			4
2025.03.20	00:01:01.475	0.95609				2
2025.03.20	00:01:45.810	0.95606				2
2025.03.20	00:02:02.315	0.95606	0.95765			6
2025.03.20	00:02:23.967	0.95638	0.95766			6
2025.03.20	00:02:59.298	0.95649				2
2025.03.20	00:03:00.452	0.95649				2
2025.03.20	00:03:25.252		0.95766			4
2025.03.20	00:03:32.966	0.95667				2
2025.03.20	00:04:11.481	0.95667				2
2025.03.20	00:04:13.040	0.95638	0.95765			6
2025.03.20	00:04:14.357	0.95617				2
2025.03.20	00:04:37.581	0.95606				2
2025.03.20	00:04:54.921	0.95621				2
2025.03.20	00:05:00.565	0.95621				2
2025.03.20	00:05:14.923		0.95765			4
2025.03.20	00:05:32.573		0.95766			4
2025.03.20	00:06:00.091	0.95621				2
2025.03.20	00:06:18.231	0.95630				2
2025.03.20	00:06:27.574		0.95765			4
2025.03.20	00:07:07.655	0.95630				2
2025.03.20	00:07:28.388		0.95765			4
2025.03.20	00:08:03.076	0.95630				2
2025.03.20	00:08:31.381		0.95754			4
2025.03.20	00:08:41.173	0.95644				2
2025.03.20	00:09:01.147	0.95652				2
2025.03.20	00:09:41.473		0.95754			4
2025.03.20	00:10:00.364	0.95652				2
2025.03.20	00:10:11.859	0.95631	0.95752			6
2025.03.20	00:10:25.484	0.95632	0.95753			6
2025.03.20	00:10:25.787	0.95623	0.95744			6
2025.03.20	00:10:31.534	0.95625	0.95746			6
2025.03.20	00:10:49.979	0.95621	0.95742			6
2025.03.20	00:10:53.001	0.95622	0.95743			6
2025.03.20	00:10:55.723	0.95620	0.95741			6
2025.03.20	00:11:00.259	0.95620				2
2025.03.20	00:11:03.890	0.95613	0.95734			6
2025.03.20	00:11:06.006	0.95638	0.95735			6
2025.03.20	00:11:11.851	0.95614				2
2025.03.20	00:11:12.161	0.95609	0.95730			6
2025.03.20	00:11:12.462	0.95638	0.95731			6
2025.03.20	00:11:18.583	0.95610				2
2025.03.20	00:11:19.220	0.95638				2
2025.03.20	00:11:20.038		0.95727			4
2025.03.20	00:11:25.208	0.95608	0.95729			6
2025.03.20	00:11:25.826	0.95638	0.95727			6
2025.03.20	00:11:31.869	0.95608	0.95729			6
2025.03.20	00:11:32.787	0.95638	0.95727			6
2025.03.20	00:11:38.518	0.95608	0.95729			6
2025.03.20	00:11:39.142	0.95638	0.95726			6
2025.03.20	00:11:44.764	0.95636	0.95722			6
2025.03.20	00:11:58.904		0.95721			4
2025.03.20	00:12:00.598	0.95636				2
2025.03.20	00:12:29.194		0.95720			4
2025.03.20	00:12:39.396		0.95719			4
2025.03.20	00:12:44.826	0.95635				2
2025.03.20	00:12:45.393		0.95718			4
2025.03.20	00:12:55.894		0.95719			4
2025.03.20	00:13:00.596	0.95635				2
2025.03.20	00:13:04.901		0.95718			4
2025.03.20	00:13:50.689		0.95721			4
2025.03.20	00:13:57.584		0.95727			4
2025.03.20	00:14:00.093	0.95635				2
2025.03.20	00:14:01.173	0.95638				2
2025.03.20	00:14:09.818		0.95729			4
2025.03.20	00:14:10.344		0.95730			4
2025.03.20	00:14:15.026		0.95729			4
2025.03.20	00:14:32.868		0.95735			4
2025.03.20	00:14:55.494		0.95733			4
2025.03.20	00:15:00.306	0.95638				2
2025.03.20	00:15:11.343		0.95734			4
2025.03.20	00:15:15.711		0.95731			4
2025.03.20	00:15:22.598		0.95740			4
2025.03.20	00:15:54.326		0.95746			4
2025.03.20	00:15:56.212	0.95608	0.95755			6
2025.03.20	00:16:00.097	0.95608	0.95760			6
2025.03.20	00:17:01.297	0.95608	0.95760			6
2025.03.20	00:17:08.853		0.95765			4
2025.03.20	00:18:01.294	0.95608				2
2025.03.20	00:18:09.091		0.95765			4
2025.03.20	00:19:02.194	0.95608				2
2025.03.20	00:19:11.475		0.95765			4
2025.03.20	00:20:01.472	0.95608				2
2025.03.20	00:20:13.294		0.95765			4
2025.03.20	00:21:00.665	0.95608				2
2025.03.20	00:21:14.639		0.95765			4
2025.03.20	00:21:37.896	0.95609				2
2025.03.20	00:21:48.058	0.95608				2
2025.03.20	00:21:55.762	0.95610				2
2025.03.20	00:22:02.498	0.95610				2
2025.03.20	00:22:04.050	0.95608				2
2025.03.20	00:22:08.209	0.95611				2
2025.03.20	00:22:15.997		0.95765			4
2025.03.20	00:22:28.900	0.95612				2
2025.03.20	00:22:45.695	0.95613				2
2025.03.20	00:22:53.387	0.95612				2
2025.03.20	00:22:54.095	0.95613				2
2025.03.20	00:23:04.002	0.95613				2
2025.03.20	00:23:12.095	0.95614				2
2025.03.20	00:23:20.594		0.95765			4
2025.03.20	00:24:00.414	0.95615				2
2025.03.20	00:24:18.490	0.95616				2
2025.03.20	00:24:22.727	0.95615	0.95765			6
2025.03.20	00:24:33.432	0.95614				2
2025.03.20	00:24:41.193	0.95615				2
2025.03.20	00:24:44.190	0.95616				2
2025.03.20	00:24:51.647	0.95615				2
2025.03.20	00:24:52.593	0.95616				2
2025.03.20	00:25:00.317	0.95616				2
2025.03.20	00:25:01.894	0.95617				2
2025.03.20	00:25:21.416	0.95616				2
2025.03.20	00:25:28.894		0.95765			4
2025.03.20	00:25:33.725	0.95617				2
2025.03.20	00:25:43.819	0.95620				2
2025.03.20	00:25:54.394	0.95621				2
2025.03.20	00:25:59.337		0.95769			4
2025.03.20	00:26:00.998	0.95621				2
2025.03.20	00:26:30.452	0.95620				2
2025.03.20	00:26:32.476	0.95621				2
2025.03.20	00:26:36.426	0.95622				2
2025.03.20	00:26:37.606	0.95621				2
2025.03.20	00:26:44.493	0.95622				2
2025.03.20	00:26:47.525	0.95621				2
2025.03.20	00:26:48.984	0.95622				2
2025.03.20	00:26:54.338		0.95766			4
2025.03.20	00:26:57.100	0.95623				2
2025.03.20	00:27:00.393	0.95623				2
2025.03.20	00:27:18.393	0.95624				2
2025.03.20	00:27:49.341		0.95765			4
2025.03.20	00:27:55.790	0.95625				2
2025.03.20	00:27:58.604	0.95626				2
2025.03.20	00:28:00.998	0.95626				2
2025.03.20	00:28:11.176	0.95627				2
2025.03.20	00:28:26.195	0.95628				2
2025.03.20	00:28:27.456	0.95625				2
2025.03.20	00:28:34.930	0.95624				2
2025.03.20	00:28:39.921	0.95626				2
2025.03.20	00:28:40.584	0.95627				2
2025.03.20	00:28:44.193		0.95766			4
2025.03.20	00:29:03.396	0.95627				2
2025.03.20	00:29:06.398	0.95628				2
2025.03.20	00:29:39.343	0.95627	0.95765			6
2025.03.20	00:29:40.907	0.95628				2
2025.03.20	00:29:41.473	0.95629				2
2025.03.20	00:29:44.650	0.95628				2
2025.03.20	00:29:55.411	0.95629				2
2025.03.20	00:30:00.310	0.95626				2
2025.03.20	00:30:03.372	0.95627				2
2025.03.20	00:30:06.693	0.95628				2
2025.03.20	00:30:13.735	0.95626	0.95754			6
2025.03.20	00:30:14.074	0.95625	0.95765			6
2025.03.20	00:30:17.908	0.95628	0.95750			6
2025.03.20	00:30:18.456	0.95627				2
2025.03.20	00:30:36.095	0.95628				2
2025.03.20	00:30:36.649	0.95626	0.95754			6
2025.03.20	00:30:50.878	0.95629	0.95751			6
2025.03.20	00:31:01.596	0.95629				2
2025.03.20	00:31:15.993	0.95630				2
2025.03.20	00:31:40.594	0.95631				2
2025.03.20	00:31:45.697	0.95632				2
2025.03.20	00:31:51.999		0.95751			4
2025.03.20	00:31:55.317	0.95633				2
2025.03.20	00:32:00.329	0.95633				2
2025.03.20	00:32:06.993	0.95634				2
2025.03.20	00:32:40.890		0.95754			4
2025.03.20	00:32:43.000	0.95635				2
2025.03.20	00:32:46.332	0.95634				2
2025.03.20	00:32:49.944	0.95635	0.95792			6
2025.03.20	00:32:51.135		0.95803			4
2025.03.20	00:32:53.793	0.95636				2
2025.03.20	00:33:00.168	0.95636				2
2025.03.20	00:33:17.605		0.95812			4
2025.03.20	00:33:20.966		0.95825			4
2025.03.20	00:33:25.733	0.95642				2
2025.03.20	00:33:26.047	0.95636	0.95804			6
2025.03.20	00:33:50.212	0.95642				2
2025.03.20	00:33:50.527	0.95636				2
2025.03.20	00:34:03.095	0.95636				2
2025.03.20	00:34:08.358	0.95626				2
2025.03.20	00:34:26.097		0.95804			4
2025.03.20	00:35:00.756	0.95626				2
2025.03.20	00:35:14.798	0.95627				2
2025.03.20	00:35:17.794	0.95628				2
2025.03.20	00:35:18.112	0.95629				2
2025.03.20	00:35:19.499	0.95627				2
2025.03.20	00:35:20.911	0.95626				2
2025.03.20	00:35:21.225	0.95627				2
2025.03.20	00:35:23.216	0.95628				2
2025.03.20	00:35:26.353		0.95804			4
2025.03.20	00:35:27.148	0.95626				2
2025.03.20	00:35:35.142	0.95609				2
2025.03.20	00:35:36.675	0.95626				2
2025.03.20	00:35:55.646	0.95643				2
2025.03.20	00:35:57.096	0.95646				2
2025.03.20	00:35:57.432	0.95642				2
2025.03.20	00:35:57.745	0.95641				2
2025.03.20	00:35:58.597	0.95642				2
2025.03.20	00:36:00.369	0.95644				2
2025.03.20	00:36:01.296	0.95645				2
2025.03.20	00:36:02.008	0.95643				2
2025.03.20	00:36:04.295	0.95644				2
2025.03.20	00:36:07.081	0.95654				2
2025.03.20	00:36:08.497	0.95655				2
2025.03.20	00:36:09.508	0.95643	0.95799			6
2025.03.20	00:36:09.997	0.95644				2
2025.03.20	00:36:11.048	0.95645				2
2025.03.20	00:36:12.811	0.95641				2
2025.03.20	00:36:15.627	0.95643				2
2025.03.20	00:36:17.011	0.95646				2
2025.03.20	00:36:18.094	0.95647				2
2025.03.20	00:36:19.687	0.95645				2
2025.03.20	00:36:20.595	0.95634				2
2025.03.20	00:36:36.395	0.95633				2
2025.03.20	00:37:00.499	0.95633				2
2025.03.20	00:37:00.995	0.95634				2
2025.03.20	00:37:03.950	0.95633				2
2025.03.20	00:37:10.294		0.95799			4
2025.03.20	00:37:17.797	0.95634				2
2025.03.20	00:37:30.994	0.95639				2
2025.03.20	00:37:47.148	0.95648				2
2025.03.20	00:37:47.494	0.95647				2
2025.03.20	00:37:52.908	0.95653				2
2025.03.20	00:37:53.559	0.95649	0.95782			6
2025.03.20	00:37:53.992	0.95643				2
2025.03.20	00:37:54.310	0.95646				2
2025.03.20	00:38:00.094	0.95646				2
2025.03.20	00:38:01.484	0.95644				2
2025.03.20	00:38:05.797	0.95645				2
2025.03.20	00:38:09.105	0.95644				2
2025.03.20	00:38:09.920	0.95646				2
2025.03.20	00:38:16.865	0.95644				2
2025.03.20	00:38:38.975	0.95638				2
2025.03.20	00:38:51.429	0.95645				2
2025.03.20	00:38:52.841	0.95643				2
2025.03.20	00:38:54.101		0.95782			4
2025.03.20	00:38:54.844	0.95644				2
2025.03.20	00:39:00.240	0.95644				2
2025.03.20	00:39:07.063	0.95642				2
2025.03.20	00:39:09.412	0.95644				2
2025.03.20	00:39:13.038	0.95643				2
2025.03.20	00:39:14.188	0.95642				2
2025.03.20	00:39:17.201	0.95641				2
2025.03.20	00:39:23.121	0.95644				2
2025.03.20	00:39:24.711	0.95642				2
2025.03.20	00:39:26.451	0.95637				2
2025.03.20	00:39:27.233	0.95633				2
2025.03.20	00:39:27.797	0.95634				2
2025.03.20	00:39:28.416	0.95633				2
2025.03.20	00:39:29.307	0.95634				2
2025.03.20	00:39:30.055	0.95633				2
2025.03.20	00:39:33.193	0.95635				2
2025.03.20	00:39:34.366	0.95634				2
2025.03.20	00:39:36.564	0.95644				2
2025.03.20	00:39:48.863	0.95653				2
2025.03.20	00:39:49.366	0.95646				2
2025.03.20	00:39:49.940	0.95648				2
2025.03.20	00:39:55.296		0.95782			4
2025.03.20	00:40:00.382	0.95648				2
2025.03.20	00:40:01.596	0.95649				2
2025.03.20	00:40:02.169	0.95647				2
2025.03.20	00:40:04.596	0.95648				2
2025.03.20	00:40:05.387	0.95645				2
2025.03.20	00:40:05.693	0.95648				2
2025.03.20	00:40:12.024	0.95649				2
2025.03.20	00:40:13.594	0.95650				2
2025.03.20	00:40:18.087	0.95649				2
2025.03.20	00:40:21.005	0.95651				2
2025.03.20	00:40:29.660	0.95652				2
2025.03.20	00:40:36.996	0.95651				2
2025.03.20	00:40:43.297	0.95649				2
2025.03.20	00:40:43.606	0.95650				2
2025.03.20	00:40:48.920	0.95647				2
2025.03.20	00:40:57.998		0.95782			4
2025.03.20	00:41:00.397	0.95647				2
2025.03.20	00:41:28.791	0.95641				2
2025.03.20	00:41:58.297		0.95782			4
2025.03.20	00:42:01.477	0.95641				2
2025.03.20	00:42:27.895	0.95654				2
2025.03.20	00:42:28.349	0.95653				2
2025.03.20	00:42:30.598	0.95651				2
2025.03.20	00:42:37.129	0.95648				2
2025.03.20	00:42:38.495	0.95649				2
2025.03.20	00:42:40.600	0.95648				2
2025.03.20	00:42:43.896	0.95647				2
2025.03.20	00:42:45.033	0.95628				2
2025.03.20	00:42:48.665	0.95629				2
2025.03.20	00:42:49.932	0.95640				2
2025.03.20	00:42:58.847		0.95782			4
2025.03.20	00:43:00.964	0.95640				2
2025.03.20	00:43:59.157		0.95782			4
2025.03.20	00:44:00.319	0.95640				2
2025.03.20	00:44:07.973	0.95652				2
2025.03.20	00:44:13.581	0.95648				2
2025.03.20	00:44:14.409	0.95649				2
2025.03.20	00:44:14.767	0.95651				2
2025.03.20	00:44:15.224	0.95654				2
2025.03.20	00:44:15.618	0.95645				2
2025.03.20	00:44:19.106	0.95644				2
2025.03.20	00:44:21.474	0.95649				2
2025.03.20	00:44:21.788	0.95650				2
2025.03.20	00:44:22.359	0.95651				2
2025.03.20	00:44:22.704	0.95645				2
2025.03.20	00:44:23.597	0.95646				2
2025.03.20	00:44:24.745	0.95644				2
2025.03.20	00:44:25.077	0.95646				2
2025.03.20	00:44:28.307	0.95659				2
2025.03.20	00:44:28.621	0.95650				2
2025.03.20	00:44:29.619	0.95660				2
2025.03.20	00:44:30.318	0.95664				2
2025.03.20	00:44:30.630	0.95659				2
2025.03.20	00:44:31.006	0.95657	0.95799			6
2025.03.20	00:44:31.577	0.95661				2
2025.03.20	00:44:34.140	0.95659				2
2025.03.20	00:44:34.619	0.95656				2
2025.03.20	00:44:35.530	0.95650				2
2025.03.20	00:44:36.562	0.95652				2
2025.03.20	00:44:44.608	0.95657				2
2025.03.20	00:44:48.920	0.95652				2
2025.03.20	00:44:49.625	0.95649				2
2025.03.20	00:44:50.621	0.95652				2
2025.03.20	00:44:52.402	0.95657				2
2025.03.20	00:44:53.632	0.95656				2
2025.03.20	00:44:54.621	0.95658				2
2025.03.20	00:44:55.383	0.95656				2
2025.03.20	00:44:56.621	0.95658				2
2025.03.20	00:44:59.721	0.95654				2
2025.03.20	00:45:00.396	0.95659				2
2025.03.20	00:45:02.175	0.95646	0.95769			6
2025.03.20	00:45:02.792	0.95645	0.95768			6
2025.03.20	00:45:03.396	0.95643	0.95766			6
2025.03.20	00:45:03.702	0.95638	0.95761			6
2025.03.20	00:45:04.306	0.95649	0.95799			6
2025.03.20	00:45:04.631	0.95648				2
2025.03.20	00:45:06.581	0.95647				2
2025.03.20	00:45:09.538	0.95664	0.95781			6
2025.03.20	00:45:11.741		0.95764			4
2025.03.20	00:45:12.212	0.95663				2
2025.03.20	00:45:17.060	0.95662				2
2025.03.20	00:45:17.407	0.95663				2
2025.03.20	00:45:25.248	0.95664				2
2025.03.20	00:45:34.987	0.95665				2
2025.03.20	00:45:36.187	0.95666				2
2025.03.20	00:45:36.873	0.95675				2
2025.03.20	00:45:38.698	0.95678				2
2025.03.20	00:45:45.075	0.95676				2
2025.03.20	00:45:53.199	0.95675				2
2025.03.20	00:45:56.727	0.95680				2
2025.03.20	00:46:00.307	0.95680				2
2025.03.20	00:46:01.394	0.95665	0.95752			6
2025.03.20	00:46:03.553	0.95681	0.95764			6
2025.03.20	00:46:06.076	0.95673				2
2025.03.20	00:46:07.018	0.95671	0.95767			6
2025.03.20	00:46:08.805	0.95668				2
2025.03.20	00:46:12.429		0.95772			4
2025.03.20	00:46:13.518	0.95651	0.95764			6
2025.03.20	00:46:14.020	0.95648				2
2025.03.20	00:46:14.384	0.95649				2
2025.03.20	00:46:15.848	0.95658				2
2025.03.20	00:46:16.356	0.95657				2
2025.03.20	00:46:16.667	0.95666	0.95766			6
2025.03.20	00:46:17.630	0.95665				2
2025.03.20	00:46:25.628	0.95666				2
2025.03.20	00:46:30.995	0.95665				2
2025.03.20	00:46:31.892		0.95765			4
2025.03.20	00:46:41.548	0.95664				2
2025.03.20	00:47:00.529	0.95664				2
2025.03.20	00:47:02.120	0.95653	0.95738			6
2025.03.20	00:47:04.238	0.95664	0.95765			6
2025.03.20	00:47:10.686	0.95665				2
2025.03.20	00:47:12.629	0.95664	0.95764			6
2025.03.20	00:47:20.716	0.95652				2
2025.03.20	00:47:23.121	0.95664				2
2025.03.20	00:47:27.396	0.95663				2
2025.03.20	00:47:28.861	0.95664				2
2025.03.20	00:47:31.478	0.95665				2
2025.03.20	00:47:31.786	0.95659				2
2025.03.20	00:47:32.640	0.95664				2
2025.03.20	00:47:34.834	0.95667				2
2025.03.20	00:47:41.816	0.95668				2
2025.03.20	00:47:45.027	0.95641				2
2025.03.20	00:47:45.397	0.95668				2
2025.03.20	00:47:46.087	0.95667				2
2025.03.20	00:47:48.500	0.95672				2
2025.03.20	00:47:56.420	0.95673				2
2025.03.20	00:48:00.597	0.95673				2
2025.03.20	00:48:03.538	0.95648				2
2025.03.20	00:48:04.353	0.95658				2
2025.03.20	00:48:09.687	0.95653	0.95769			6
2025.03.20	00:48:10.009	0.95669				2
2025.03.20	00:48:10.872		0.95767			4
2025.03.20	00:48:11.198	0.95663				2
2025.03.20	00:48:11.507	0.95664				2
2025.03.20	00:48:14.845	0.95663				2
2025.03.20	00:48:18.046	0.95666				2
2025.03.20	00:48:18.636	0.95665				2
2025.03.20	00:48:24.518	0.95668				2
2025.03.20	00:48:28.879	0.95674				2
2025.03.20	00:48:32.078	0.95677				2
2025.03.20	00:48:40.997	0.95679				2
2025.03.20	00:48:46.040	0.95662				2
2025.03.20	00:48:46.357		0.95764			4
2025.03.20	00:48:47.523	0.95661				2
2025.03.20	00:48:48.497	0.95660				2
2025.03.20	00:48:51.055	0.95659				2
2025.03.20	00:48:53.199	0.95660				2
2025.03.20	00:48:53.910	0.95659				2
2025.03.20	00:49:00.107	0.95660				2
2025.03.20	00:49:21.696	0.95646	0.95763			6
2025.03.20	00:49:22.934	0.95658	0.95764			6
2025.03.20	00:49:24.695	0.95657				2
2025.03.20	00:49:31.897	0.95658				2
2025.03.20	00:49:46.947	0.95661				2
2025.03.20	00:49:50.316	0.95663	0.95769			6
2025.03.20	00:49:50.649	0.95662	0.95764			6
2025.03.20	00:49:55.108	0.95660				2
2025.03.20	00:50:02.067	0.95660				2
2025.03.20	00:50:10.576	0.95657				2
2025.03.20	00:50:23.144	0.95656				2
2025.03.20	00:50:39.892	0.95655				2
2025.03.20	00:50:54.031		0.95764			4
2025.03.20	00:51:00.096	0.95656				2
2025.03.20	00:51:39.991	0.95652				2
2025.03.20	00:51:54.032		0.95764			4
2025.03.20	00:51:54.731	0.95657				2
2025.03.20	00:52:00.384	0.95653				2
2025.03.20	00:52:04.343	0.95654				2
2025.03.20	00:52:43.440	0.95665				2
2025.03.20	00:52:44.075	0.95663				2
2025.03.20	00:52:48.928	0.95662				2
2025.03.20	00:52:57.595		0.95764			4
2025.03.20	00:53:00.089	0.95662				2
2025.03.20	00:53:02.015	0.95658				2
2025.03.20	00:53:10.626	0.95659				2
2025.03.20	00:53:14.793	0.95658				2
2025.03.20	00:53:19.893	0.95659				2
2025.03.20	00:53:28.895	0.95658				2
2025.03.20	00:53:34.601	0.95659				2
2025.03.20	00:53:58.596		0.95764			4
2025.03.20	00:54:03.144	0.95659				2
2025.03.20	00:54:12.394	0.95660				2
2025.03.20	00:54:23.384	0.95665				2
2025.03.20	00:54:28.410	0.95660				2
2025.03.20	00:54:29.717	0.95661				2
2025.03.20	00:54:34.896	0.95660				2
2025.03.20	00:54:43.831	0.95661				2
2025.03.20	00:54:46.907	0.95662				2
2025.03.20	00:54:59.522		0.95771			4
2025.03.20	00:55:01.233	0.95662				2
2025.03.20	00:55:21.177	0.95669				2
2025.03.20	00:55:21.865	0.95667				2
2025.03.20	00:55:27.614	0.95671	0.95788			6
2025.03.20	00:55:28.718	0.95672				2
2025.03.20	00:55:29.516	0.95677	0.95773			6
2025.03.20	00:55:31.267		0.95777			4
2025.03.20	00:55:34.721	0.95680				2
2025.03.20	00:55:35.495	0.95679				2
2025.03.20	00:55:37.861		0.95776			4
2025.03.20	00:55:40.089	0.95678				2
2025.03.20	00:55:44.195	0.95679				2
2025.03.20	00:55:46.594	0.95678				2
2025.03.20	00:55:48.546	0.95679				2
2025.03.20	00:55:51.679	0.95678				2
2025.03.20	00:56:00.595	0.95678				2
2025.03.20	00:56:02.024	0.95669	0.95769			6
2025.03.20	00:56:03.176	0.95668				2
2025.03.20	00:56:06.108	0.95667	0.95770			6
2025.03.20	00:56:07.073	0.95669				2
2025.03.20	00:56:11.201	0.95668				2
2025.03.20	00:56:18.876	0.95669				2
2025.03.20	00:56:20.418	0.95668				2
2025.03.20	00:56:21.060	0.95669				2
2025.03.20	00:56:26.940	0.95668				2
2025.03.20	00:56:28.008	0.95667				2
2025.03.20	00:56:30.547	0.95666				2
2025.03.20	00:56:33.696	0.95667				2
2025.03.20	00:56:36.933		0.95764			4
2025.03.20	00:56:37.432	0.95665				2
2025.03.20	00:56:40.040	0.95663				2
2025.03.20	00:56:40.670	0.95665				2
2025.03.20	00:56:46.355	0.95660				2
2025.03.20	00:56:47.008	0.95665				2
2025.03.20	00:57:00.352	0.95665				2
2025.03.20	00:57:07.423	0.95666				2
2025.03.20	00:57:16.520	0.95668				2
2025.03.20	00:57:17.111	0.95672	0.95766			6
2025.03.20	00:57:17.456	0.95666				2
2025.03.20	00:57:20.900	0.95667				2
2025.03.20	00:57:30.973	0.95662				2
2025.03.20	00:57:31.371	0.95666				2
2025.03.20	00:57:39.747		0.95764			4
2025.03.20	00:58:00.594	0.95666				2
2025.03.20	00:58:40.327		0.95764			4
2025.03.20	00:58:56.431	0.95667				2
2025.03.20	00:58:56.861	0.95669				2
2025.03.20	00:59:00.393	0.95674	0.95781			6
2025.03.20	00:59:01.416	0.95673	0.95774			6
2025.03.20	00:59:10.821	0.95672				2
2025.03.20	00:59:22.893	0.95670				2
2025.03.20	00:59:23.199	0.95678				2
2025.03.20	00:59:25.446	0.95675	0.95775			6
2025.03.20	00:59:26.849	0.95673				2
2025.03.20	00:59:30.412	0.95672				2
2025.03.20	00:59:31.999	0.95673				2
2025.03.20	00:59:32.543		0.95772			4
2025.03.20	00:59:35.755	0.95676				2
2025.03.20	00:59:39.567	0.95671				2
2025.03.20	00:59:55.772		0.95774			4
2025.03.20	00:59:58.410		0.95772			4
2025.03.20	01:00:00.308	0.95662	0.95810			6
2025.03.20	01:00:00.642	0.95658	0.95826			6
2025.03.20	01:00:00.948	0.95661	0.95793			6
2025.03.20	01:00:01.250	0.95655				2
2025.03.20	01:00:01.553		0.95786			4
2025.03.20	01:00:01.866	0.95653	0.95761			6
2025.03.20	01:00:02.189		0.95733			4
2025.03.20	01:00:02.506	0.95652	0.95713			6
2025.03.20	01:00:03.451	0.95653	0.95714			6
2025.03.20	01:00:03.754		0.95713			4
2025.03.20	01:00:04.662		0.95724			4
2025.03.20	01:00:05.990	0.95654				2
2025.03.20	01:00:06.378	0.95650	0.95715			6
2025.03.20	01:00:09.094	0.95651				2
2025.03.20	01:00:11.986	0.95644	0.95721			6
2025.03.20	01:00:12.296	0.95648	0.95720			6
2025.03.20	01:00:12.607	0.95654	0.95717			6
2025.03.20	01:00:13.249		0.95719			4
2025.03.20	01:00:13.578		0.95720			4
2025.03.20	01:00:14.216		0.95717			4
2025.03.20	01:00:14.655		0.95720			4
2025.03.20	01:00:15.001	0.95680	0.95706			6
2025.03.20	01:00:15.384		0.95705			4
2025.03.20	01:00:15.904	0.95679	0.95707			6
2025.03.20	01:00:16.226	0.95680	0.95706			6
2025.03.20	01:00:19.298	0.95668				2
2025.03.20	01:00:19.606	0.95663	0.95701			6
2025.03.20	01:00:19.931	0.95677				2
2025.03.20	01:00:21.082	0.95673	0.95706			6
2025.03.20	01:00:21.773	0.95677				2
2025.03.20	01:00:23.239	0.95652				2
2025.03.20	01:00:23.562	0.95664	0.95709			6
2025.03.20	01:00:23.868	0.95679				2
2025.03.20	01:00:24.186	0.95680	0.95701			6
2025.03.20	01:00:24.820	0.95674	0.95702			6
2025.03.20	01:00:25.124	0.95673				2
2025.03.20	01:00:25.433	0.95670				2
2025.03.20	01:00:25.743	0.95672				2
2025.03.20	01:00:26.806	0.95658	0.95703			6
2025.03.20	01:00:27.124	0.95654				2
2025.03.20	01:00:27.427	0.95663	0.95702			6
2025.03.20	01:00:28.051	0.95671				2
2025.03.20	01:00:28.414	0.95658	0.95703			6
2025.03.20	01:00:28.729	0.95657	0.95709			6
2025.03.20	01:00:29.069		0.95706			4
2025.03.20	01:00:30.094	0.95659				2
2025.03.20	01:00:30.568	0.95657	0.95703			6
2025.03.20	01:00:30.872	0.95659				2
2025.03.20	01:00:31.296	0.95657				2
2025.03.20	01:00:32.201		0.95705			4
2025.03.20	01:00:34.947		0.95702			4
2025.03.20	01:00:37.896		0.95704			4
2025.03.20	01:00:38.206	0.95659	0.95702			6
2025.03.20	01:00:38.709	0.95658	0.95701			6
2025.03.20	01:00:39.525	0.95659				2
2025.03.20	01:00:40.573	0.95671	0.95706			6
2025.03.20	01:00:40.897	0.95654	0.95700			6
2025.03.20	01:00:41.217	0.95658	0.95706			6
2025.03.20	01:00:41.573	0.95663				2
2025.03.20	01:00:42.544	0.95671				2
2025.03.20	01:00:43.024	0.95667				2
2025.03.20	01:00:43.324	0.95657				2
2025.03.20	01:00:43.768	0.95654	0.95701			6
2025.03.20	01:00:46.896		0.95700			4
2025.03.20	01:00:47.443	0.95659	0.95701			6
2025.03.20	01:00:47.788	0.95656	0.95702			6
2025.03.20	01:00:49.608		0.95701			4
2025.03.20	01:00:49.962	0.95672	0.95706			6
2025.03.20	01:00:50.596	0.95654	0.95705			6
2025.03.20	01:00:51.662	0.95672	0.95706			6
2025.03.20	01:00:54.552	0.95673				2
2025.03.20	01:00:55.541	0.95672				2
2025.03.20	01:00:58.346	0.95673				2
2025.03.20	01:00:59.295	0.95656	0.95692			6
2025.03.20	01:01:00.047	0.95657	0.95691			6
2025.03.20	01:01:00.452	0.95656	0.95693			6
2025.03.20	01:01:01.825	0.95655	0.95692			6
2025.03.20	01:01:02.271		0.95691			4
2025.03.20	01:01:02.576	0.95654				2
2025.03.20	01:01:03.414	0.95656				2
2025.03.20	01:01:04.072	0.95654				2
2025.03.20	01:01:06.004	0.95655				2
2025.03.20	01:01:07.190	0.95656	0.95693			6
2025.03.20	01:01:07.497	0.95655				2
2025.03.20	01:01:11.643	0.95658				2
2025.03.20	01:01:12.073	0.95655	0.95685			6
2025.03.20	01:01:12.391	0.95653				2
2025.03.20	01:01:14.106		0.95686			4
2025.03.20	01:01:14.917	0.95652				2
2025.03.20	01:01:15.575	0.95653				2
2025.03.20	01:01:21.359		0.95685			4
2025.03.20	01:01:23.802	0.95654	0.95686			6
2025.03.20	01:01:25.416	0.95652	0.95684			6
2025.03.20	01:01:25.729	0.95651				2
2025.03.20	01:01:27.873	0.95652	0.95683			6
2025.03.20	01:01:29.524	0.95653	0.95681			6
2025.03.20	01:01:41.781		0.95679			4
2025.03.20	01:01:43.158		0.95680			4
2025.03.20	01:01:43.504	0.95655	0.95683			6
2025.03.20	01:01:45.800		0.95682			4
2025.03.20	01:01:49.180	0.95656	0.95683			6
2025.03.20	01:02:00.024	0.95657				2
2025.03.20	01:02:04.670	0.95660	0.95684			6
2025.03.20	01:02:11.824	0.95657	0.95681			6
2025.03.20	01:02:21.586		0.95680			4
2025.03.20	01:02:31.800	0.95663	0.95686			6
2025.03.20	01:02:36.097	0.95662	0.95685			6
2025.03.20	01:02:36.413	0.95661	0.95684			6
2025.03.20	01:02:41.554		0.95685			4
2025.03.20	01:02:50.597	0.95662				2
2025.03.20	01:02:57.701	0.95666	0.95689			6
2025.03.20	01:03:00.523	0.95665				2
2025.03.20	01:03:03.992	0.95667				2
2025.03.20	01:03:04.295		0.95690			4
2025.03.20	01:03:05.487	0.95666	0.95689			6
2025.03.20	01:03:06.992	0.95667	0.95690			6
2025.03.20	01:03:09.632	0.95666	0.95689			6
2025.03.20	01:03:11.494	0.95665	0.95688			6
2025.03.20	01:03:19.665	0.95666				2
2025.03.20	01:03:23.663	0.95664				2
2025.03.20	01:04:01.037	0.95664	0.95685			6
2025.03.20	01:04:06.551	0.95663				2
2025.03.20	01:04:34.017	0.95658	0.95679			6
2025.03.20	01:04:45.721	0.95659				2
2025.03.20	01:04:52.722	0.95658				2
2025.03.20	01:04:54.676	0.95659				2
2025.03.20	01:04:54.995	0.95658				2
2025.03.20	01:04:55.297	0.95656	0.95675			6
2025.03.20	01:04:55.623	0.95658	0.95679			6
2025.03.20	01:04:56.356	0.95661	0.95681			6
2025.03.20	01:04:58.721	0.95663				2
2025.03.20	01:04:59.364		0.95683			4
2025.03.20	01:05:00.399	0.95668	0.95689			6
2025.03.20	01:05:00.706	0.95671	0.95692			6
2025.03.20	01:05:01.935		0.95694			4
2025.03.20	01:05:05.333	0.95673				2
2025.03.20	01:05:07.988	0.95668	0.95689			6
2025.03.20	01:05:10.474	0.95669	0.95690			6
2025.03.20	01:05:13.719	0.95672	0.95689			6
2025.03.20	01:05:15.349	0.95681	0.95703			6
2025.03.20	01:05:18.824	0.95687	0.95706			6
2025.03.20	01:05:19.126		0.95707			4
2025.03.20	01:05:23.529	0.95689				2
2025.03.20	01:05:25.469		0.95704			4
2025.03.20	01:05:30.336	0.95678	0.95696			6
2025.03.20	01:05:30.647	0.95686	0.95700			6
2025.03.20	01:05:31.307	0.95679	0.95699			6
2025.03.20	01:05:35.450		0.95698			4
2025.03.20	01:05:37.594	0.95678				2
2025.03.20	01:05:41.214	0.95676				2
2025.03.20	01:05:42.721	0.95675				2
2025.03.20	01:05:45.672	0.95676				2
2025.03.20	01:05:48.252	0.95675				2
2025.03.20	01:05:51.472	0.95676				2
2025.03.20	01:05:53.822		0.95694			4
2025.03.20	01:05:54.818		0.95692			4
2025.03.20	01:05:56.424		0.95693			4
2025.03.20	01:05:58.353		0.95694			4
2025.03.20	01:06:00.796	0.95676				2
2025.03.20	01:06:01.496		0.95692			4
2025.03.20	01:06:02.264	0.95674	0.95689			6
2025.03.20	01:06:06.943		0.95690			4
2025.03.20	01:06:07.505	0.95673				2
2025.03.20	01:06:07.912	0.95674				2
2025.03.20	01:06:11.633	0.95673	0.95689			6
2025.03.20	01:06:12.872	0.95670	0.95682			6
2025.03.20	01:06:13.296		0.95681			4
2025.03.20	01:06:15.933	0.95669				2
2025.03.20	01:06:18.351		0.95689			4
2025.03.20	01:06:18.997		0.95682			4
2025.03.20	01:06:32.938	0.95670				2
2025.03.20	01:06:33.551	0.95669				2
2025.03.20	01:06:35.997		0.95683			4
2025.03.20	01:06:48.401	0.95670				2
2025.03.20	01:06:51.057	0.95667				2
2025.03.20	01:06:59.170		0.95685			4
2025.03.20	01:07:00.396	0.95667				2
2025.03.20	01:07:08.796		0.95684			4
2025.03.20	01:07:17.825		0.95686			4
2025.03.20	01:07:26.853	0.95669				2
2025.03.20	01:07:27.696	0.95670				2
2025.03.20	01:07:33.180	0.95672	0.95689			6
2025.03.20	01:07:33.615		0.95691			4
2025.03.20	01:07:38.195		0.95686			4
2025.03.20	01:07:38.867		0.95685			4
2025.03.20	01:07:39.995	0.95678	0.95691			6
2025.03.20	01:07:40.306	0.95672	0.95685			6
2025.03.20	01:07:41.174	0.95678	0.95691			6
2025.03.20	01:07:42.160	0.95672	0.95690			6
2025.03.20	01:07:42.832		0.95691			4
2025.03.20	01:07:43.298	0.95673				2
2025.03.20	01:07:44.542	0.95672	0.95690			6
2025.03.20	01:07:55.595	0.95671				2
2025.03.20	01:07:57.219	0.95672				2
2025.03.20	01:08:00.488	0.95672				2
2025.03.20	01:08:02.034		0.95691			4
2025.03.20	01:08:03.697		0.95692			4
2025.03.20	01:08:06.154	0.95671				2
2025.03.20	01:08:06.745		0.95691			4
2025.03.20	01:08:09.240		0.95690			4
2025.03.20	01:08:14.195	0.95672				2
2025.03.20	01:08:15.422	0.95671				2
2025.03.20	01:08:18.845	0.95669	0.95686			6
2025.03.20	01:08:19.214	0.95668				2
2025.03.20	01:08:27.318		0.95684			4
2025.03.20	01:08:28.295	0.95667				2
2025.03.20	01:08:29.496	0.95668				2
2025.03.20	01:08:34.896		0.95687			4
2025.03.20	01:08:35.224	0.95669				2
2025.03.20	01:08:36.630	0.95668				2
2025.03.20	01:08:57.526	0.95671	0.95690			6
2025.03.20	01:08:57.873	0.95672				2
2025.03.20	01:09:02.278	0.95672	0.95692			6
2025.03.20	01:09:21.576	0.95673				2
2025.03.20	01:09:27.609	0.95672				2
2025.03.20	01:09:36.694	0.95671				2
2025.03.20	01:09:39.095	0.95672				2
2025.03.20	01:09:57.588	0.95661	0.95680			6
2025.03.20	01:09:59.196	0.95660				2
2025.03.20	01:10:00.303	0.95660				2
2025.03.20	01:10:03.994	0.95661				2
2025.03.20	01:10:10.963	0.95662	0.95682			6
2025.03.20	01:10:12.693	0.95661				2
2025.03.20	01:10:14.494	0.95662				2
2025.03.20	01:10:14.869	0.95659	0.95678			6
2025.03.20	01:10:15.694	0.95660				2
2025.03.20	01:10:16.026	0.95659				2
2025.03.20	01:10:21.943		0.95679			4
2025.03.20	01:10:27.676	0.95658				2
2025.03.20	01:10:45.695	0.95659				2
2025.03.20	01:11:00.695	0.95659				2
2025.03.20	01:11:04.046	0.95658				2
2025.03.20	01:11:07.293	0.95659				2
2025.03.20	01:11:11.397	0.95658				2
2025.03.20	01:11:15.253	0.95655	0.95674			6
2025.03.20	01:11:15.579		0.95675			4
2025.03.20	01:11:16.010	0.95656				2
2025.03.20	01:11:16.343		0.95678			4
2025.03.20	01:11:16.898	0.95655				2
2025.03.20	01:11:25.244		0.95677			4
2025.03.20	01:11:33.492		0.95676			4
2025.03.20	01:11:45.956	0.95657	0.95677			6
2025.03.20	01:11:46.890	0.95658	0.95678			6
2025.03.20	01:11:48.247		0.95677			4
2025.03.20	01:11:51.394	0.95657				2
2025.03.20	01:11:51.866	0.95656				2
2025.03.20	01:11:52.231	0.95658				2
2025.03.20	01:11:53.756	0.95642	0.95660			6
2025.03.20	01:11:54.209	0.95643	0.95661			6
2025.03.20	01:11:55.510	0.95642	0.95660			6
2025.03.20	01:11:56.023	0.95645	0.95662			6
2025.03.20	01:11:56.325	0.95642	0.95661			6
2025.03.20	01:11:58.294	0.95645	0.95660			6
2025.03.20	01:11:58.649		0.95662			4
2025.03.20	01:11:58.994	0.95646				2
2025.03.20	01:12:00.094	0.95646				2
2025.03.20	01:12:02.326	0.95650				2
2025.03.20	01:12:02.664		0.95661			4
2025.03.20	01:12:02.997		0.95663			4
2025.03.20	01:12:03.500	0.95647	0.95661			6
2025.03.20	01:12:05.195	0.95648	0.95662			6
2025.03.20	01:12:05.524	0.95647	0.95661			6
2025.03.20	01:12:07.869		0.95662			4
2025.03.20	01:12:09.948	0.95648	0.95664			6
2025.03.20	01:12:13.385	0.95647				2
2025.03.20	01:12:15.386	0.95648				2
2025.03.20	01:12:17.661		0.95666			4
2025.03.20	01:12:17.971		0.95667			4
2025.03.20	01:12:18.728		0.95666			4
2025.03.20	01:12:25.720	0.95649				2
2025.03.20	01:12:28.430	0.95647				2
2025.03.20	01:12:30.612	0.95649	0.95669			6
2025.03.20	01:12:34.247		0.95668			4
2025.03.20	01:12:39.672		0.95669			4
2025.03.20	01:12:42.394		0.95668			4
2025.03.20	01:12:47.403		0.95670			4
2025.03.20	01:12:47.821		0.95669			4
2025.03.20	01:13:00.099	0.95649				2
2025.03.20	01:13:00.441		0.95666			4
2025.03.20	01:13:00.749	0.95648	0.95667			6
2025.03.20	01:13:02.504	0.95645	0.95664			6
2025.03.20	01:13:05.796	0.95646				2
2025.03.20	01:13:07.896	0.95645				2
2025.03.20	01:13:13.296	0.95644	0.95659			6
2025.03.20	01:13:13.631		0.95660			4
2025.03.20	01:13:14.684		0.95661			4
2025.03.20	01:13:15.920	0.95643	0.95660			6
2025.03.20	01:13:18.261	0.95644				2
2025.03.20	01:13:30.180	0.95642	0.95661			6
2025.03.20	01:13:31.294	0.95643	0.95660			6
2025.03.20	01:13:39.815	0.95642	0.95661			6
2025.03.20	01:13:40.620	0.95641				2
2025.03.20	01:13:41.684	0.95643				2
2025.03.20	01:13:42.082	0.95641				2
2025.03.20	01:13:42.819	0.95643				2
2025.03.20	01:13:45.305	0.95647				2
2025.03.20	01:13:49.935	0.95643				2
2025.03.20	01:13:50.357	0.95646				2
2025.03.20	01:13:56.917	0.95647	0.95662			6
2025.03.20	01:13:57.502	0.95646				2
2025.03.20	01:13:58.334	0.95648	0.95663			6
2025.03.20	01:14:02.976	0.95648				2
2025.03.20	01:14:11.329	0.95649				2
2025.03.20	01:14:16.363	0.95648				2
2025.03.20	01:14:16.729		0.95664			4
2025.03.20	01:14:17.725		0.95663			4
2025.03.20	01:14:22.231	0.95651	0.95666			6
2025.03.20	01:14:28.884		0.95667			4
2025.03.20	01:14:32.477		0.95666			4
2025.03.20	01:14:53.478	0.95652				2
2025.03.20	01:14:59.743	0.95651				2
2025.03.20	01:15:00.047	0.95651				2
2025.03.20	01:15:00.995	0.95650	0.95663			6
2025.03.20	01:15:01.320		0.95664			4
2025.03.20	01:15:02.037		0.95665			4
2025.03.20	01:15:04.143	0.95651				2
2025.03.20	01:15:10.959	0.95648	0.95664			6
2025.03.20	01:15:14.638	0.95645				2
2025.03.20	01:15:15.432	0.95649	0.95663			6
2025.03.20	01:15:28.625	0.95646	0.95662			6
2025.03.20	01:15:34.440	0.95650	0.95669			6
2025.03.20	01:15:34.746	0.95651	0.95671			6
2025.03.20	01:15:35.057	0.95655				2
2025.03.20	01:15:36.095	0.95654				2
2025.03.20	01:15:37.859	0.95658	0.95673			6
2025.03.20	01:15:38.165	0.95657				2
2025.03.20	01:15:39.935	0.95660				2
2025.03.20	01:15:40.241		0.95675			4
2025.03.20	01:15:40.557		0.95676			4
2025.03.20	01:15:41.831	0.95659				2
2025.03.20	01:15:42.887	0.95660	0.95677			6
2025.03.20	01:15:43.616	0.95661	0.95679			6
2025.03.20	01:15:44.176	0.95662				2
2025.03.20	01:15:45.535		0.95680			4
2025.03.20	01:15:47.508	0.95661	0.95677			6
2025.03.20	01:15:47.932		0.95678			4
2025.03.20	01:15:50.685		0.95677			4
2025.03.20	01:15:51.047		0.95679			4
2025.03.20	01:15:54.691	0.95665	0.95684			6
2025.03.20	01:15:55.025	0.95667				2
2025.03.20	01:15:55.476	0.95665	0.95683			6
2025.03.20	01:15:55.786		0.95684			4
2025.03.20	01:15:56.742	0.95666	0.95683			6
2025.03.20	01:16:00.155	0.95666				2
2025.03.20	01:16:00.874		0.95682			4
2025.03.20	01:16:01.199		0.95683			4
2025.03.20	01:16:02.551	0.95660	0.95676			6
2025.03.20	01:16:03.012		0.95678			4
2025.03.20	01:16:03.391		0.95677			4
2025.03.20	01:16:06.339	0.95657	0.95674			6
2025.03.20	01:16:06.737	0.95662	0.95679			6
2025.03.20	01:16:07.063	0.95661				2
2025.03.20	01:16:08.373	0.95660	0.95678			6
2025.03.20	01:16:09.079	0.95659	0.95677			6
2025.03.20	01:16:14.496		0.95678			4
2025.03.20	01:16:14.977	0.95658	0.95675			6
2025.03.20	01:16:15.496		0.95674			4
2025.03.20	01:16:31.379		0.95675			4
2025.03.20	01:16:35.603	0.95659	0.95674			6
2025.03.20	01:16:38.494	0.95657				2
2025.03.20	01:16:48.330	0.95658				2
2025.03.20	01:16:52.594	0.95657				2
2025.03.20	01:16:55.595	0.95658				2
2025.03.20	01:16:56.795	0.95657				2
2025.03.20	01:16:59.646	0.95658				2
2025.03.20	01:17:00.366	0.95657	0.95673			6
2025.03.20	01:17:02.659	0.95658				2
2025.03.20	01:17:04.293		0.95672			4
2025.03.20	01:17:05.740	0.95660				2
2025.03.20	01:17:06.048	0.95659	0.95673			6
2025.03.20	01:17:07.136	0.95657				2
2025.03.20	01:17:13.595		0.95674			4
2025.03.20	01:17:14.076	0.95660				2
2025.03.20	01:17:15.100	0.95658				2
2025.03.20	01:17:15.458	0.95659	0.95673			6
2025.03.20	01:17:16.360	0.95660	0.95674			6
2025.03.20	01:17:20.548	0.95656	0.95673			6
2025.03.20	01:17:21.594	0.95660	0.95674			6
2025.03.20	01:17:27.305	0.95659	0.95675			6
2025.03.20	01:17:27.719	0.95660	0.95674			6
2025.03.20	01:17:28.051	0.95659				2
2025.03.20	01:17:30.754	0.95658				2
2025.03.20	01:17:33.252	0.95660				2
2025.03.20	01:17:35.145	0.95658	0.95673			6
2025.03.20	01:17:42.408		0.95674			4
2025.03.20	01:17:42.836		0.95673			4
2025.03.20	01:17:43.594		0.95674			4
2025.03.20	01:17:45.380	0.95657				2
2025.03.20	01:17:46.205	0.95660	0.95671			6
2025.03.20	01:17:46.507		0.95673			4
2025.03.20	01:17:46.937		0.95672			4
2025.03.20	01:17:49.737		0.95673			4
2025.03.20	01:17:51.615		0.95672			4
2025.03.20	01:17:52.182		0.95673			4
2025.03.20	01:17:58.595		0.95672			4
2025.03.20	01:17:59.591		0.95673			4
2025.03.20	01:18:00.206	0.95660				2
2025.03.20	01:18:01.190	0.95661	0.95674			6
2025.03.20	01:18:02.795		0.95675			4
2025.03.20	01:18:03.126	0.95664	0.95681			6
2025.03.20	01:18:03.434		0.95679			4
2025.03.20	01:18:06.367		0.95678			4
2025.03.20	01:18:16.434		0.95674			4
2025.03.20	01:18:16.865	0.95663				2
2025.03.20	01:18:17.404		0.95675			4
2025.03.20	01:18:21.807	0.95658	0.95674			6
2025.03.20	01:18:22.850	0.95659				2
2025.03.20	01:18:23.958	0.95658				2
2025.03.20	01:18:26.565	0.95659				2
2025.03.20	01:18:27.399	0.95658				2
2025.03.20	01:18:31.779	0.95659				2
2025.03.20	01:18:32.159	0.95658				2
2025.03.20	01:18:32.541		0.95673			4
2025.03.20	01:18:50.068	0.95659				2
2025.03.20	01:18:50.686		0.95671			4
2025.03.20	01:18:50.988	0.95657	0.95673			6
2025.03.20	01:18:51.867	0.95659				2
2025.03.20	01:18:54.374	0.95660				2
2025.03.20	01:18:58.363	0.95658	0.95671			6
2025.03.20	01:19:00.094	0.95658				2
2025.03.20	01:19:02.988	0.95655	0.95670			6
2025.03.20	01:19:03.292	0.95656	0.95671			6
2025.03.20	01:19:03.636	0.95657	0.95673			6
2025.03.20	01:19:06.694	0.95656				2
2025.03.20	01:19:07.153		0.95672			4
2025.03.20	01:19:07.594	0.95657				2
2025.03.20	01:19:08.849		0.95673			4
2025.03.20	01:19:09.900	0.95658				2
2025.03.20	01:19:10.894	0.95657				2
2025.03.20	01:19:12.097	0.95658				2
2025.03.20	01:19:14.495	0.95657				2
2025.03.20	01:19:18.022	0.95658				2
2025.03.20	01:19:19.443	0.95659				2
2025.03.20	01:19:22.698		0.95674			4
2025.03.20	01:19:24.687		0.95673			4
2025.03.20	01:19:25.560		0.95674			4
2025.03.20	01:19:27.827	0.95658				2
2025.03.20	01:19:28.821		0.95673			4
2025.03.20	01:19:29.875		0.95674			4
2025.03.20	01:19:31.052		0.95673			4
2025.03.20	01:19:32.541		0.95674			4
2025.03.20	01:19:32.948		0.95673			4
2025.03.20	01:19:37.904		0.95674			4
2025.03.20	01:19:38.291		0.95673			4
2025.03.20	01:19:40.231		0.95674			4
2025.03.20	01:19:41.270		0.95673			4
2025.03.20	01:19:42.305		0.95674			4
2025.03.20	01:19:44.012	0.95657				2
2025.03.20	01:19:45.105	0.95659	0.95673			6
2025.03.20	01:19:47.359	0.95657				2
2025.03.20	01:19:48.621	0.95659				2
2025.03.20	01:19:48.997	0.95657				2
2025.03.20	01:19:49.754	0.95658	0.95672			6
2025.03.20	01:19:50.113	0.95650	0.95664			6
2025.03.20	01:20:00.376	0.95651				2
2025.03.20	01:20:00.686	0.95652	0.95667			6
2025.03.20	01:20:01.169		0.95665			4
2025.03.20	01:20:01.593		0.95666			4
2025.03.20	01:20:02.019		0.95665			4
2025.03.20	01:20:03.710		0.95666			4
2025.03.20	01:20:04.723		0.95668			4
2025.03.20	01:20:07.260	0.95648	0.95663			6
2025.03.20	01:20:10.708	0.95649				2
2025.03.20	01:20:11.575		0.95664			4
2025.03.20	01:20:11.886	0.95650				2
2025.03.20	01:20:12.350	0.95649	0.95661			6
2025.03.20	01:20:13.102	0.95648				2
2025.03.20	01:20:14.248		0.95662			4
2025.03.20	01:20:15.316	0.95647				2
2025.03.20	01:20:15.819	0.95646	0.95661			6
2025.03.20	01:20:16.922		0.95660			4
2025.03.20	01:20:19.064		0.95662			4
2025.03.20	01:20:29.440	0.95648	0.95663			6
2025.03.20	01:20:32.379	0.95647	0.95661			6
2025.03.20	01:20:34.595	0.95645	0.95660			6
2025.03.20	01:20:35.176	0.95642	0.95658			6
2025.03.20	01:20:35.855		0.95657			4
2025.03.20	01:20:38.294		0.95658			4
2025.03.20	01:20:38.621		0.95657			4
2025.03.20	01:20:47.688		0.95656			4
2025.03.20	01:20:51.722	0.95640				2
2025.03.20	01:20:52.496	0.95641	0.95657			6
2025.03.20	01:20:57.625		0.95656			4
2025.03.20	01:21:01.059	0.95641				2
2025.03.20	01:21:09.608		0.95657			4
2025.03.20	01:21:10.634	0.95642	0.95658			6
2025.03.20	01:21:11.096		0.95657			4
2025.03.20	01:21:11.409		0.95658			4
2025.03.20	01:21:15.811	0.95641				2
2025.03.20	01:21:26.202		0.95656			4
2025.03.20	01:21:28.177		0.95657			4
2025.03.20	01:21:39.613		0.95658			4
2025.03.20	01:21:40.654		0.95659			4
2025.03.20	01:21:42.695		0.95658			4
2025.03.20	01:21:44.692	0.95642	0.95659			6
2025.03.20	01:21:47.512	0.95643				2
2025.03.20	01:21:47.835	0.95647	0.95663			6
2025.03.20	01:21:49.598		0.95664			4
2025.03.20	01:21:52.469	0.95646				2
2025.03.20	01:22:00.694	0.95646				2
2025.03.20	01:22:06.968		0.95663			4
2025.03.20	01:22:10.295		0.95662			4
2025.03.20	01:22:13.006		0.95664			4
2025.03.20	01:22:20.246	0.95647				2
2025.03.20	01:22:20.613	0.95646				2
2025.03.20	01:22:32.308	0.95648	0.95662			6
2025.03.20	01:22:32.614		0.95664			4
2025.03.20	01:22:35.767	0.95647				2
2025.03.20	01:22:49.351		0.95665			4
2025.03.20	01:22:56.365		0.95663			4
2025.03.20	01:23:00.359	0.95647				2
2025.03.20	01:23:01.785		0.95662			4
2025.03.20	01:23:14.049	0.95646	0.95664			6
2025.03.20	01:23:34.749		0.95662			4
2025.03.20	01:23:35.406	0.95647	0.95664			6
2025.03.20	01:24:00.392	0.95647				2
2025.03.20	01:24:01.939	0.95646				2
2025.03.20	01:24:18.897	0.95645	0.95661			6
2025.03.20	01:24:30.676	0.95648	0.95662			6
2025.03.20	01:24:31.143	0.95646	0.95660			6
2025.03.20	01:24:35.520		0.95659			4
2025.03.20	01:24:40.697		0.95662			4
2025.03.20	01:24:42.694	0.95645				2
2025.03.20	01:24:49.361		0.95661			4
2025.03.20	01:24:57.812		0.95660			4
2025.03.20	01:25:00.394	0.95645				2
2025.03.20	01:25:01.010	0.95646				2
2025.03.20	01:25:01.410		0.95661			4
2025.03.20	01:25:06.376		0.95662			4
2025.03.20	01:25:10.336	0.95645				2
2025.03.20	01:25:13.025	0.95646	0.95663			6
2025.03.20	01:25:14.057		0.95662			4
2025.03.20	01:25:16.531		0.95663			4
2025.03.20	01:25:17.635	0.95648	0.95664			6
2025.03.20	01:25:20.076		0.95663			4
2025.03.20	01:25:21.376	0.95647				2
2025.03.20	01:25:24.907		0.95662			4
2025.03.20	01:25:28.490	0.95637	0.95648			6
2025.03.20	01:25:28.840	0.95638	0.95653			6
2025.03.20	01:25:31.294		0.95654			4
2025.03.20	01:25:31.906		0.95653			4
2025.03.20	01:25:32.460		0.95654			4
2025.03.20	01:25:34.596		0.95653			4
2025.03.20	01:25:36.394	0.95639	0.95654			6
2025.03.20	01:25:36.706	0.95640	0.95653			6
2025.03.20	01:25:37.418	0.95639				2
2025.03.20	01:25:38.569		0.95654			4
2025.03.20	01:25:39.753		0.95653			4
2025.03.20	01:25:40.294	0.95638				2
2025.03.20	01:25:42.695	0.95639	0.95654			6
2025.03.20	01:25:46.471	0.95638	0.95653			6
2025.03.20	01:25:52.175		0.95654			4
2025.03.20	01:25:55.597	0.95639				2
2025.03.20	01:25:56.474	0.95638				2
2025.03.20	01:26:00.095	0.95638				2
2025.03.20	01:26:00.459	0.95640				2
2025.03.20	01:26:00.821	0.95638				2
2025.03.20	01:26:01.596	0.95639				2
2025.03.20	01:26:02.992	0.95638				2
2025.03.20	01:26:06.900		0.95653			4
2025.03.20	01:26:14.793		0.95654			4
2025.03.20	01:26:16.496		0.95653			4
2025.03.20	01:26:17.610	0.95641	0.95656			6
2025.03.20	01:26:17.918		0.95655			4
2025.03.20	01:26:18.310		0.95657			4
2025.03.20	01:26:18.965		0.95655			4
2025.03.20	01:26:20.420	0.95640				2
2025.03.20	01:26:20.745	0.95641				2
2025.03.20	01:26:27.870	0.95642	0.95656			6
2025.03.20	01:26:32.495	0.95643	0.95658			6
2025.03.20	01:26:35.288	0.95642				2
2025.03.20	01:26:36.395	0.95643				2
2025.03.20	01:26:38.648	0.95642				2
2025.03.20	01:26:40.517		0.95656			4
2025.03.20	01:26:44.573	0.95641	0.95654			6
2025.03.20	01:26:53.022	0.95639	0.95652			6
2025.03.20	01:26:57.256	0.95640				2
2025.03.20	01:26:57.975	0.95641				2
2025.03.20	01:27:00.442	0.95641				2
2025.03.20	01:27:01.296	0.95640				2
2025.03.20	01:27:04.721	0.95638				2
2025.03.20	01:27:05.810	0.95639				2
2025.03.20	01:27:11.115		0.95653			4
2025.03.20	01:27:22.116	0.95638	0.95652			6
2025.03.20	01:27:23.346	0.95639				2
2025.03.20	01:27:26.150	0.95638				2
2025.03.20	01:27:26.494	0.95639				2
2025.03.20	01:27:27.543	0.95638				2
2025.03.20	01:27:34.764		0.95651			4
2025.03.20	01:27:44.012	0.95635	0.95648			6
2025.03.20	01:27:52.092	0.95634				2
2025.03.20	01:27:53.796	0.95635				2
2025.03.20	01:27:54.661	0.95636				2
2025.03.20	01:27:57.711		0.95649			4
2025.03.20	01:27:58.624	0.95635				2
2025.03.20	01:27:59.703	0.95636				2
2025.03.20	01:28:00.450	0.95637	0.95651			6
2025.03.20	01:28:00.861		0.95650			4
2025.03.20	01:28:03.368	0.95636				2
2025.03.20	01:28:06.145		0.95648			4
2025.03.20	01:28:07.297	0.95635				2
2025.03.20	01:28:11.948	0.95634	0.95646			6
2025.03.20	01:28:13.954		0.95647			4
2025.03.20	01:28:22.662		0.95648			4
2025.03.20	01:28:23.414	0.95633				2
2025.03.20	01:28:24.817		0.95647			4
2025.03.20	01:28:33.682	0.95634				2
2025.03.20	01:29:00.454	0.95636	0.95648			6
2025.03.20	01:29:03.569	0.95635				2
2025.03.20	01:29:06.879	0.95632	0.95644			6
2025.03.20	01:29:11.793	0.95633				2
2025.03.20	01:29:14.169	0.95632				2
2025.03.20	01:29:15.364	0.95633				2
2025.03.20	01:29:16.875	0.95632				2
2025.03.20	01:29:24.441	0.95631				2
2025.03.20	01:29:25.697	0.95632				2
2025.03.20	01:29:26.575	0.95629	0.95641			6
2025.03.20	01:29:29.631	0.95628	0.95639			6
2025.03.20	01:29:30.691	0.95627				2
2025.03.20	01:29:50.796	0.95626	0.95637			6
2025.03.20	01:29:51.124	0.95627				2
2025.03.20	01:29:54.134	0.95626				2
2025.03.20	01:29:54.694	0.95627				2
2025.03.20	01:29:59.157	0.95626				2
2025.03.20	01:29:59.513	0.95627				2
2025.03.20	01:30:00.307	0.95627				2
2025.03.20	01:30:01.249	0.95626				2
2025.03.20	01:30:02.201	0.95629	0.95636			6
2025.03.20	01:30:02.502	0.95628	0.95635			6
2025.03.20	01:30:02.803	0.95629	0.95636			6
2025.03.20	01:30:04.014	0.95630	0.95637			6
2025.03.20	01:30:04.620	0.95627	0.95638			6
2025.03.20	01:30:07.232	0.95626	0.95637			6
2025.03.20	01:30:08.776	0.95627	0.95638			6
2025.03.20	01:30:10.294	0.95626				2
2025.03.20	01:30:13.035		0.95637			4
2025.03.20	01:30:21.722	0.95628	0.95640			6
2025.03.20	01:30:22.635	0.95629	0.95641			6
2025.03.20	01:30:26.380	0.95627	0.95638			6
2025.03.20	01:30:28.296	0.95628				2
2025.03.20	01:30:29.569	0.95627				2
2025.03.20	01:30:30.802	0.95628				2
2025.03.20	01:30:32.160	0.95627				2
2025.03.20	01:30:36.168	0.95629	0.95641			6
2025.03.20	01:30:41.194	0.95630				2
2025.03.20	01:30:48.207	0.95629				2
2025.03.20	01:30:55.896	0.95630				2
2025.03.20	01:31:00.437	0.95630				2
2025.03.20	01:31:08.141	0.95629				2
2025.03.20	01:31:08.446	0.95626	0.95637			6
2025.03.20	01:31:09.848		0.95638			4
2025.03.20	01:31:19.646	0.95622	0.95633			6
2025.03.20	01:31:20.728	0.95626	0.95637			6
2025.03.20	01:31:22.361		0.95636			4
2025.03.20	01:31:24.467		0.95638			4
2025.03.20	01:31:27.560	0.95625	0.95637			6
2025.03.20	01:31:31.126	0.95624	0.95633			6
2025.03.20	01:31:31.459	0.95621				2
2025.03.20	01:31:38.676	0.95622				2
2025.03.20	01:31:43.594	0.95621				2
2025.03.20	01:31:53.220	0.95622				2
2025.03.20	01:31:54.995	0.95621				2
2025.03.20	01:32:00.424	0.95621				2
2025.03.20	01:32:02.375		0.95634			4
2025.03.20	01:32:08.245	0.95619	0.95633			6
2025.03.20	01:32:09.271		0.95632			4
2025.03.20	01:32:10.600	0.95620				2
2025.03.20	01:32:13.245	0.95619				2
2025.03.20	01:32:13.552	0.95620				2
2025.03.20	01:32:13.916		0.95633			4
2025.03.20	01:32:14.375	0.95622	0.95635			6
2025.03.20	01:32:17.578	0.95623				2
2025.03.20	01:32:30.394	0.95621	0.95633			6
2025.03.20	01:32:31.244	0.95622	0.95634			6
2025.03.20	01:32:33.204	0.95624	0.95636			6
2025.03.20	01:32:35.223		0.95637			4
2025.03.20	01:32:41.296	0.95621	0.95634			6
2025.03.20	01:32:43.293	0.95622				2
2025.03.20	01:32:51.399		0.95636			4
2025.03.20	01:32:51.948	0.95623				2
2025.03.20	01:32:54.020	0.95622				2
2025.03.20	01:32:56.448	0.95623				2
2025.03.20	01:32:58.358	0.95624				2
2025.03.20	01:33:00.460	0.95624				2
2025.03.20	01:33:16.089	0.95623	0.95634			6
2025.03.20	01:33:23.452	0.95622				2
2025.03.20	01:33:25.103	0.95623				2
2025.03.20	01:33:26.000	0.95622				2
2025.03.20	01:33:31.803	0.95626				2
2025.03.20	01:33:32.194	0.95622	0.95633			6
2025.03.20	01:33:34.417	0.95623	0.95634			6
2025.03.20	01:33:34.722	0.95622	0.95633			6
2025.03.20	01:33:36.369		0.95634			4
2025.03.20	01:33:38.793	0.95623				2
2025.03.20	01:33:39.868	0.95622				2
2025.03.20	01:33:40.257	0.95623				2
2025.03.20	01:33:42.937	0.95622				2
2025.03.20	01:33:45.095	0.95623				2
2025.03.20	01:33:50.181	0.95622				2
2025.03.20	01:33:51.737	0.95623				2
2025.03.20	01:33:52.436	0.95625	0.95636			6
2025.03.20	01:33:54.048	0.95626				2
2025.03.20	01:33:55.801		0.95638			4
2025.03.20	01:33:56.794	0.95625				2
2025.03.20	01:34:00.324	0.95625				2
2025.03.20	01:34:09.217		0.95639			4
2025.03.20	01:34:09.571	0.95626				2
2025.03.20	01:34:11.582	0.95625				2
2025.03.20	01:34:13.311		0.95638			4
2025.03.20	01:34:14.274	0.95624	0.95635			6
2025.03.20	01:34:19.176	0.95623	0.95634			6
2025.03.20	01:34:23.053	0.95622	0.95635			6
2025.03.20	01:34:23.356	0.95623	0.95634			6
2025.03.20	01:34:24.283	0.95622				2
2025.03.20	01:34:26.494	0.95623				2
2025.03.20	01:34:29.467	0.95622				2
2025.03.20	01:34:30.374	0.95623	0.95637			6
2025.03.20	01:34:31.126		0.95634			4
2025.03.20	01:34:40.596	0.95622				2
2025.03.20	01:34:42.696	0.95623				2
2025.03.20	01:34:44.890	0.95622				2
2025.03.20	01:34:46.465		0.95637			4
2025.03.20	01:34:46.820		0.95634			4
2025.03.20	01:34:47.794	0.95623				2
2025.03.20	01:34:49.449		0.95635			4
2025.03.20	01:34:49.894	0.95622				2
2025.03.20	01:34:51.195	0.95623				2
2025.03.20	01:34:54.626	0.95622				2
2025.03.20	01:34:55.948	0.95623				2
2025.03.20	01:34:58.806	0.95622				2
2025.03.20	01:34:59.225	0.95623				2
2025.03.20	01:34:59.848	0.95622				2
2025.03.20	01:35:00.264	0.95623				2
2025.03.20	01:35:01.096	0.95622				2
2025.03.20	01:35:04.894	0.95623	0.95636			6
2025.03.20	01:35:43.896		0.95635			4
2025.03.20	01:35:44.228		0.95636			4
2025.03.20	01:35:50.299	0.95622				2
2025.03.20	01:35:50.768	0.95623				2
2025.03.20	01:35:53.600		0.95635			4
2025.03.20	01:35:53.910		0.95636			4
2025.03.20	01:35:59.193	0.95624	0.95637			6
2025.03.20	01:35:59.693	0.95625				2
2025.03.20	01:36:00.614	0.95625				2
2025.03.20	01:36:02.219	0.95624				2
2025.03.20	01:36:03.344	0.95627				2
2025.03.20	01:36:12.341	0.95624	0.95634			6
2025.03.20	01:36:15.239	0.95622	0.95632			6
2025.03.20	01:36:16.366	0.95626	0.95637			6
2025.03.20	01:36:25.819	0.95625				2
2025.03.20	01:36:35.452	0.95624				2
2025.03.20	01:36:36.735	0.95625				2
2025.03.20	01:36:39.941	0.95624				2
2025.03.20	01:36:43.719	0.95625				2
2025.03.20	01:36:48.817	0.95627	0.95638			6
2025.03.20	01:36:49.127	0.95626	0.95637			6
2025.03.20	01:36:53.499	0.95625				2
2025.03.20	01:36:55.376	0.95626				2
2025.03.20	01:37:00.426	0.95627	0.95641			6
2025.03.20	01:37:03.581	0.95628	0.95640			6
2025.03.20	01:37:05.186	0.95627				2
2025.03.20	01:37:06.459		0.95637			4
2025.03.20	01:37:08.129	0.95630	0.95641			6
2025.03.20	01:37:33.094	0.95627	0.95639			6
2025.03.20	01:37:41.767	0.95625				2
2025.03.20	01:37:52.878	0.95624	0.95638			6
2025.03.20	01:37:53.238	0.95625				2
2025.03.20	01:37:54.500	0.95624				2
2025.03.20	01:37:59.842	0.95625				2
2025.03.20	01:38:00.445	0.95625	0.95639			6
2025.03.20	01:38:04.586	0.95624				2
2025.03.20	01:38:05.938	0.95625				2
2025.03.20	01:38:08.027		0.95638			4
2025.03.20	01:38:12.611	0.95626				2
2025.03.20	01:38:13.629	0.95628	0.95641			6
2025.03.20	01:38:13.948		0.95639			4
2025.03.20	01:38:17.496	0.95627				2
2025.03.20	01:38:21.201	0.95628				2
2025.03.20	01:38:24.274	0.95627				2
2025.03.20	01:38:25.895	0.95628				2
2025.03.20	01:38:27.452	0.95627				2
2025.03.20	01:38:28.811	0.95628				2
2025.03.20	01:38:29.185		0.95640			4
2025.03.20	01:38:33.164		0.95642			4
2025.03.20	01:38:33.575		0.95641			4
2025.03.20	01:38:35.344	0.95627	0.95640			6
2025.03.20	01:38:35.663	0.95628	0.95641			6
2025.03.20	01:38:37.960	0.95629				2
2025.03.20	01:38:38.993	0.95628				2
2025.03.20	01:38:40.031	0.95627	0.95638			6
2025.03.20	01:38:40.359		0.95639			4
2025.03.20	01:38:40.894	0.95628				2
2025.03.20	01:38:44.042	0.95624	0.95637			6
2025.03.20	01:38:50.688	0.95621	0.95634			6
2025.03.20	01:39:00.364	0.95621				2
2025.03.20	01:39:01.083	0.95622				2
2025.03.20	01:39:01.859		0.95635			4
2025.03.20	01:39:05.467	0.95623				2
2025.03.20	01:39:05.890	0.95622				2
2025.03.20	01:39:09.592	0.95623				2
2025.03.20	01:39:10.388	0.95619	0.95630			6
2025.03.20	01:39:10.708		0.95632			4
2025.03.20	01:39:12.254	0.95620	0.95633			6
2025.03.20	01:39:25.010	0.95619	0.95632			6
2025.03.20	01:39:28.112	0.95618				2
2025.03.20	01:39:28.471	0.95619				2
2025.03.20	01:39:32.118	0.95620				2
2025.03.20	01:39:34.377	0.95621	0.95633			6
2025.03.20	01:39:52.236	0.95620				2
2025.03.20	01:39:54.095	0.95621				2
2025.03.20	01:39:57.375	0.95620				2
2025.03.20	01:40:01.170	0.95620				2
2025.03.20	01:40:02.242	0.95621				2
2025.03.20	01:40:03.434		0.95634			4
2025.03.20	01:40:08.545	0.95629	0.95639			6
2025.03.20	01:40:10.660		0.95641			4
2025.03.20	01:40:11.812	0.95628	0.95639			6
2025.03.20	01:40:12.778		0.95640			4
2025.03.20	01:40:14.566		0.95639			4
2025.03.20	01:40:19.504	0.95629	0.95641			6
2025.03.20	01:40:22.348	0.95625	0.95637			6
2025.03.20	01:40:40.897		0.95638			4
2025.03.20	01:40:44.280		0.95637			4
2025.03.20	01:40:48.405	0.95626				2
2025.03.20	01:40:54.769		0.95638			4
2025.03.20	01:40:56.592	0.95627	0.95639			6
2025.03.20	01:40:59.196		0.95640			4
2025.03.20	01:40:59.528	0.95628				2
2025.03.20	01:41:00.392	0.95627	0.95638			6
2025.03.20	01:41:01.399	0.95626				2
2025.03.20	01:41:03.430	0.95625				2
2025.03.20	01:41:04.341	0.95626				2
2025.03.20	01:41:04.773		0.95639			4
2025.03.20	01:41:06.470	0.95627				2
2025.03.20	01:41:12.412	0.95628	0.95641			6
2025.03.20	01:41:15.506	0.95629	0.95642			6
2025.03.20	01:41:30.595	0.95630				2
2025.03.20	01:41:31.887	0.95629				2
2025.03.20	01:41:33.494		0.95641			4
2025.03.20	01:41:34.018	0.95628				2
2025.03.20	01:41:46.733		0.95642			4
2025.03.20	01:42:00.455	0.95628				2
2025.03.20	01:42:01.849	0.95627	0.95641			6
2025.03.20	01:42:11.245		0.95642			4
2025.03.20	01:42:11.602		0.95640			4
2025.03.20	01:42:12.309	0.95628				2
2025.03.20	01:42:22.469	0.95627				2
2025.03.20	01:42:27.754		0.95642			4
2025.03.20	01:42:30.811		0.95641			4
2025.03.20	01:42:31.500	0.95623	0.95636			6
2025.03.20	01:42:31.802		0.95634			4
2025.03.20	01:42:33.095	0.95621				2
2025.03.20	01:42:37.237	0.95622				2
2025.03.20	01:42:46.642		0.95635			4
2025.03.20	01:42:49.471	0.95621				2
2025.03.20	01:42:58.618		0.95634			4
2025.03.20	01:43:00.475	0.95621	0.95635			6
2025.03.20	01:43:25.790	0.95618	0.95633			6
2025.03.20	01:43:26.794	0.95621	0.95634			6
2025.03.20	01:43:27.105	0.95623				2
2025.03.20	01:43:28.151	0.95625	0.95639			6
2025.03.20	01:43:29.400	0.95626				2
2025.03.20	01:43:32.755		0.95640			4
2025.03.20	01:43:35.763	0.95623	0.95637			6
2025.03.20	01:43:40.747	0.95625	0.95639			6
2025.03.20	01:43:41.492		0.95637			4
2025.03.20	01:43:41.805		0.95638			4
2025.03.20	01:43:48.383	0.95627				2
2025.03.20	01:43:50.780		0.95639			4
2025.03.20	01:44:00.424	0.95627	0.95640			6
2025.03.20	01:44:01.617	0.95629	0.95642			6
2025.03.20	01:44:02.712		0.95643			4
2025.03.20	01:44:03.028		0.95642			4
2025.03.20	01:44:03.396		0.95641			4
2025.03.20	01:44:05.925		0.95643			4
2025.03.20	01:44:06.819		0.95642			4
2025.03.20	01:44:07.486	0.95628	0.95644			6
2025.03.20	01:44:07.896		0.95643			4
2025.03.20	01:44:09.626		0.95644			4
2025.03.20	01:44:09.945		0.95643			4
2025.03.20	01:44:21.478		0.95641			4
2025.03.20	01:44:42.144	0.95627				2
2025.03.20	01:44:42.821		0.95642			4
2025.03.20	01:44:46.888	0.95628	0.95643			6
2025.03.20	01:44:49.597		0.95642			4
2025.03.20	01:44:52.518		0.95643			4
2025.03.20	01:44:53.444	0.95626	0.95641			6
2025.03.20	01:45:00.044	0.95626				2
2025.03.20	01:45:00.387	0.95627				2
2025.03.20	01:45:01.167	0.95629	0.95642			6
2025.03.20	01:45:09.717	0.95630				2
2025.03.20	01:45:11.795		0.95643			4
2025.03.20	01:45:35.494		0.95642			4
2025.03.20	01:45:45.069		0.95643			4
2025.03.20	01:45:47.496		0.95642			4
2025.03.20	01:45:51.394	0.95629				2
2025.03.20	01:45:52.594	0.95627	0.95640			6
2025.03.20	01:45:57.370	0.95628	0.95641			6
2025.03.20	01:46:00.094	0.95628				2
2025.03.20	01:46:16.395	0.95629	0.95642			6
2025.03.20	01:46:23.488	0.95628	0.95641			6
2025.03.20	01:46:23.796	0.95629	0.95642			6
2025.03.20	01:46:26.101	0.95628	0.95641			6
2025.03.20	01:46:34.730	0.95629				2
2025.03.20	01:46:35.436		0.95642			4
2025.03.20	01:46:47.531		0.95643			4
2025.03.20	01:46:48.995		0.95642			4
2025.03.20	01:46:54.674	0.95631	0.95644			6
2025.03.20	01:47:00.324	0.95631				2
2025.03.20	01:47:04.103		0.95645			4
2025.03.20	01:47:04.406		0.95644			4
2025.03.20	01:47:15.468		0.95645			4
2025.03.20	01:47:15.795	0.95632				2
2025.03.20	01:47:29.471	0.95633	0.95647			6
2025.03.20	01:47:30.995		0.95646			4
2025.03.20	01:47:31.580		0.95645			4
2025.03.20	01:47:34.477		0.95647			4
2025.03.20	01:47:35.013		0.95645			4
2025.03.20	01:47:37.496	0.95635	0.95647			6
2025.03.20	01:47:39.361	0.95633				2
2025.03.20	01:47:40.675		0.95646			4
2025.03.20	01:47:43.830	0.95636				2
2025.03.20	01:47:44.176		0.95647			4
2025.03.20	01:47:47.920	0.95635	0.95646			6
2025.03.20	01:48:00.448	0.95635				2
2025.03.20	01:48:01.170	0.95636	0.95647			6
2025.03.20	01:48:07.296		0.95646			4
2025.03.20	01:48:15.743		0.95647			4
2025.03.20	01:48:17.715		0.95646			4
2025.03.20	01:49:00.437	0.95636				2
2025.03.20	01:49:00.963	0.95637				2
2025.03.20	01:49:09.095		0.95647			4
2025.03.20	01:49:11.372	0.95636				2
2025.03.20	01:49:12.729		0.95648			4
2025.03.20	01:49:15.382	0.95638				2
2025.03.20	01:49:23.544	0.95639				2
2025.03.20	01:49:25.895		0.95649			4
2025.03.20	01:49:38.360	0.95637	0.95648			6
2025.03.20	01:49:39.561		0.95647			4
2025.03.20	01:49:40.297	0.95636	0.95646			6
2025.03.20	01:49:43.137	0.95634	0.95645			6
2025.03.20	01:49:44.058		0.95648			4
2025.03.20	01:49:44.496		0.95646			4
2025.03.20	01:49:44.881		0.95645			4
2025.03.20	01:49:50.643	0.95633				2
2025.03.20	01:50:00.129	0.95633	0.95644			6
2025.03.20	01:50:00.431	0.95634				2
2025.03.20	01:50:02.194		0.95645			4
2025.03.20	01:50:12.146		0.95644			4
2025.03.20	01:50:17.194		0.95645			4
2025.03.20	01:50:25.583	0.95633				2
2025.03.20	01:50:25.884	0.95632				2
2025.03.20	01:50:27.412		0.95646			4
2025.03.20	01:50:30.362	0.95633				2
2025.03.20	01:50:30.685	0.95635	0.95647			6
2025.03.20	01:50:31.716		0.95646			4
2025.03.20	01:50:33.094		0.95645			4
2025.03.20	01:50:35.547	0.95636	0.95647			6
2025.03.20	01:50:41.194		0.95646			4
2025.03.20	01:50:47.005		0.95647			4
2025.03.20	01:50:59.547	0.95635	0.95646			6
2025.03.20	01:51:00.474	0.95635				2
2025.03.20	01:51:01.274	0.95642	0.95651			6
2025.03.20	01:51:01.609		0.95652			4
2025.03.20	01:51:02.218	0.95641	0.95650			6
2025.03.20	01:51:03.426	0.95640				2
2025.03.20	01:51:04.377	0.95641	0.95652			6
2025.03.20	01:51:05.633	0.95640	0.95651			6
2025.03.20	01:51:06.714		0.95650			4
2025.03.20	01:51:07.555		0.95651			4
2025.03.20	01:51:07.991		0.95650			4
2025.03.20	01:51:14.359		0.95651			4
2025.03.20	01:51:14.740		0.95650			4
2025.03.20	01:51:15.431	0.95639				2
2025.03.20	01:51:30.731	0.95638	0.95651			6
2025.03.20	01:51:31.404	0.95641	0.95653			6
2025.03.20	01:51:32.380	0.95639	0.95650			6
2025.03.20	01:51:34.061		0.95651			4
2025.03.20	01:51:34.407	0.95641	0.95652			6
2025.03.20	01:51:38.192	0.95637	0.95651			6
2025.03.20	01:51:41.717	0.95639				2
2025.03.20	01:51:48.410	0.95641	0.95652			6
2025.03.20	01:51:48.995		0.95653			4
2025.03.20	01:51:49.571		0.95652			4
2025.03.20	01:51:51.527		0.95653			4
2025.03.20	01:51:57.692	0.95640	0.95651			6
2025.03.20	01:52:01.856	0.95640				2
2025.03.20	01:52:18.356	0.95636	0.95649			6
2025.03.20	01:52:19.580		0.95647			4
2025.03.20	01:52:20.479		0.95648			4
2025.03.20	01:52:24.791	0.95638				2
2025.03.20	01:52:25.100		0.95649			4
2025.03.20	01:52:27.083		0.95648			4
2025.03.20	01:52:29.029	0.95635	0.95649			6
2025.03.20	01:52:35.685		0.95648			4
2025.03.20	01:52:37.843	0.95634	0.95649			6
2025.03.20	01:52:38.149		0.95648			4
2025.03.20	01:52:38.640	0.95635				2
2025.03.20	01:52:39.060		0.95649			4
2025.03.20	01:52:44.206	0.95633	0.95647			6
2025.03.20	01:52:53.123	0.95629	0.95643			6
2025.03.20	01:52:58.333		0.95641			4
2025.03.20	01:52:58.648	0.95627	0.95640			6
2025.03.20	01:52:59.072	0.95628	0.95641			6
2025.03.20	01:53:00.521	0.95629	0.95642			6
2025.03.20	01:53:00.900	0.95628	0.95641			6
2025.03.20	01:53:01.799	0.95627	0.95640			6
2025.03.20	01:53:02.194	0.95628				2
2025.03.20	01:53:06.464		0.95638			4
2025.03.20	01:53:08.899	0.95623	0.95635			6
2025.03.20	01:53:09.207	0.95621	0.95632			6
2025.03.20	01:53:11.117	0.95624	0.95636			6
2025.03.20	01:53:27.277	0.95625				2
2025.03.20	01:53:27.603	0.95624				2
2025.03.20	01:53:34.975		0.95637			4
2025.03.20	01:53:39.237		0.95636			4
2025.03.20	01:53:44.355	0.95623				2
2025.03.20	01:53:55.056	0.95622				2
2025.03.20	01:53:56.408	0.95623				2
2025.03.20	01:54:00.533	0.95623				2
2025.03.20	01:54:01.833	0.95622	0.95635			6
2025.03.20	01:54:08.136	0.95623	0.95634			6
2025.03.20	01:54:11.435	0.95622				2
2025.03.20	01:54:13.594	0.95623				2
2025.03.20	01:54:14.616	0.95622				2
2025.03.20	01:54:20.302		0.95635			4
2025.03.20	01:54:23.050		0.95634			4
2025.03.20	01:54:23.568		0.95635			4
2025.03.20	01:54:24.567		0.95634			4
2025.03.20	01:54:26.788	0.95623				2
2025.03.20	01:54:27.097	0.95622				2
2025.03.20	01:54:27.875	0.95620	0.95631			6
2025.03.20	01:54:34.280		0.95633			4
2025.03.20	01:54:52.408	0.95618	0.95631			6
2025.03.20	01:54:56.895	0.95619				2
2025.03.20	01:54:59.046		0.95633			4
2025.03.20	01:55:01.120	0.95619				2
2025.03.20	01:55:05.949		0.95631			4
2025.03.20	01:55:33.136	0.95618				2
2025.03.20	01:55:35.883		0.95630			4
2025.03.20	01:55:37.342		0.95631			4
2025.03.20	01:55:47.382	0.95619				2
2025.03.20	01:55:47.911		0.95632			4
2025.03.20	01:56:00.495	0.95619	0.95633			6
2025.03.20	01:56:01.460	0.95622	0.95634			6
2025.03.20	01:56:04.360		0.95632			4
2025.03.20	01:56:06.378	0.95621				2
2025.03.20	01:56:10.225	0.95622	0.95635			6
2025.03.20	01:56:28.815		0.95634			4
2025.03.20	01:56:31.107	0.95621				2
2025.03.20	01:56:43.813	0.95623				2
2025.03.20	01:56:45.364	0.95621	0.95631			6
2025.03.20	01:56:57.409	0.95622	0.95632			6
2025.03.20	01:56:57.717	0.95623	0.95634			6
2025.03.20	01:57:00.480	0.95623				2
2025.03.20	01:57:09.204	0.95625	0.95636			6
2025.03.20	01:57:10.614		0.95635			4
2025.03.20	01:57:11.928		0.95634			4
2025.03.20	01:57:12.233	0.95624				2
2025.03.20	01:57:15.105	0.95626	0.95637			6
2025.03.20	01:57:22.381		0.95638			4
2025.03.20	01:57:22.859		0.95637			4
2025.03.20	01:57:23.342	0.95627				2
2025.03.20	01:57:26.794		0.95638			4
2025.03.20	01:57:27.733	0.95625	0.95637			6
2025.03.20	01:57:33.200	0.95627	0.95638			6
2025.03.20	01:57:34.380	0.95625	0.95637			6
2025.03.20	01:57:36.694		0.95638			4
2025.03.20	01:57:39.994		0.95637			4
2025.03.20	01:57:45.927	0.95627	0.95638			6
2025.03.20	01:57:52.793		0.95637			4
2025.03.20	01:57:56.281	0.95625				2
2025.03.20	01:58:02.803	0.95625				2
2025.03.20	01:58:07.588	0.95626	0.95636			6
2025.03.20	01:58:16.256		0.95637			4
2025.03.20	01:58:30.079	0.95624				2
2025.03.20	01:58:32.194		0.95638			4
2025.03.20	01:58:33.638	0.95625	0.95637			6
2025.03.20	01:58:48.323	0.95626				2
2025.03.20	01:58:49.885	0.95628				2
2025.03.20	01:58:50.225	0.95629				2
2025.03.20	01:58:50.632	0.95628	0.95636			6
2025.03.20	01:58:50.997		0.95637			4
2025.03.20	01:58:52.804		0.95636			4
2025.03.20	01:58:53.588		0.95637			4
2025.03.20	01:58:59.088	0.95625	0.95638			6
2025.03.20	01:59:00.297	0.95625	0.95637			6
2025.03.20	01:59:00.632	0.95627	0.95636			6
2025.03.20	01:59:15.168		0.95638			4
2025.03.20	01:59:16.591		0.95637			4
2025.03.20	01:59:18.387	0.95628				2
2025.03.20	01:59:18.700	0.95626	0.95638			6
2025.03.20	01:59:22.280		0.95637			4
2025.03.20	01:59:23.445	0.95627	0.95638			6
2025.03.20	01:59:24.630	0.95626				2
2025.03.20	01:59:28.087		0.95637			4
2025.03.20	01:59:30.189		0.95638			4
2025.03.20	01:59:34.840		0.95637			4
2025.03.20	01:59:38.000		0.95638			4
2025.03.20	01:59:42.098		0.95637			4
2025.03.20	01:59:44.570	0.95625	0.95636			6
2025.03.20	01:59:53.674	0.95626	0.95638			6
2025.03.20	01:59:56.732		0.95636			4
2025.03.20	01:59:59.835		0.95638			4
2025.03.20	02:00:00.361	0.95627	0.95637			6
2025.03.20	02:00:02.342	0.95628	0.95636			6
2025.03.20	02:00:03.054	0.95627				2
2025.03.20	02:00:05.803		0.95637			4
2025.03.20	02:00:06.370	0.95629	0.95638			6
2025.03.20	02:00:07.762	0.95631	0.95639			6
2025.03.20	02:00:21.049		0.95642			4
2025.03.20	02:00:21.868	0.95634				2
2025.03.20	02:00:22.568		0.95643			4
2025.03.20	02:00:23.928		0.95642			4
2025.03.20	02:00:24.746		0.95643			4
2025.03.20	02:00:32.041	0.95635				2
2025.03.20	02:00:32.826	0.95634				2
2025.03.20	02:00:36.979	0.95632				2
2025.03.20	02:00:39.023	0.95633	0.95642			6
2025.03.20	02:00:43.604		0.95643			4
2025.03.20	02:00:44.110	0.95634				2
2025.03.20	02:00:45.063		0.95642			4
2025.03.20	02:00:51.724		0.95643			4
2025.03.20	02:00:56.148	0.95633				2
2025.03.20	02:00:57.391		0.95642			4
2025.03.20	02:00:58.542		0.95643			4
2025.03.20	02:01:00.468	0.95633				2
2025.03.20	02:01:04.318	0.95635	0.95644			6
2025.03.20	02:01:04.627		0.95643			4
2025.03.20	02:01:05.754		0.95644			4
2025.03.20	02:01:06.691	0.95634	0.95643			6
2025.03.20	02:01:07.157	0.95633				2
2025.03.20	02:01:07.537		0.95642			4
2025.03.20	02:01:10.486		0.95643			4
2025.03.20	02:01:12.488		0.95642			4
2025.03.20	02:01:20.197		0.95643			4
2025.03.20	02:01:34.533	0.95635	0.95646			6
2025.03.20	02:01:36.094		0.95645			4
2025.03.20	02:01:37.841		0.95646			4
2025.03.20	02:01:41.194		0.95645			4
2025.03.20	02:01:43.281	0.95636				2
2025.03.20	02:01:44.242		0.95644			4
2025.03.20	02:01:50.496		0.95643			4
2025.03.20	02:01:55.778	0.95633	0.95641			6
2025.03.20	02:02:00.581	0.95633				2
2025.03.20	02:02:05.401	0.95632				2
2025.03.20	02:02:05.722	0.95633				2
2025.03.20	02:02:27.251	0.95632				2
2025.03.20	02:02:33.720		0.95642			4
2025.03.20	02:02:34.041	0.95633	0.95641			6
2025.03.20	02:02:37.189		0.95642			4
2025.03.20	02:02:39.991	0.95634				2
2025.03.20	02:02:50.535	0.95631	0.95640			6
2025.03.20	02:02:52.395		0.95641			4
2025.03.20	02:02:52.826		0.95640			4
2025.03.20	02:02:57.284	0.95630				2
2025.03.20	02:02:58.127		0.95639			4
2025.03.20	02:03:00.485	0.95630	0.95640			6
2025.03.20	02:03:04.667	0.95632	0.95642			6
2025.03.20	02:03:06.685	0.95634	0.95643			6
2025.03.20	02:03:07.965		0.95644			4
2025.03.20	02:03:10.269	0.95636	0.95645			6
2025.03.20	02:03:10.680		0.95646			4
2025.03.20	02:03:11.983		0.95644			4
2025.03.20	02:03:12.395	0.95634				2
2025.03.20	02:03:18.433		0.95643			4
2025.03.20	02:03:22.040	0.95630	0.95641			6
2025.03.20	02:03:29.187	0.95632				2
2025.03.20	02:03:30.696		0.95642			4
2025.03.20	02:03:33.385		0.95641			4
2025.03.20	02:03:38.325	0.95631				2
2025.03.20	02:04:01.476	0.95631				2
2025.03.20	02:04:08.181		0.95642			4
2025.03.20	02:04:10.512		0.95641			4
2025.03.20	02:04:20.928	0.95630	0.95638			6
2025.03.20	02:04:22.769	0.95628	0.95636			6
2025.03.20	02:04:23.377		0.95637			4
2025.03.20	02:04:25.879		0.95636			4
2025.03.20	02:04:27.633		0.95637			4
2025.03.20	02:04:30.715	0.95630	0.95638			6
2025.03.20	02:04:31.773		0.95640			4
2025.03.20	02:04:33.223		0.95639			4
2025.03.20	02:04:34.053	0.95631				2
2025.03.20	02:04:38.761		0.95640			4
2025.03.20	02:04:40.580	0.95629	0.95638			6
2025.03.20	02:04:44.855		0.95637			4
2025.03.20	02:04:45.485	0.95630	0.95638			6
2025.03.20	02:04:46.091	0.95631	0.95639			6
2025.03.20	02:04:46.998	0.95629	0.95638			6
2025.03.20	02:04:47.316	0.95630	0.95639			6
2025.03.20	02:04:49.455		0.95640			4
2025.03.20	02:05:00.259	0.95630				2
2025.03.20	02:05:01.179	0.95631				2
2025.03.20	02:05:02.898		0.95641			4
2025.03.20	02:05:10.409	0.95632	0.95640			6
2025.03.20	02:05:12.559	0.95631	0.95641			6
2025.03.20	02:05:12.863		0.95640			4
2025.03.20	02:05:19.054		0.95641			4
2025.03.20	02:05:19.357	0.95632				2
2025.03.20	02:05:34.884	0.95634	0.95643			6
2025.03.20	02:05:35.199		0.95644			4
2025.03.20	02:05:53.517		0.95643			4
2025.03.20	02:05:53.827		0.95644			4
2025.03.20	02:06:00.240	0.95634				2
2025.03.20	02:06:00.596		0.95643			4
2025.03.20	02:06:04.059		0.95644			4
2025.03.20	02:06:05.778	0.95633	0.95641			6
2025.03.20	02:06:09.546	0.95632				2
2025.03.20	02:06:13.711	0.95634	0.95643			6
2025.03.20	02:06:20.371		0.95645			4
2025.03.20	02:06:22.052	0.95636				2
2025.03.20	02:06:23.083		0.95644			4
2025.03.20	02:06:24.356		0.95645			4
2025.03.20	02:06:27.689	0.95637				2
2025.03.20	02:06:34.975	0.95636				2
2025.03.20	02:06:35.675		0.95644			4
2025.03.20	02:06:37.832	0.95632	0.95641			6
2025.03.20	02:06:39.709	0.95631				2
2025.03.20	02:06:43.962	0.95632	0.95642			6
2025.03.20	02:06:47.765	0.95635	0.95644			6
2025.03.20	02:06:52.928		0.95645			4
2025.03.20	02:06:55.053		0.95644			4
2025.03.20	02:07:00.273	0.95635				2
2025.03.20	02:07:07.885	0.95636	0.95645			6
2025.03.20	02:07:16.397		0.95646			4
2025.03.20	02:07:16.954		0.95645			4
2025.03.20	02:07:17.821		0.95646			4
2025.03.20	02:07:20.625		0.95645			4
2025.03.20	02:07:26.342	0.95635				2
2025.03.20	02:07:37.154	0.95633	0.95644			6
2025.03.20	02:07:38.047	0.95635	0.95645			6
2025.03.20	02:07:40.452		0.95646			4
2025.03.20	02:07:47.655		0.95645			4
2025.03.20	02:08:00.567	0.95635	0.95646			6
2025.03.20	02:08:01.286		0.95645			4
2025.03.20	02:08:08.630	0.95639	0.95647			6
2025.03.20	02:08:09.832	0.95637	0.95646			6
2025.03.20	02:09:00.078	0.95638	0.95647			6
2025.03.20	02:09:02.004	0.95637				2
2025.03.20	02:09:02.776		0.95646			4
2025.03.20	02:09:03.932		0.95647			4
2025.03.20	02:09:15.714		0.95646			4
2025.03.20	02:10:03.265	0.95637				2
2025.03.20	02:10:03.567	0.95636				2
2025.03.20	02:10:04.654	0.95637				2
2025.03.20	02:10:04.976	0.95640	0.95648			6
2025.03.20	02:10:06.345	0.95638	0.95647			6
2025.03.20	02:10:16.478		0.95648			4
2025.03.20	02:10:22.412	0.95640	0.95650			6
2025.03.20	02:10:23.007	0.95641				2
2025.03.20	02:10:38.053		0.95651			4
2025.03.20	02:10:40.745	0.95642				2
2025.03.20	02:10:43.326	0.95644	0.95653			6
2025.03.20	02:10:43.629		0.95652			4
2025.03.20	02:10:43.976	0.95645	0.95654			6
2025.03.20	02:10:44.354		0.95653			4
2025.03.20	02:10:46.096		0.95654			4
2025.03.20	02:10:47.612	0.95646	0.95655			6
2025.03.20	02:10:57.042	0.95649	0.95657			6
2025.03.20	02:10:57.370	0.95650	0.95658			6
2025.03.20	02:10:57.687		0.95659			4
2025.03.20	02:11:00.330	0.95650				2
2025.03.20	02:11:07.321	0.95649	0.95660			6
2025.03.20	02:11:11.195		0.95659			4
2025.03.20	02:11:12.334	0.95648	0.95658			6
2025.03.20	02:11:13.175		0.95657			4
2025.03.20	02:11:16.473	0.95649	0.95658			6
2025.03.20	02:11:19.798		0.95660			4
2025.03.20	02:11:24.396		0.95659			4
2025.03.20	02:11:25.719		0.95658			4
2025.03.20	02:11:30.748		0.95659			4
2025.03.20	02:11:37.146	0.95648	0.95657			6
2025.03.20	02:11:37.457		0.95656			4
2025.03.20	02:11:43.755	0.95644	0.95655			6
2025.03.20	02:11:44.152		0.95654			4
2025.03.20	02:12:01.946	0.95644				2
2025.03.20	02:12:11.249		0.95653			4
2025.03.20	02:12:23.587		0.95654			4
2025.03.20	02:12:33.671		0.95653			4
2025.03.20	02:12:33.996		0.95654			4
2025.03.20	02:12:47.751	0.95645	0.95655			6
2025.03.20	02:12:48.058		0.95653			4
2025.03.20	02:13:00.480	0.95645				2
2025.03.20	02:13:02.363	0.95642	0.95651			6
2025.03.20	02:13:09.032		0.95652			4
2025.03.20	02:13:11.897		0.95651			4
2025.03.20	02:13:12.278	0.95641				2
2025.03.20	02:13:34.611	0.95643	0.95653			6
2025.03.20	02:13:40.382	0.95641	0.95651			6
2025.03.20	02:13:44.470		0.95650			4
2025.03.20	02:13:46.810		0.95651			4
2025.03.20	02:13:47.161	0.95640	0.95650			6
2025.03.20	02:13:50.540		0.95651			4
2025.03.20	02:13:51.717	0.95641				2
2025.03.20	02:13:56.199		0.95650			4
2025.03.20	02:13:58.473		0.95651			4
2025.03.20	02:14:00.308	0.95641				2
2025.03.20	02:14:08.494	0.95640				2
2025.03.20	02:14:23.018	0.95638				2
2025.03.20	02:14:24.703	0.95640	0.95650			6
2025.03.20	02:14:26.208		0.95651			4
2025.03.20	02:14:57.555		0.95650			4
2025.03.20	02:14:58.686		0.95651			4
2025.03.20	02:15:00.376	0.95640				2
2025.03.20	02:15:01.178	0.95639	0.95650			6
2025.03.20	02:15:10.773	0.95640				2
2025.03.20	02:15:18.348		0.95651			4
2025.03.20	02:15:19.673	0.95639	0.95650			6
2025.03.20	02:15:21.680	0.95638	0.95649			6
2025.03.20	02:15:24.645		0.95650			4
2025.03.20	02:15:29.042	0.95639				2
2025.03.20	02:15:35.774	0.95636	0.95649			6
2025.03.20	02:15:46.072		0.95648			4
2025.03.20	02:15:53.196		0.95647			4
2025.03.20	02:15:56.281	0.95638				2
2025.03.20	02:15:57.094		0.95648			4
2025.03.20	02:15:58.830	0.95640	0.95649			6
2025.03.20	02:16:00.315	0.95639	0.95648			6
2025.03.20	02:16:03.575		0.95649			4
2025.03.20	02:16:08.563	0.95637	0.95647			6
2025.03.20	02:16:15.467	0.95636				2
2025.03.20	02:16:16.661		0.95645			4
2025.03.20	02:16:17.170		0.95646			4
2025.03.20	02:16:17.670	0.95637				2
2025.03.20	02:16:19.695		0.95647			4
2025.03.20	02:16:24.343	0.95639				2
2025.03.20	02:16:24.652		0.95648			4
2025.03.20	02:16:25.513		0.95649			4
2025.03.20	02:16:38.894	0.95637	0.95646			6
2025.03.20	02:16:41.958		0.95647			4
2025.03.20	02:16:47.529		0.95646			4
2025.03.20	02:16:50.072		0.95647			4
2025.03.20	02:16:54.198		0.95646			4
2025.03.20	02:17:00.574	0.95636	0.95645			6
2025.03.20	02:17:11.206	0.95635				2
2025.03.20	02:17:30.358		0.95646			4
2025.03.20	02:17:32.123	0.95636				2
2025.03.20	02:17:32.525		0.95645			4
2025.03.20	02:17:37.945	0.95633	0.95644			6
2025.03.20	02:17:38.423	0.95632				2
2025.03.20	02:17:38.750		0.95645			4
2025.03.20	02:17:51.869		0.95644			4
2025.03.20	02:17:58.035		0.95641			4
2025.03.20	02:18:00.601	0.95632				2
2025.03.20	02:18:13.007	0.95630	0.95640			6
2025.03.20	02:18:14.122		0.95641			4
2025.03.20	02:18:21.061	0.95632				2
2025.03.20	02:18:22.141	0.95624	0.95635			6
2025.03.20	02:18:22.453	0.95626	0.95636			6
2025.03.20	02:18:22.766		0.95637			4
2025.03.20	02:18:23.122	0.95627				2
2025.03.20	02:18:25.694	0.95628				2
2025.03.20	02:18:25.999	0.95629	0.95638			6
2025.03.20	02:18:28.198	0.95628				2
2025.03.20	02:18:35.266		0.95637			4
2025.03.20	02:18:44.592	0.95627				2
2025.03.20	02:18:45.009		0.95638			4
2025.03.20	02:18:49.292	0.95628				2
2025.03.20	02:18:51.674	0.95627				2
2025.03.20	02:18:52.201	0.95626	0.95637			6
2025.03.20	02:18:53.424	0.95627	0.95638			6
2025.03.20	02:19:00.491	0.95627				2
2025.03.20	02:19:01.615		0.95639			4
2025.03.20	02:19:02.663		0.95638			4
2025.03.20	02:19:12.481	0.95626				2
2025.03.20	02:19:14.730	0.95628	0.95639			6
2025.03.20	02:19:16.406		0.95638			4
2025.03.20	02:19:22.242		0.95639			4
2025.03.20	02:19:37.049		0.95638			4
2025.03.20	02:19:40.378		0.95639			4
2025.03.20	02:19:54.720	0.95627				2
2025.03.20	02:20:00.765	0.95626	0.95637			6
2025.03.20	02:20:07.671	0.95629	0.95638			6
2025.03.20	02:20:09.275		0.95637			4
2025.03.20	02:20:10.518		0.95638			4
2025.03.20	02:20:12.162		0.95637			4
2025.03.20	02:20:12.568	0.95628				2
2025.03.20	02:20:18.468	0.95629				2
2025.03.20	02:20:18.806	0.95626				2
2025.03.20	02:20:19.414	0.95627				2
2025.03.20	02:20:20.510	0.95628				2
2025.03.20	02:20:29.085	0.95625	0.95636			6
2025.03.20	02:20:29.408		0.95634			4
2025.03.20	02:20:30.335	0.95624				2
2025.03.20	02:20:30.657		0.95633			4
2025.03.20	02:20:31.653	0.95625	0.95634			6
2025.03.20	02:20:33.800		0.95635			4
2025.03.20	02:20:35.887	0.95626				2
2025.03.20	02:20:41.106	0.95625	0.95636			6
2025.03.20	02:20:44.239	0.95624	0.95634			6
2025.03.20	02:20:44.546		0.95635			4
2025.03.20	02:20:46.901	0.95625				2
2025.03.20	02:20:49.042		0.95636			4
2025.03.20	02:20:52.509		0.95635			4
2025.03.20	02:20:58.091		0.95636			4
2025.03.20	02:20:59.173		0.95635			4
2025.03.20	02:21:00.144	0.95625				2
2025.03.20	02:21:06.261	0.95624	0.95636			6
2025.03.20	02:21:06.565	0.95623				2
2025.03.20	02:21:16.441	0.95624				2
2025.03.20	02:21:16.894		0.95637			4
2025.03.20	02:21:19.544		0.95636			4
2025.03.20	02:21:20.457		0.95637			4
2025.03.20	02:21:25.302	0.95623	0.95636			6
2025.03.20	02:21:29.327		0.95634			4
2025.03.20	02:21:29.644		0.95636			4
2025.03.20	02:21:30.291		0.95634			4
2025.03.20	02:21:30.906		0.95636			4
2025.03.20	02:21:31.583	0.95621	0.95637			6
2025.03.20	02:21:31.893	0.95622	0.95635			6
2025.03.20	02:21:34.769		0.95637			4
2025.03.20	02:21:38.923	0.95623				2
2025.03.20	02:21:45.528	0.95627	0.95638			6
2025.03.20	02:21:45.848	0.95626	0.95637			6
2025.03.20	02:21:50.745	0.95625	0.95638			6
2025.03.20	02:21:53.461	0.95626	0.95637			6
2025.03.20	02:21:58.158	0.95628	0.95639			6
2025.03.20	02:22:00.567	0.95628				2
2025.03.20	02:22:02.540		0.95641			4
2025.03.20	02:22:03.994		0.95639			4
2025.03.20	02:22:04.378		0.95642			4
2025.03.20	02:22:06.095		0.95639			4
2025.03.20	02:22:12.094		0.95641			4
2025.03.20	02:22:12.696		0.95639			4
2025.03.20	02:22:13.596		0.95641			4
2025.03.20	02:22:14.795		0.95639			4
2025.03.20	02:22:15.865	0.95629	0.95641			6
2025.03.20	02:22:17.023	0.95628	0.95639			6
2025.03.20	02:22:17.831	0.95626	0.95637			6
2025.03.20	02:22:30.508		0.95638			4
2025.03.20	02:22:34.566		0.95637			4
2025.03.20	02:22:34.935	0.95625	0.95635			6
2025.03.20	02:22:35.285	0.95626				2
2025.03.20	02:22:35.590		0.95637			4
2025.03.20	02:22:36.351	0.95625	0.95636			6
2025.03.20	02:22:39.006	0.95626	0.95637			6
2025.03.20	02:22:40.358	0.95625	0.95636			6
2025.03.20	02:22:48.377	0.95622	0.95633			6
2025.03.20	02:22:58.743		0.95634			4
2025.03.20	02:23:00.502	0.95622				2
2025.03.20	02:23:19.172	0.95621	0.95633			6
2025.03.20	02:23:22.280	0.95622				2
2025.03.20	02:23:24.189	0.95621	0.95635			6
2025.03.20	02:23:28.097	0.95623				2
2025.03.20	02:23:28.482	0.95624				2
2025.03.20	02:23:35.195	0.95623				2
2025.03.20	02:23:36.821	0.95624				2
2025.03.20	02:23:49.474	0.95625	0.95636			6
2025.03.20	02:23:49.831	0.95624	0.95635			6
2025.03.20	02:23:52.735	0.95623				2
2025.03.20	02:24:00.218	0.95623				2
2025.03.20	02:24:03.653	0.95624				2
2025.03.20	02:24:04.268	0.95625				2
2025.03.20	02:24:09.224		0.95636			4
2025.03.20	02:24:12.096		0.95635			4
2025.03.20	02:24:13.152		0.95634			4
2025.03.20	02:24:13.481		0.95635			4
2025.03.20	02:24:14.202		0.95632			4
2025.03.20	02:24:14.539		0.95635			4
2025.03.20	02:24:15.650		0.95632			4
2025.03.20	02:24:16.404		0.95635			4
2025.03.20	02:24:16.975		0.95633			4
2025.03.20	02:24:25.065		0.95635			4
2025.03.20	02:24:29.116		0.95636			4
2025.03.20	02:24:30.215	0.95623	0.95635			6
2025.03.20	02:24:39.394		0.95634			4
2025.03.20	02:24:40.090		0.95635			4
2025.03.20	02:24:45.759		0.95634			4
2025.03.20	02:24:53.812		0.95635			4
2025.03.20	02:24:58.769	0.95622	0.95634			6
2025.03.20	02:25:00.394	0.95622	0.95635			6
2025.03.20	02:25:01.205		0.95634			4
2025.03.20	02:25:02.669	0.95623	0.95636			6
2025.03.20	02:25:04.135		0.95635			4
2025.03.20	02:25:08.063	0.95625	0.95637			6
2025.03.20	02:25:09.317	0.95626				2
2025.03.20	02:25:16.445		0.95636			4
2025.03.20	02:25:30.629		0.95637			4
2025.03.20	02:25:37.719	0.95627				2
2025.03.20	02:25:40.353		0.95638			4
2025.03.20	02:25:57.247	0.95631	0.95642			6
2025.03.20	02:26:02.618	0.95631				2
2025.03.20	02:26:03.606		0.95643			4
2025.03.20	02:26:17.347	0.95630	0.95642			6
2025.03.20	02:26:31.342		0.95641			4
2025.03.20	02:26:36.237	0.95629	0.95640			6
2025.03.20	02:26:36.608		0.95641			4
2025.03.20	02:27:00.486	0.95629	0.95640			6
2025.03.20	02:27:01.120		0.95639			4
2025.03.20	02:27:02.222	0.95628				2
2025.03.20	02:27:02.541		0.95641			4
2025.03.20	02:27:08.069	0.95630				2
2025.03.20	02:27:17.787	0.95628	0.95640			6
2025.03.20	02:27:18.263		0.95641			4
2025.03.20	02:27:26.615		0.95642			4
2025.03.20	02:27:27.520		0.95640			4
2025.03.20	02:27:55.617		0.95641			4
2025.03.20	02:28:00.027	0.95628				2
2025.03.20	02:28:03.877	0.95629				2
2025.03.20	02:28:09.165	0.95630				2
2025.03.20	02:28:24.387	0.95629				2
2025.03.20	02:28:28.651	0.95630	0.95642			6
2025.03.20	02:28:32.197		0.95641			4
2025.03.20	02:28:33.490	0.95629				2
2025.03.20	02:28:33.830	0.95631	0.95642			6
2025.03.20	02:28:34.199	0.95629				2
2025.03.20	02:28:35.256		0.95641			4
2025.03.20	02:29:00.354	0.95629				2
2025.03.20	02:29:15.387		0.95642			4
2025.03.20	02:29:28.493	0.95630	0.95643			6
2025.03.20	02:29:32.195		0.95642			4
2025.03.20	02:29:34.511		0.95643			4
2025.03.20	02:29:35.247		0.95642			4
2025.03.20	02:29:36.684		0.95643			4
2025.03.20	02:29:37.184		0.95642			4
2025.03.20	02:29:40.775		0.95643			4
2025.03.20	02:29:41.414		0.95642			4
2025.03.20	02:29:45.264	0.95634	0.95646			6
2025.03.20	02:29:45.662	0.95633	0.95645			6
2025.03.20	02:29:47.251	0.95632				2
2025.03.20	02:29:57.426		0.95644			4
2025.03.20	02:30:00.589	0.95632				2
2025.03.20	02:30:15.186		0.95645			4
2025.03.20	02:30:15.494	0.95635	0.95646			6
2025.03.20	02:30:17.736		0.95647			4
2025.03.20	02:30:18.084		0.95646			4
2025.03.20	02:30:23.121		0.95647			4
2025.03.20	02:30:26.901	0.95633	0.95646			6
2025.03.20	02:30:36.910	0.95634				2
2025.03.20	02:30:39.361		0.95645			4
2025.03.20	02:30:39.965		0.95646			4
2025.03.20	02:30:40.970		0.95645			4
2025.03.20	02:30:41.376	0.95633				2
2025.03.20	02:30:43.379		0.95644			4
2025.03.20	02:30:51.142		0.95643			4
2025.03.20	02:31:00.438	0.95633	0.95645			6
2025.03.20	02:31:05.616		0.95646			4
2025.03.20	02:31:17.099		0.95645			4
2025.03.20	02:31:17.428		0.95646			4
2025.03.20	02:31:23.957		0.95645			4
2025.03.20	02:31:25.010	0.95635	0.95646			6
2025.03.20	02:31:30.695		0.95645			4
2025.03.20	02:31:31.595	0.95634				2
2025.03.20	02:31:32.292	0.95635	0.95646			6
2025.03.20	02:31:34.215	0.95634	0.95647			6
2025.03.20	02:31:34.554	0.95635				2
2025.03.20	02:31:36.145	0.95634	0.95646			6
2025.03.20	02:31:59.127	0.95631	0.95643			6
2025.03.20	02:32:00.200	0.95631				2
2025.03.20	02:32:00.507	0.95630	0.95641			6
2025.03.20	02:32:02.989	0.95629				2
2025.03.20	02:32:04.456	0.95630	0.95644			6
2025.03.20	02:32:10.745		0.95643			4
2025.03.20	02:32:13.332	0.95631				2
2025.03.20	02:32:16.154	0.95630	0.95641			6
2025.03.20	02:32:30.522	0.95629	0.95642			6
2025.03.20	02:32:34.924	0.95630	0.95641			6
2025.03.20	02:32:36.488	0.95629	0.95642			6
2025.03.20	02:32:37.757		0.95641			4
2025.03.20	02:32:38.496	0.95630				2
2025.03.20	02:32:39.678	0.95629	0.95642			6
2025.03.20	02:32:40.310	0.95630				2
2025.03.20	02:32:40.728	0.95629				2
2025.03.20	02:32:50.197	0.95630	0.95641			6
2025.03.20	02:33:00.138	0.95630				2
2025.03.20	02:33:12.915	0.95629	0.95642			6
2025.03.20	02:33:14.460	0.95630	0.95641			6
2025.03.20	02:33:47.447	0.95629				2
2025.03.20	02:33:48.583	0.95630	0.95643			6
2025.03.20	02:33:53.348	0.95629	0.95641			6
2025.03.20	02:34:00.122	0.95629				2
2025.03.20	02:34:11.394	0.95631	0.95644			6
2025.03.20	02:34:53.475	0.95630	0.95643			6
2025.03.20	02:34:55.389		0.95642			4
2025.03.20	02:34:57.192	0.95629				2
2025.03.20	02:34:58.109		0.95643			4
2025.03.20	02:35:00.361	0.95629				2
2025.03.20	02:35:14.412	0.95630				2
2025.03.20	02:35:16.937	0.95629	0.95641			6
2025.03.20	02:35:35.205	0.95630				2
2025.03.20	02:35:36.837	0.95629				2
2025.03.20	02:35:41.279		0.95640			4
2025.03.20	02:35:47.777	0.95628	0.95641			6
2025.03.20	02:35:48.081	0.95629				2
2025.03.20	02:36:00.361	0.95629	0.95640			6
2025.03.20	02:36:21.377		0.95641			4
2025.03.20	02:36:30.641		0.95639			4
2025.03.20	02:36:34.953		0.95640			4
2025.03.20	02:36:41.213	0.95630	0.95639			6
2025.03.20	02:36:41.547		0.95638			4
2025.03.20	02:36:41.864	0.95629				2
2025.03.20	02:36:42.165		0.95639			4
2025.03.20	02:36:42.560	0.95630				2
2025.03.20	02:36:43.059	0.95629				2
2025.03.20	02:36:44.433	0.95630				2
2025.03.20	02:36:45.360	0.95629	0.95642			6
2025.03.20	02:36:46.370		0.95640			4
2025.03.20	02:36:46.895		0.95639			4
2025.03.20	02:36:47.281		0.95640			4
2025.03.20	02:36:47.937	0.95630				2
2025.03.20	02:36:51.995	0.95629				2
2025.03.20	02:36:54.185	0.95630				2
2025.03.20	02:36:55.358	0.95629				2
2025.03.20	02:36:56.339	0.95628	0.95638			6
2025.03.20	02:36:58.933	0.95627				2
2025.03.20	02:37:00.465	0.95631	0.95645			6
2025.03.20	02:37:05.045		0.95644			4
2025.03.20	02:37:11.700	0.95634	0.95646			6
2025.03.20	02:37:16.728	0.95635	0.95647			6
2025.03.20	02:37:29.196		0.95646			4
2025.03.20	02:37:45.235		0.95647			4
2025.03.20	02:37:45.562	0.95634				2
2025.03.20	02:37:54.365	0.95633	0.95646			6
2025.03.20	02:37:56.375	0.95634	0.95645			6
2025.03.20	02:37:56.796	0.95633				2
2025.03.20	02:37:57.427	0.95632				2
2025.03.20	02:38:00.559	0.95632				2
2025.03.20	02:38:06.470	0.95634	0.95647			6
2025.03.20	02:38:08.070		0.95646			4
2025.03.20	02:38:09.747		0.95647			4
2025.03.20	02:38:15.994	0.95635				2
2025.03.20	02:38:17.200		0.95648			4
2025.03.20	02:38:22.958		0.95647			4
2025.03.20	02:38:31.878	0.95634	0.95646			6
2025.03.20	02:38:35.223	0.95635	0.95647			6
2025.03.20	02:38:50.149	0.95637				2
2025.03.20	02:38:50.479		0.95648			4
2025.03.20	02:38:57.079	0.95638	0.95649			6
2025.03.20	02:38:59.951	0.95637				2
2025.03.20	02:39:00.354	0.95637				2
2025.03.20	02:39:03.013	0.95638	0.95650			6
2025.03.20	02:39:03.462	0.95639	0.95651			6
2025.03.20	02:39:04.522	0.95640				2
2025.03.20	02:39:15.555		0.95653			4
2025.03.20	02:39:17.343	0.95641				2
2025.03.20	02:39:17.652		0.95654			4
2025.03.20	02:39:20.013	0.95642	0.95655			6
2025.03.20	02:39:25.534	0.95643	0.95654			6
2025.03.20	02:39:30.751		0.95655			4
2025.03.20	02:39:31.091	0.95644	0.95657			6
2025.03.20	02:39:33.237		0.95656			4
2025.03.20	02:39:37.842	0.95643				2
2025.03.20	02:39:42.384	0.95642	0.95653			6
2025.03.20	02:39:48.896	0.95641				2
2025.03.20	02:39:53.069	0.95642				2
2025.03.20	02:39:57.464	0.95641				2
2025.03.20	02:40:04.579	0.95642				2
2025.03.20	02:40:18.560	0.95643	0.95655			6
2025.03.20	02:40:21.176	0.95641				2
2025.03.20	02:40:23.197		0.95654			4
2025.03.20	02:40:23.558		0.95655			4
2025.03.20	02:40:35.740		0.95654			4
2025.03.20	02:40:37.324	0.95640	0.95653			6
2025.03.20	02:40:39.345		0.95652			4
2025.03.20	02:40:44.374	0.95641	0.95654			6
2025.03.20	02:40:57.333	0.95640				2
2025.03.20	02:41:00.484	0.95642	0.95655			6
2025.03.20	02:41:02.628		0.95654			4
2025.03.20	02:41:05.773		0.95655			4
2025.03.20	02:41:08.167		0.95653			4
2025.03.20	02:41:08.496	0.95641				2
2025.03.20	02:41:09.697	0.95640	0.95654			6
2025.03.20	02:41:24.640	0.95641	0.95655			6
2025.03.20	02:41:24.947		0.95653			4
2025.03.20	02:41:39.704	0.95640				2
2025.03.20	02:41:41.200	0.95641				2
2025.03.20	02:41:42.152	0.95640				2
2025.03.20	02:41:43.169	0.95641				2
2025.03.20	02:41:43.597	0.95640				2
2025.03.20	02:41:47.431	0.95641				2
2025.03.20	02:41:47.795	0.95640				2
2025.03.20	02:41:55.460		0.95652			4
2025.03.20	02:41:59.677	0.95639				2
2025.03.20	02:42:00.066	0.95639				2
2025.03.20	02:42:01.946	0.95640	0.95651			6
2025.03.20	02:42:02.881	0.95639	0.95650			6
2025.03.20	02:42:04.231	0.95640	0.95651			6
2025.03.20	02:42:17.172	0.95639	0.95650			6
2025.03.20	02:42:25.904	0.95637	0.95648			6
2025.03.20	02:42:26.345	0.95638	0.95649			6
2025.03.20	02:42:28.492		0.95648			4
2025.03.20	02:42:31.123	0.95637				2
2025.03.20	02:42:32.924	0.95638				2
2025.03.20	02:42:34.888	0.95637				2
2025.03.20	02:42:37.128	0.95638				2
2025.03.20	02:42:39.398		0.95649			4
2025.03.20	02:42:40.775	0.95639	0.95650			6
2025.03.20	02:42:41.425		0.95649			4
2025.03.20	02:42:42.345	0.95640	0.95650			6
2025.03.20	02:42:43.429	0.95636	0.95648			6
2025.03.20	02:42:47.575		0.95646			4
2025.03.20	02:42:53.120	0.95635				2
2025.03.20	02:42:57.532	0.95634				2
2025.03.20	02:42:58.665	0.95635				2
2025.03.20	02:43:00.404	0.95634	0.95645			6
2025.03.20	02:43:01.674		0.95644			4
2025.03.20	02:43:04.451	0.95633				2
2025.03.20	02:43:05.206	0.95634				2
2025.03.20	02:43:23.199	0.95633				2
2025.03.20	02:43:27.551	0.95634	0.95645			6
2025.03.20	02:43:28.025	0.95633	0.95644			6
2025.03.20	02:43:28.333		0.95643			4
2025.03.20	02:43:31.295	0.95632				2
2025.03.20	02:43:31.775	0.95633				2
2025.03.20	02:43:33.632		0.95642			4
2025.03.20	02:43:35.288	0.95632	0.95643			6
2025.03.20	02:43:41.023	0.95633	0.95644			6
2025.03.20	02:44:00.652	0.95633				2
2025.03.20	02:44:08.704	0.95634				2
2025.03.20	02:44:09.659	0.95635	0.95645			6
2025.03.20	02:44:13.548	0.95634				2
2025.03.20	02:44:18.353	0.95635				2
2025.03.20	02:44:20.991	0.95634				2
2025.03.20	02:44:25.442		0.95644			4
2025.03.20	02:44:25.894		0.95645			4
2025.03.20	02:44:30.283		0.95644			4
2025.03.20	02:44:34.247	0.95633				2
2025.03.20	02:44:52.380	0.95634	0.95645			6
2025.03.20	02:45:00.354	0.95634				2
2025.03.20	02:45:05.798	0.95633				2
2025.03.20	02:45:06.106		0.95644			4
2025.03.20	02:45:21.162	0.95634	0.95645			6
2025.03.20	02:45:21.695	0.95633	0.95644			6
2025.03.20	02:45:30.989	0.95634	0.95645			6
2025.03.20	02:45:32.456	0.95635	0.95646			6
2025.03.20	02:46:00.176	0.95635				2
2025.03.20	02:46:14.395		0.95647			4
2025.03.20	02:46:26.722	0.95636				2
2025.03.20	02:46:46.919		0.95646			4
2025.03.20	02:46:50.493		0.95647			4
2025.03.20	02:46:51.205	0.95634	0.95646			6
2025.03.20	02:46:56.367	0.95636	0.95647			6
2025.03.20	02:47:00.717	0.95635	0.95646			6
2025.03.20	02:47:01.026	0.95636	0.95647			6
2025.03.20	02:47:12.044		0.95646			4
2025.03.20	02:47:13.680	0.95635				2
2025.03.20	02:47:15.255	0.95634				2
2025.03.20	02:47:15.557		0.95645			4
2025.03.20	02:47:15.862	0.95633	0.95644			6
2025.03.20	02:47:20.829	0.95634	0.95645			6
2025.03.20	02:47:21.424		0.95644			4
2025.03.20	02:47:22.917	0.95633				2
2025.03.20	02:47:25.344	0.95634	0.95646			6
2025.03.20	02:47:26.112	0.95633				2
2025.03.20	02:47:26.427		0.95645			4
2025.03.20	02:47:36.879	0.95632	0.95644			6
2025.03.20	02:47:39.943		0.95643			4
2025.03.20	02:47:47.052		0.95644			4
2025.03.20	02:47:48.006		0.95643			4
2025.03.20	02:47:50.137	0.95631				2
2025.03.20	02:47:53.593	0.95632				2
2025.03.20	02:47:53.957		0.95642			4
2025.03.20	02:47:56.958		0.95643			4
2025.03.20	02:47:58.025	0.95631				2
2025.03.20	02:48:00.370	0.95630	0.95642			6
2025.03.20	02:48:05.632	0.95631				2
2025.03.20	02:48:11.038	0.95630	0.95641			6
2025.03.20	02:48:12.146	0.95631	0.95642			6
2025.03.20	02:48:14.879	0.95630				2
2025.03.20	02:48:15.186		0.95640			4
2025.03.20	02:48:17.546		0.95639			4
2025.03.20	02:48:20.870		0.95640			4
2025.03.20	02:48:24.786		0.95642			4
2025.03.20	02:48:26.375		0.95641			4
2025.03.20	02:48:30.458		0.95640			4
2025.03.20	02:48:33.008	0.95629	0.95639			6
2025.03.20	02:48:41.456		0.95641			4
2025.03.20	02:48:41.779	0.95630				2
2025.03.20	02:48:51.440	0.95629	0.95643			6
2025.03.20	02:48:51.844	0.95630				2
2025.03.20	02:48:52.297		0.95642			4
2025.03.20	02:48:54.609	0.95631				2
2025.03.20	02:48:56.011	0.95630				2
2025.03.20	02:48:57.183	0.95631				2
2025.03.20	02:48:57.894	0.95630				2
2025.03.20	02:48:58.226	0.95631				2
2025.03.20	02:48:58.836	0.95630				2
2025.03.20	02:48:59.254	0.95631				2
2025.03.20	02:49:00.926	0.95631				2
2025.03.20	02:49:01.967	0.95630				2
2025.03.20	02:49:03.812	0.95631				2
2025.03.20	02:49:16.621	0.95630	0.95640			6
2025.03.20	02:49:23.393	0.95632				2
2025.03.20	02:49:23.963	0.95630	0.95639			6
2025.03.20	02:49:24.694	0.95632	0.95640			6
2025.03.20	02:49:25.728	0.95633				2
2025.03.20	02:49:26.103	0.95634				2
2025.03.20	02:49:26.404	0.95630				2
2025.03.20	02:49:33.552		0.95641			4
2025.03.20	02:49:33.871	0.95629	0.95642			6
2025.03.20	02:49:34.317	0.95631				2
2025.03.20	02:49:36.005	0.95630				2
2025.03.20	02:49:39.954	0.95629				2
2025.03.20	02:49:48.722	0.95630				2
2025.03.20	02:49:53.678	0.95631				2
2025.03.20	02:49:53.986	0.95630	0.95641			6
2025.03.20	02:49:58.607	0.95629	0.95642			6
2025.03.20	02:49:59.884	0.95630	0.95640			6
2025.03.20	02:50:00.280	0.95630				2
2025.03.20	02:50:08.702	0.95629				2
2025.03.20	02:50:11.856	0.95630	0.95642			6
2025.03.20	02:50:18.148		0.95643			4
2025.03.20	02:50:23.375	0.95629	0.95644			6
2025.03.20	02:50:24.244	0.95630				2
2025.03.20	02:50:24.551		0.95643			4
2025.03.20	02:50:30.528	0.95629	0.95644			6
2025.03.20	02:50:36.322	0.95630	0.95643			6
2025.03.20	02:50:43.552		0.95644			4
2025.03.20	02:50:45.409		0.95643			4
2025.03.20	02:50:59.903	0.95631	0.95642			6
2025.03.20	02:51:00.246	0.95630	0.95643			6
2025.03.20	02:51:00.565		0.95642			4
2025.03.20	02:51:02.386	0.95629				2
2025.03.20	02:51:05.826	0.95630				2
2025.03.20	02:51:12.730		0.95641			4
2025.03.20	02:51:16.193	0.95629				2
2025.03.20	02:51:16.716	0.95640	0.95649			6
2025.03.20	02:51:17.823	0.95635	0.95647			6
2025.03.20	02:51:18.474	0.95633				2
2025.03.20	02:51:19.590	0.95634	0.95648			6
2025.03.20	02:51:19.896	0.95636				2
2025.03.20	02:51:22.144	0.95637				2
2025.03.20	02:51:24.924	0.95635	0.95646			6
2025.03.20	02:51:26.993		0.95645			4
2025.03.20	02:51:30.118		0.95644			4
2025.03.20	02:51:30.425	0.95634				2
2025.03.20	02:51:31.474	0.95632	0.95643			6
2025.03.20	02:51:35.978	0.95633	0.95644			6
2025.03.20	02:51:36.306	0.95637	0.95649			6
2025.03.20	02:51:36.644	0.95640	0.95651			6
2025.03.20	02:51:38.181	0.95639	0.95652			6
2025.03.20	02:51:38.712	0.95640	0.95651			6
2025.03.20	02:51:44.363		0.95652			4
2025.03.20	02:51:44.889		0.95653			4
2025.03.20	02:51:45.195	0.95642				2
2025.03.20	02:52:00.265	0.95642				2
2025.03.20	02:52:08.910		0.95652			4
2025.03.20	02:52:09.376		0.95653			4
2025.03.20	02:52:10.060		0.95652			4
2025.03.20	02:52:10.826	0.95641				2
2025.03.20	02:52:14.670	0.95640	0.95651			6
2025.03.20	02:52:19.402	0.95638	0.95649			6
2025.03.20	02:52:21.958		0.95648			4
2025.03.20	02:52:48.418	0.95639	0.95649			6
2025.03.20	02:52:52.145		0.95648			4
2025.03.20	02:52:54.394	0.95638				2
2025.03.20	02:53:00.470	0.95638				2
2025.03.20	02:53:16.189		0.95649			4
2025.03.20	02:53:32.262		0.95648			4
2025.03.20	02:54:00.477	0.95637	0.95649			6
2025.03.20	02:54:01.825	0.95638	0.95647			6
2025.03.20	02:54:15.388		0.95649			4
2025.03.20	02:54:17.579	0.95646	0.95655			6
2025.03.20	02:54:17.885	0.95645	0.95656			6
2025.03.20	02:54:22.535	0.95644				2
2025.03.20	02:54:25.584		0.95655			4
2025.03.20	02:54:31.734		0.95656			4
2025.03.20	02:54:32.092		0.95655			4
2025.03.20	02:54:41.383	0.95646	0.95656			6
2025.03.20	02:54:53.794		0.95657			4
2025.03.20	02:55:00.595	0.95646				2
2025.03.20	02:55:01.251		0.95656			4
2025.03.20	02:55:11.034		0.95657			4
2025.03.20	02:55:23.333		0.95656			4
2025.03.20	02:55:49.308	0.95644				2
2025.03.20	02:55:50.632	0.95645				2
2025.03.20	02:55:56.993	0.95644	0.95655			6
2025.03.20	02:56:00.495	0.95643				2
2025.03.20	02:56:10.889		0.95656			4
2025.03.20	02:56:12.097	0.95645				2
2025.03.20	02:56:12.419	0.95643				2
2025.03.20	02:56:12.735	0.95645				2
2025.03.20	02:56:14.075	0.95643				2
2025.03.20	02:56:17.198	0.95645				2
2025.03.20	02:56:23.334	0.95644				2
2025.03.20	02:56:25.800	0.95643				2
2025.03.20	02:56:26.194	0.95645				2
2025.03.20	02:56:32.156	0.95641	0.95651			6
2025.03.20	02:56:32.472	0.95640				2
2025.03.20	02:56:33.078		0.95650			4
2025.03.20	02:56:34.142		0.95649			4
2025.03.20	02:56:34.537		0.95652			4
2025.03.20	02:56:35.038		0.95651			4
2025.03.20	02:56:37.261		0.95652			4
2025.03.20	02:56:42.909	0.95636	0.95647			6
2025.03.20	02:56:50.324	0.95637				2
2025.03.20	02:56:52.431	0.95639	0.95649			6
2025.03.20	02:56:54.607	0.95640				2
2025.03.20	02:56:55.175		0.95652			4
2025.03.20	02:56:56.513	0.95641	0.95653			6
2025.03.20	02:56:57.419	0.95640				2
2025.03.20	02:57:00.417	0.95640				2
2025.03.20	02:57:01.400	0.95641				2
2025.03.20	02:57:09.919		0.95652			4
2025.03.20	02:57:11.714	0.95642				2
2025.03.20	02:57:21.491	0.95640				2
2025.03.20	02:57:22.818	0.95639				2
2025.03.20	02:57:23.856	0.95640				2
2025.03.20	02:57:28.621	0.95638				2
2025.03.20	02:57:30.389	0.95639				2
2025.03.20	02:57:30.726	0.95640				2
2025.03.20	02:57:31.752		0.95653			4
2025.03.20	02:57:33.929	0.95643				2
2025.03.20	02:57:34.328	0.95642				2
2025.03.20	02:57:40.371	0.95640				2
2025.03.20	02:57:47.531		0.95651			4
2025.03.20	02:57:52.829	0.95642	0.95652			6
2025.03.20	02:57:53.821		0.95653			4
2025.03.20	02:57:54.187	0.95640				2
2025.03.20	02:57:57.088		0.95652			4
2025.03.20	02:58:00.595	0.95640				2
2025.03.20	02:58:01.940	0.95641	0.95651			6
2025.03.20	02:58:06.570	0.95642	0.95650			6
2025.03.20	02:58:06.897	0.95640				2
2025.03.20	02:58:09.694	0.95642				2
2025.03.20	02:58:11.094		0.95652			4
2025.03.20	02:58:15.676	0.95641				2
2025.03.20	02:58:17.286	0.95642				2
2025.03.20	02:58:17.795	0.95640				2
2025.03.20	02:58:22.295	0.95642	0.95653			6
2025.03.20	02:58:22.600	0.95640				2
2025.03.20	02:58:25.384	0.95642				2
2025.03.20	02:58:26.793	0.95640				2
2025.03.20	02:58:27.228	0.95642				2
2025.03.20	02:58:28.294	0.95640				2
2025.03.20	02:58:28.623	0.95642				2
2025.03.20	02:58:32.384	0.95641	0.95652			6
2025.03.20	02:58:32.685	0.95642				2
2025.03.20	02:58:33.011	0.95640				2
2025.03.20	02:58:34.344	0.95641				2
2025.03.20	02:58:35.167	0.95642				2
2025.03.20	02:58:35.614	0.95643	0.95653			6
2025.03.20	02:58:36.318	0.95642				2
2025.03.20	02:58:37.029	0.95641				2
2025.03.20	02:58:37.437	0.95643				2
2025.03.20	02:58:38.123	0.95642				2
2025.03.20	02:58:39.036	0.95641				2
2025.03.20	02:58:40.211	0.95642				2
2025.03.20	02:58:42.396	0.95641	0.95654			6
2025.03.20	02:58:42.706		0.95655			4
2025.03.20	02:58:43.395	0.95642	0.95654			6
2025.03.20	02:58:45.267	0.95643				2
2025.03.20	02:59:00.033	0.95643				2
2025.03.20	02:59:06.050	0.95641	0.95653			6
2025.03.20	02:59:07.238		0.95652			4
2025.03.20	02:59:09.065	0.95642				2
2025.03.20	02:59:23.273		0.95653			4
2025.03.20	02:59:24.317	0.95641	0.95652			6
2025.03.20	02:59:28.600	0.95642	0.95653			6
2025.03.20	02:59:29.647	0.95641				2
2025.03.20	02:59:33.822	0.95642				2
2025.03.20	02:59:34.129	0.95641				2
2025.03.20	02:59:36.309	0.95643				2
2025.03.20	02:59:37.180	0.95641	0.95652			6
2025.03.20	02:59:37.786	0.95642	0.95653			6
2025.03.20	02:59:39.040	0.95643				2
2025.03.20	02:59:40.085	0.95641				2
2025.03.20	02:59:41.445	0.95642				2
2025.03.20	02:59:41.796	0.95641				2
2025.03.20	02:59:45.930	0.95642				2
2025.03.20	02:59:47.291		0.95654			4
2025.03.20	02:59:51.769		0.95655			4
2025.03.20	02:59:52.086	0.95644				2
2025.03.20	02:59:58.310	0.95642	0.95652			6
2025.03.20	02:59:58.613	0.95641	0.95651			6
2025.03.20	02:59:58.961	0.95640				2
2025.03.20	03:00:00.363	0.95640				2
2025.03.20	03:00:02.008	0.95641	0.95653			6
2025.03.20	03:00:02.318		0.95652			4
2025.03.20	03:00:04.409	0.95642	0.95653			6
2025.03.20	03:00:05.176	0.95643				2
2025.03.20	03:00:05.515	0.95642	0.95652			6
2025.03.20	03:00:06.608	0.95640				2
2025.03.20	03:00:06.927	0.95641	0.95651			6
2025.03.20	03:00:07.232	0.95640				2
2025.03.20	03:00:09.613	0.95639				2
2025.03.20	03:00:10.320		0.95650			4
2025.03.20	03:00:12.840	0.95640	0.95651			6
2025.03.20	03:00:13.146	0.95639	0.95650			6
2025.03.20	03:00:14.355		0.95649			4
2025.03.20	03:00:17.547	0.95640				2
2025.03.20	03:00:18.185	0.95639				2
2025.03.20	03:00:18.491	0.95640				2
2025.03.20	03:00:20.360	0.95641	0.95651			6
2025.03.20	03:00:20.666	0.95640	0.95649			6
2025.03.20	03:00:21.695	0.95637	0.95647			6
2025.03.20	03:00:22.120	0.95636	0.95646			6
2025.03.20	03:00:22.448		0.95647			4
2025.03.20	03:00:22.974		0.95646			4
2025.03.20	03:00:24.964	0.95633	0.95643			6
2025.03.20	03:00:26.061	0.95632				2
2025.03.20	03:00:28.722	0.95633				2
2025.03.20	03:00:31.729	0.95632				2
2025.03.20	03:00:32.501	0.95633				2
