<DATE>	<TIME>	<BID>	<ASK>	<LAST>	<VOLUME>	<FLAGS>
2025.07.17	00:03:31.050	0.93194	0.93278			6
2025.07.17	00:05:06.539	0.93162	0.93263			6
2025.07.17	00:05:09.476	0.93155	0.93259			6
2025.07.17	00:05:15.773	0.93154	0.93258			6
2025.07.17	00:05:17.486	0.93121	0.93260			6
2025.07.17	00:05:21.410	0.93122				2
2025.07.17	00:05:30.370	0.93126	0.93257			6
2025.07.17	00:05:31.464	0.93143	0.93253			6
2025.07.17	00:05:32.874	0.93140				2
2025.07.17	00:06:00.439	0.93143	0.93249			6
2025.07.17	00:06:07.538	0.93123	0.93255			6
2025.07.17	00:06:08.824	0.93124	0.93253			6
2025.07.17	00:06:10.525	0.93130	0.93243			6
2025.07.17	00:06:12.492	0.93131	0.93246			6
2025.07.17	00:06:14.708	0.93130	0.93249			6
2025.07.17	00:06:15.209	0.93129	0.93248			6
2025.07.17	00:06:16.524		0.93245			4
2025.07.17	00:06:17.926	0.93127	0.93248			6
2025.07.17	00:06:18.712	0.93126	0.93246			6
2025.07.17	00:06:20.044	0.93124	0.93245			6
2025.07.17	00:06:20.685	0.93120	0.93250			6
2025.07.17	00:06:22.705	0.93139	0.93278			6
2025.07.17	00:06:23.053		0.93279			4
2025.07.17	00:06:24.475	0.93124	0.93266			6
2025.07.17	00:06:26.712	0.93123				2
2025.07.17	00:06:27.699	0.93122	0.93264			6
2025.07.17	00:06:29.418		0.93267			4
2025.07.17	00:06:30.710		0.93269			4
2025.07.17	00:06:31.013	0.93121	0.93271			6
2025.07.17	00:06:33.919	0.93129	0.93275			6
2025.07.17	00:06:35.693	0.93132	0.93252			6
2025.07.17	00:06:45.837	0.93134	0.93253			6
2025.07.17	00:06:48.914	0.93138	0.93255			6
2025.07.17	00:07:12.767	0.93128	0.93249			6
2025.07.17	00:07:20.520	0.93141	0.93256			6
2025.07.17	00:07:24.479	0.93128	0.93247			6
2025.07.17	00:07:27.752	0.93130	0.93248			6
2025.07.17	00:07:35.819	0.93140	0.93257			6
2025.07.17	00:07:38.708	0.93130	0.93252			6
2025.07.17	00:07:41.911	0.93132				2
2025.07.17	00:07:42.517	0.93133				2
2025.07.17	00:07:44.549	0.93140	0.93257			6
2025.07.17	00:07:50.641	0.93142				2
2025.07.17	00:08:09.172	0.93130	0.93250			6
2025.07.17	00:08:12.755	0.93132	0.93252			6
2025.07.17	00:08:27.367		0.93250			4
2025.07.17	00:08:29.264	0.93144	0.93256			6
2025.07.17	00:08:34.973	0.93133	0.93250			6
2025.07.17	00:08:37.947		0.93249			4
2025.07.17	00:08:39.540	0.93138	0.93251			6
2025.07.17	00:08:42.134	0.93134	0.93272			6
2025.07.17	00:08:42.454	0.93135	0.93271			6
2025.07.17	00:08:50.026	0.93117	0.93289			6
2025.07.17	00:08:51.240	0.93116	0.93290			6
2025.07.17	00:09:00.023	0.93116				2
2025.07.17	00:09:00.328	0.93120	0.93294			6
2025.07.17	00:09:03.665	0.93121	0.93296			6
2025.07.17	00:09:05.481	0.93120	0.93294			6
2025.07.17	00:09:22.149	0.93121				2
2025.07.17	00:09:22.450	0.93104	0.93287			6
2025.07.17	00:09:22.754	0.93103	0.93294			6
2025.07.17	00:09:23.966	0.93102	0.93295			6
2025.07.17	00:09:31.237		0.93307			4
2025.07.17	00:09:31.541	0.93108	0.93301			6
2025.07.17	00:09:38.212		0.93300			4
2025.07.17	00:09:38.517	0.93109	0.93310			6
2025.07.17	00:09:40.333		0.93316			4
2025.07.17	00:09:42.153	0.93108	0.93319			6
2025.07.17	00:09:42.454	0.93104	0.93323			6
2025.07.17	00:09:44.574	0.93116	0.93318			6
2025.07.17	00:09:44.877	0.93110	0.93327			6
2025.07.17	00:09:46.394	0.93104	0.93333			6
2025.07.17	00:09:48.819	0.93145	0.93252			6
2025.07.17	00:09:50.667	0.93115	0.93331			6
2025.07.17	00:09:50.973	0.93117	0.93330			6
2025.07.17	00:09:54.607		0.93329			4
2025.07.17	00:09:58.547	0.93120				2
2025.07.17	00:10:00.063	0.93120				2
2025.07.17	00:10:00.366	0.93141	0.93299			6
2025.07.17	00:10:01.077	0.93142				2
2025.07.17	00:10:02.789	0.93141	0.93296			6
2025.07.17	00:10:04.479	0.93140	0.93297			6
2025.07.17	00:10:04.892	0.93141	0.93296			6
2025.07.17	00:10:05.577	0.93142	0.93295			6
2025.07.17	00:10:06.218		0.93294			4
2025.07.17	00:10:11.902	0.93120	0.93326			6
2025.07.17	00:10:20.093	0.93121				2
2025.07.17	00:10:21.913	0.93124	0.93329			6
2025.07.17	00:10:22.520	0.93123	0.93327			6
2025.07.17	00:10:26.159	0.93124	0.93329			6
2025.07.17	00:10:31.915		0.93328			4
2025.07.17	00:10:34.040	0.93125				2
2025.07.17	00:10:51.925		0.93327			4
2025.07.17	00:10:52.530	0.93126	0.93329			6
2025.07.17	00:10:54.045	0.93125	0.93327			6
2025.07.17	00:10:56.771	0.93126	0.93329			6
2025.07.17	00:11:00.104	0.93126				2
2025.07.17	00:11:01.623	0.93120	0.93335			6
2025.07.17	00:11:01.957	0.93119	0.93336			6
2025.07.17	00:11:05.289	0.93132	0.93309			6
2025.07.17	00:11:06.956	0.93147	0.93294			6
2025.07.17	00:11:08.622	0.93119	0.93336			6
2025.07.17	00:11:09.529	0.93147	0.93294			6
2025.07.17	00:11:15.744	0.93119	0.93336			6
2025.07.17	00:11:16.661	0.93147	0.93294			6
2025.07.17	00:11:22.756	0.93119	0.93336			6
2025.07.17	00:11:23.687	0.93147	0.93294			6
2025.07.17	00:11:27.783	0.93138	0.93303			6
2025.07.17	00:11:28.226	0.93132	0.93308			6
2025.07.17	00:11:29.014	0.93145	0.93295			6
2025.07.17	00:11:29.836	0.93119	0.93336			6
2025.07.17	00:11:30.758	0.93147	0.93294			6
2025.07.17	00:11:36.898	0.93119	0.93336			6
2025.07.17	00:11:37.826	0.93147	0.93294			6
2025.07.17	00:11:39.481		0.93293			4
2025.07.17	00:11:48.472	0.93145	0.93301			6
2025.07.17	00:11:48.887		0.93293			4
2025.07.17	00:11:49.476	0.93146				2
2025.07.17	00:11:58.275		0.93292			4
2025.07.17	00:12:00.782	0.93146				2
2025.07.17	00:12:03.176	0.93159	0.93334			6
2025.07.17	00:12:03.921	0.93165	0.93328			6
2025.07.17	00:12:06.351	0.93159	0.93337			6
2025.07.17	00:12:07.240		0.93340			4
2025.07.17	00:12:07.977	0.93156				2
2025.07.17	00:12:08.360	0.93162	0.93331			6
2025.07.17	00:12:09.045	0.93165	0.93328			6
2025.07.17	00:12:09.685	0.93168	0.93326			6
2025.07.17	00:12:11.280	0.93167				2
2025.07.17	00:12:13.869	0.93174	0.93319			6
2025.07.17	00:12:15.482	0.93177	0.93316			6
2025.07.17	00:12:26.278	0.93178				2
2025.07.17	00:12:31.677		0.93315			4
2025.07.17	00:12:39.478	0.93179				2
2025.07.17	00:12:40.302		0.93314			4
2025.07.17	00:12:42.355	0.93189	0.93330			6
2025.07.17	00:12:47.190		0.93329			4
2025.07.17	00:12:47.525		0.93326			4
2025.07.17	00:12:48.321	0.93188				2
2025.07.17	00:12:50.508	0.93183				2
2025.07.17	00:12:51.066		0.93324			4
2025.07.17	00:12:52.572	0.93188				2
2025.07.17	00:12:53.573	0.93191	0.93323			6
2025.07.17	00:13:00.551	0.93191				2
2025.07.17	00:13:02.741	0.93192	0.93325			6
2025.07.17	00:13:04.177	0.93194	0.93328			6
2025.07.17	00:13:05.245		0.93330			4
2025.07.17	00:13:06.147	0.93189				2
2025.07.17	00:13:08.329	0.93190	0.93331			6
2025.07.17	00:13:14.471	0.93189				2
2025.07.17	00:13:15.176	0.93190				2
2025.07.17	00:13:16.473		0.93329			4
2025.07.17	00:13:24.008	0.93188	0.93328			6
2025.07.17	00:13:25.892	0.93187	0.93326			6
2025.07.17	00:13:33.459	0.93195	0.93323			6
2025.07.17	00:13:44.878	0.93196				2
2025.07.17	00:14:00.570	0.93196				2
2025.07.17	00:14:01.379	0.93197				2
2025.07.17	00:14:02.650	0.93189	0.93324			6
2025.07.17	00:14:07.833		0.93325			4
2025.07.17	00:14:12.609	0.93185	0.93326			6
2025.07.17	00:14:12.935	0.93183				2
2025.07.17	00:14:16.079	0.93182				2
2025.07.17	00:14:16.538	0.93186				2
2025.07.17	00:14:17.046	0.93189				2
2025.07.17	00:14:17.688	0.93182				2
2025.07.17	00:14:18.367	0.93179				2
2025.07.17	00:14:25.919	0.93166				2
2025.07.17	00:14:29.537	0.93154	0.93327			6
2025.07.17	00:14:30.405	0.93153				2
2025.07.17	00:14:37.610	0.93139	0.93334			6
2025.07.17	00:14:38.720	0.93140	0.93330			6
2025.07.17	00:14:41.621		0.93329			4
2025.07.17	00:14:43.542	0.93141				2
2025.07.17	00:14:43.983	0.93142				2
2025.07.17	00:14:44.554	0.93143				2
2025.07.17	00:14:47.283	0.93147				2
2025.07.17	00:14:53.278	0.93146				2
2025.07.17	00:15:00.420	0.93117	0.93322			6
2025.07.17	00:15:01.046	0.93129				2
2025.07.17	00:15:01.377	0.93130	0.93319			6
2025.07.17	00:15:02.282	0.93128	0.93321			6
2025.07.17	00:15:03.178	0.93132				2
2025.07.17	00:15:07.690		0.93322			4
2025.07.17	00:15:08.082		0.93319			4
2025.07.17	00:15:10.638	0.93133	0.93323			6
2025.07.17	00:15:11.877		0.93320			4
2025.07.17	00:15:13.081	0.93134				2
2025.07.17	00:15:15.720	0.93106	0.93322			6
2025.07.17	00:15:16.045	0.93105				2
2025.07.17	00:15:16.762	0.93106				2
2025.07.17	00:17:25.072	0.93152	0.93309			6
2025.07.17	00:17:27.844	0.93124	0.93293			6
2025.07.17	00:17:28.351	0.93128				2
2025.07.17	00:17:30.420	0.93121				2
2025.07.17	00:17:37.317	0.93125				2
2025.07.17	00:17:37.994	0.93124				2
2025.07.17	00:17:40.078	0.93123				2
2025.07.17	00:17:46.419	0.93128				2
2025.07.17	00:17:48.473	0.93127				2
2025.07.17	00:17:53.179	0.93128				2
2025.07.17	00:17:55.512	0.93127				2
2025.07.17	00:17:55.901		0.93294			4
2025.07.17	00:17:56.348		0.93293			4
2025.07.17	00:17:56.977	0.93126	0.93294			6
2025.07.17	00:17:58.677	0.93127				2
2025.07.17	00:18:00.355	0.93123	0.93293			6
2025.07.17	00:18:10.354	0.93125	0.93291			6
2025.07.17	00:18:11.007	0.93123	0.93293			6
2025.07.17	00:18:11.509	0.93124				2
2025.07.17	00:18:18.510	0.93123				2
2025.07.17	00:18:19.979	0.93122	0.93294			6
2025.07.17	00:18:28.377		0.93295			4
2025.07.17	00:18:29.410	0.93137	0.93314			6
2025.07.17	00:18:29.737	0.93139	0.93312			6
2025.07.17	00:18:30.049	0.93145	0.93306			6
2025.07.17	00:18:32.003	0.93140	0.93315			6
2025.07.17	00:18:33.476	0.93141	0.93314			6
2025.07.17	00:18:39.014		0.93313			4
2025.07.17	00:18:40.047	0.93142	0.93312			6
2025.07.17	00:18:43.379	0.93141	0.93313			6
2025.07.17	00:18:49.554	0.93146	0.93285			6
2025.07.17	00:18:51.048	0.93148				2
2025.07.17	00:18:53.512	0.93147				2
2025.07.17	00:18:54.108	0.93151				2
2025.07.17	00:18:54.478	0.93148				2
2025.07.17	00:18:55.915	0.93151				2
2025.07.17	00:18:58.362	0.93153	0.93286			6
2025.07.17	00:18:58.713	0.93154				2
2025.07.17	00:18:59.032	0.93151	0.93311			6
2025.07.17	00:18:59.376	0.93150				2
2025.07.17	00:18:59.679		0.93286			4
2025.07.17	00:19:00.000	0.93150				2
2025.07.17	00:19:00.355	0.93151				2
2025.07.17	00:19:00.968	0.93152				2
2025.07.17	00:19:01.324	0.93143				2
2025.07.17	00:19:01.638	0.93151				2
2025.07.17	00:19:02.003	0.93153				2
2025.07.17	00:19:03.025	0.93154				2
2025.07.17	00:19:04.595	0.93153				2
2025.07.17	00:19:05.250	0.93155				2
2025.07.17	00:19:06.232	0.93154				2
2025.07.17	00:19:06.558	0.93155				2
2025.07.17	00:19:06.868	0.93154				2
2025.07.17	00:19:07.783	0.93155				2
2025.07.17	00:19:08.096	0.93154				2
2025.07.17	00:19:08.429	0.93155				2
2025.07.17	00:19:09.055	0.93154				2
2025.07.17	00:19:09.361	0.93155				2
2025.07.17	00:19:09.701	0.93156				2
2025.07.17	00:19:10.386	0.93155				2
2025.07.17	00:19:13.978	0.93156				2
2025.07.17	00:19:16.679	0.93155				2
2025.07.17	00:19:18.777	0.93156				2
2025.07.17	00:19:21.778	0.93155				2
2025.07.17	00:19:28.516	0.93156				2
2025.07.17	00:19:33.776	0.93155				2
2025.07.17	00:19:34.113	0.93156				2
2025.07.17	00:19:36.431	0.93155				2
2025.07.17	00:19:38.279	0.93156				2
2025.07.17	00:19:54.532	0.93155				2
2025.07.17	00:19:58.978	0.93154				2
2025.07.17	00:20:00.302	0.93154	0.93286			6
2025.07.17	00:20:02.398	0.93155				2
2025.07.17	00:20:03.038	0.93154				2
2025.07.17	00:20:03.394	0.93155				2
2025.07.17	00:20:03.758	0.93154				2
2025.07.17	00:20:04.067	0.93156				2
2025.07.17	00:20:05.419	0.93155				2
2025.07.17	00:20:05.978	0.93156				2
2025.07.17	00:20:06.622	0.93155				2
2025.07.17	00:20:07.269	0.93156				2
2025.07.17	00:20:07.628	0.93155				2
2025.07.17	00:20:08.281	0.93156				2
2025.07.17	00:20:08.856	0.93155				2
2025.07.17	00:20:09.182	0.93156				2
2025.07.17	00:20:09.503	0.93143				2
2025.07.17	00:20:09.818	0.93155				2
2025.07.17	00:20:10.127	0.93156				2
2025.07.17	00:20:10.877	0.93143				2
2025.07.17	00:20:11.180	0.93149	0.93308			6
2025.07.17	00:20:11.491		0.93302			4
2025.07.17	00:20:11.796	0.93154	0.93308			6
2025.07.17	00:20:19.077	0.93153	0.93309			6
2025.07.17	00:20:26.355	0.93152	0.93310			6
2025.07.17	00:20:32.276	0.93151				2
2025.07.17	00:20:42.478	0.93152				2
2025.07.17	00:20:46.701	0.93151				2
2025.07.17	00:20:56.393	0.93153	0.93309			6
2025.07.17	00:21:00.010	0.93153	0.93312			6
2025.07.17	00:21:05.878	0.93152				2
2025.07.17	00:21:11.323	0.93153	0.93307			6
2025.07.17	00:21:11.623		0.93306			4
2025.07.17	00:21:12.047	0.93152				2
2025.07.17	00:21:15.564	0.93149	0.93308			6
2025.07.17	00:21:16.046	0.93150	0.93310			6
2025.07.17	00:21:19.419	0.93149	0.93305			6
2025.07.17	00:21:19.760		0.93307			4
2025.07.17	00:21:20.163		0.93306			4
2025.07.17	00:21:21.011	0.93147				2
2025.07.17	00:21:21.631	0.93148	0.93308			6
2025.07.17	00:21:24.633		0.93306			4
2025.07.17	00:21:25.377	0.93147				2
2025.07.17	00:21:30.564	0.93149	0.93308			6
2025.07.17	00:21:30.868	0.93148	0.93304			6
2025.07.17	00:21:31.183		0.93302			4
2025.07.17	00:21:36.636	0.93153	0.93288			6
2025.07.17	00:21:41.269	0.93142	0.93281			6
2025.07.17	00:21:41.868	0.93141				2
2025.07.17	00:21:42.798	0.93140				2
2025.07.17	00:21:43.156	0.93141				2
2025.07.17	00:21:43.813	0.93140				2
2025.07.17	00:21:44.156	0.93141				2
2025.07.17	00:21:44.500	0.93140				2
2025.07.17	00:21:44.845	0.93141				2
2025.07.17	00:21:45.191	0.93140				2
2025.07.17	00:21:45.534	0.93141				2
2025.07.17	00:21:45.894	0.93140				2
2025.07.17	00:21:46.241	0.93141				2
2025.07.17	00:21:46.584	0.93140				2
2025.07.17	00:21:46.928	0.93141				2
2025.07.17	00:21:47.274	0.93140				2
2025.07.17	00:21:47.618	0.93141				2
2025.07.17	00:21:47.960	0.93140				2
2025.07.17	00:21:48.308	0.93141				2
2025.07.17	00:21:48.654	0.93140				2
2025.07.17	00:21:48.995	0.93141				2
2025.07.17	00:21:49.340	0.93140				2
2025.07.17	00:21:49.689	0.93141				2
2025.07.17	00:21:50.038	0.93140				2
2025.07.17	00:21:50.381	0.93141				2
2025.07.17	00:21:50.724	0.93140				2
2025.07.17	00:21:51.049	0.93153				2
2025.07.17	00:21:51.405		0.93303			4
2025.07.17	00:21:51.755	0.93154				2
2025.07.17	00:21:52.102	0.93153				2
2025.07.17	00:21:56.295		0.93281			4
2025.07.17	00:21:57.483		0.93304			4
2025.07.17	00:22:00.482	0.93153				2
2025.07.17	00:22:04.182		0.93281			4
2025.07.17	00:22:08.191	0.93145	0.93282			6
2025.07.17	00:22:08.936	0.93155				2
2025.07.17	00:22:09.580	0.93154				2
2025.07.17	00:22:10.930	0.93157				2
2025.07.17	00:22:18.372	0.93151	0.93304			6
2025.07.17	00:22:19.010	0.93163	0.93302			6
2025.07.17	00:22:22.998		0.93285			4
2025.07.17	00:22:28.937		0.93281			4
2025.07.17	00:22:33.261	0.93166	0.93280			6
2025.07.17	00:22:40.260	0.93172				2
2025.07.17	00:22:41.047	0.93171				2
2025.07.17	00:22:41.483	0.93158				2
2025.07.17	00:22:43.306	0.93170				2
2025.07.17	00:22:45.777	0.93171				2
2025.07.17	00:22:48.777	0.93170				2
2025.07.17	00:22:53.276	0.93171				2
2025.07.17	00:23:00.565	0.93171				2
2025.07.17	00:23:01.677	0.93170				2
2025.07.17	00:23:04.614	0.93157				2
2025.07.17	00:23:06.778	0.93158				2
2025.07.17	00:23:08.046	0.93157				2
2025.07.17	00:23:10.380	0.93163	0.93304			6
2025.07.17	00:23:10.974	0.93166				2
2025.07.17	00:23:12.477	0.93167				2
2025.07.17	00:23:15.644	0.93168				2
2025.07.17	00:23:16.051	0.93170				2
2025.07.17	00:23:18.514	0.93169				2
2025.07.17	00:23:21.178	0.93170				2
2025.07.17	00:23:25.379	0.93169				2
2025.07.17	00:23:26.294	0.93167				2
2025.07.17	00:23:28.654	0.93168				2
2025.07.17	00:23:33.177	0.93169				2
2025.07.17	00:23:36.204	0.93167				2
2025.07.17	00:23:43.725	0.93173				2
2025.07.17	00:23:46.366	0.93174				2
2025.07.17	00:23:47.577	0.93173				2
2025.07.17	00:23:55.584	0.93169				2
2025.07.17	00:23:55.902	0.93170	0.93291			6
2025.07.17	00:23:59.580	0.93161	0.93283			6
2025.07.17	00:24:00.362	0.93160				2
2025.07.17	00:24:00.791	0.93172				2
2025.07.17	00:24:08.357	0.93173				2
2025.07.17	00:24:14.950	0.93174				2
2025.07.17	00:24:15.643	0.93172				2
2025.07.17	00:24:16.047	0.93171				2
2025.07.17	00:24:24.355	0.93172				2
2025.07.17	00:24:26.302	0.93161				2
2025.07.17	00:24:31.087	0.93160				2
2025.07.17	00:24:31.835	0.93161				2
2025.07.17	00:24:34.443	0.93158	0.93280			6
2025.07.17	00:24:34.921	0.93161				2
2025.07.17	00:24:43.980	0.93162				2
2025.07.17	00:24:45.047	0.93164				2
2025.07.17	00:24:49.481	0.93165				2
2025.07.17	00:24:54.314	0.93171				2
2025.07.17	00:24:55.047	0.93166				2
2025.07.17	00:24:55.574		0.93285			4
2025.07.17	00:24:57.179	0.93165				2
2025.07.17	00:24:57.868	0.93172				2
2025.07.17	00:25:00.306	0.93172				2
2025.07.17	00:25:01.740	0.93175				2
2025.07.17	00:25:02.072		0.93282			4
2025.07.17	00:25:05.126	0.93182				2
2025.07.17	00:25:06.367	0.93175				2
2025.07.17	00:25:10.981	0.93176				2
2025.07.17	00:25:12.984		0.93278			4
2025.07.17	00:25:23.496	0.93168				2
2025.07.17	00:25:24.046	0.93166				2
2025.07.17	00:25:25.735		0.93273			4
2025.07.17	00:25:26.051	0.93167				2
2025.07.17	00:25:30.241		0.93270			4
2025.07.17	00:25:35.392	0.93168				2
2025.07.17	00:25:35.859		0.93267			4
2025.07.17	00:25:36.978	0.93167	0.93265			6
2025.07.17	00:25:38.270	0.93166				2
2025.07.17	00:25:39.436	0.93167	0.93262			6
2025.07.17	00:25:41.354	0.93166				2
2025.07.17	00:25:42.509		0.93260			4
2025.07.17	00:25:43.062	0.93165	0.93257			6
2025.07.17	00:25:50.237	0.93163				2
2025.07.17	00:25:51.248	0.93165				2
2025.07.17	00:25:51.852	0.93164				2
2025.07.17	00:25:54.496	0.93174				2
2025.07.17	00:25:56.046	0.93173				2
2025.07.17	00:26:00.400	0.93175				2
2025.07.17	00:26:02.429	0.93173				2
2025.07.17	00:26:03.481	0.93172				2
2025.07.17	00:26:14.306	0.93174				2
2025.07.17	00:26:15.049	0.93175				2
2025.07.17	00:26:21.046	0.93176				2
2025.07.17	00:26:25.048	0.93175				2
2025.07.17	00:26:31.354		0.93260			4
2025.07.17	00:26:34.260	0.93163	0.93266			6
2025.07.17	00:26:34.585	0.93164	0.93270			6
2025.07.17	00:26:35.063		0.93267			4
2025.07.17	00:26:36.327	0.93165	0.93272			6
2025.07.17	00:26:37.588	0.93164	0.93268			6
2025.07.17	00:26:40.049	0.93167	0.93292			6
2025.07.17	00:26:41.279	0.93165	0.93280			6
2025.07.17	00:27:02.460	0.93165				2
2025.07.17	00:27:05.668		0.93275			4
2025.07.17	00:27:10.937		0.93279			4
2025.07.17	00:27:11.963	0.93164				2
2025.07.17	00:27:14.317		0.93278			4
2025.07.17	00:27:17.899	0.93165	0.93282			6
2025.07.17	00:27:19.463	0.93166				2
2025.07.17	00:27:20.046	0.93164				2
2025.07.17	00:27:21.217	0.93165				2
2025.07.17	00:27:22.782		0.93278			4
2025.07.17	00:27:24.802	0.93164	0.93275			6
2025.07.17	00:27:29.723		0.93278			4
2025.07.17	00:27:30.374		0.93275			4
2025.07.17	00:27:31.433	0.93167				2
2025.07.17	00:27:35.426		0.93292			4
2025.07.17	00:27:37.077	0.93166				2
2025.07.17	00:27:41.637	0.93167				2
2025.07.17	00:27:44.899		0.93279			4
2025.07.17	00:27:47.684		0.93278			4
2025.07.17	00:27:48.331		0.93275			4
2025.07.17	00:27:49.473		0.93278			4
2025.07.17	00:27:53.860	0.93166	0.93275			6
2025.07.17	00:27:54.462	0.93167				2
2025.07.17	00:27:56.354		0.93278			4
2025.07.17	00:27:57.892	0.93168				2
2025.07.17	00:27:59.775	0.93167	0.93273			6
2025.07.17	00:28:00.567	0.93167				2
2025.07.17	00:28:03.236	0.93168	0.93279			6
2025.07.17	00:28:04.469	0.93166	0.93273			6
2025.07.17	00:28:04.918	0.93167	0.93275			6
2025.07.17	00:28:05.245	0.93166				2
2025.07.17	00:28:09.704	0.93164				2
2025.07.17	00:28:14.316	0.93165				2
2025.07.17	00:28:14.617	0.93164	0.93278			6
2025.07.17	00:28:15.010		0.93274			4
2025.07.17	00:28:15.650		0.93277			4
2025.07.17	00:28:19.476	0.93165	0.93280			6
2025.07.17	00:28:20.066	0.93164	0.93278			6
2025.07.17	00:28:21.354	0.93165				2
2025.07.17	00:28:23.481		0.93280			4
2025.07.17	00:28:29.776	0.93164				2
2025.07.17	00:28:31.423		0.93278			4
2025.07.17	00:28:31.774		0.93275			4
2025.07.17	00:28:32.127		0.93280			4
2025.07.17	00:28:34.189	0.93165				2
2025.07.17	00:28:34.504	0.93164	0.93279			6
2025.07.17	00:28:41.579		0.93273			4
2025.07.17	00:28:44.577	0.93165	0.93278			6
2025.07.17	00:28:46.295	0.93164	0.93274			6
2025.07.17	00:28:46.649		0.93277			4
2025.07.17	00:28:54.412		0.93274			4
2025.07.17	00:28:56.232	0.93165	0.93279			6
2025.07.17	00:28:59.699		0.93274			4
2025.07.17	00:29:00.601	0.93165	0.93277			6
2025.07.17	00:29:05.847		0.93278			4
2025.07.17	00:29:06.286	0.93162	0.93275			6
2025.07.17	00:29:06.819	0.93168	0.93276			6
2025.07.17	00:29:14.499	0.93162	0.93273			6
2025.07.17	00:29:15.051	0.93163				2
2025.07.17	00:29:15.713	0.93165				2
2025.07.17	00:29:19.688	0.93163	0.93264			6
2025.07.17	00:29:21.490	0.93162				2
2025.07.17	00:29:25.028	0.93163				2
2025.07.17	00:29:28.534	0.93162				2
2025.07.17	00:29:29.697		0.93263			4
2025.07.17	00:29:30.359		0.93260			4
2025.07.17	00:29:35.413	0.93174	0.93259			6
2025.07.17	00:29:36.029	0.93173				2
2025.07.17	00:29:39.835		0.93257			4
2025.07.17	00:29:40.369		0.93254			4
2025.07.17	00:29:44.695		0.93257			4
2025.07.17	00:29:45.986		0.93259			4
2025.07.17	00:29:46.367		0.93256			4
2025.07.17	00:29:55.073	0.93162	0.93260			6
2025.07.17	00:29:56.592	0.93173				2
2025.07.17	00:29:59.609	0.93162	0.93263			6
2025.07.17	00:29:59.921	0.93173				2
2025.07.17	00:30:00.375	0.93169	0.93277			6
2025.07.17	00:30:02.566	0.93168	0.93269			6
2025.07.17	00:30:03.827	0.93166	0.93266			6
2025.07.17	00:30:04.188		0.93268			4
2025.07.17	00:30:04.498	0.93167				2
2025.07.17	00:30:05.647		0.93271			4
2025.07.17	00:30:06.209		0.93268			4
2025.07.17	00:30:07.597	0.93169				2
2025.07.17	00:30:10.430	0.93173	0.93278			6
2025.07.17	00:30:12.780	0.93174				2
2025.07.17	00:30:20.276	0.93173				2
2025.07.17	00:30:25.499	0.93172				2
2025.07.17	00:30:26.573		0.93287			4
2025.07.17	00:30:28.511	0.93168	0.93279			6
2025.07.17	00:30:29.045	0.93166				2
2025.07.17	00:30:36.017	0.93172	0.93278			6
2025.07.17	00:30:40.629		0.93287			4
2025.07.17	00:30:46.287		0.93279			4
2025.07.17	00:31:00.178	0.93173				2
2025.07.17	00:31:10.429	0.93174				2
2025.07.17	00:31:11.422	0.93163				2
2025.07.17	00:31:13.241	0.93164				2
2025.07.17	00:31:15.207	0.93165				2
2025.07.17	00:31:18.239	0.93156				2
2025.07.17	00:31:21.016		0.93276			4
2025.07.17	00:31:25.513	0.93157				2
2025.07.17	00:31:36.016	0.93154	0.93272			6
2025.07.17	00:31:36.549	0.93152				2
2025.07.17	00:31:51.046	0.93153	0.93276			6
2025.07.17	00:32:00.565	0.93153				2
2025.07.17	00:32:02.670	0.93154				2
2025.07.17	00:32:07.862	0.93162				2
2025.07.17	00:32:11.022	0.93163				2
2025.07.17	00:32:13.078	0.93164				2
2025.07.17	00:32:20.913		0.93277			4
2025.07.17	00:32:21.426	0.93154	0.93270			6
2025.07.17	00:32:33.549		0.93267			4
2025.07.17	00:32:35.222	0.93155				2
2025.07.17	00:32:36.046	0.93156				2
2025.07.17	00:32:48.209	0.93152	0.93271			6
2025.07.17	00:32:50.228	0.93153				2
2025.07.17	00:32:59.308	0.93152				2
2025.07.17	00:33:00.723	0.93154				2
2025.07.17	00:33:01.982	0.93155				2
2025.07.17	00:33:04.379	0.93156				2
2025.07.17	00:33:11.956	0.93152				2
2025.07.17	00:33:15.643	0.93151	0.93272			6
2025.07.17	00:33:16.294		0.93280			4
2025.07.17	00:33:16.682	0.93155	0.93277			6
2025.07.17	00:33:17.899	0.93164				2
2025.07.17	00:33:19.078	0.93163				2
2025.07.17	00:33:21.477	0.93164				2
2025.07.17	00:33:26.301		0.93273			4
2025.07.17	00:33:27.899	0.93156				2
2025.07.17	00:33:36.291		0.93276			4
2025.07.17	00:33:42.764		0.93277			4
2025.07.17	00:33:46.290		0.93275			4
2025.07.17	00:33:50.221	0.93152				2
2025.07.17	00:33:57.765	0.93164				2
2025.07.17	00:34:01.516	0.93164				2
2025.07.17	00:34:06.294	0.93165	0.93276			6
2025.07.17	00:34:07.910	0.93157	0.93275			6
2025.07.17	00:34:16.296		0.93272			4
2025.07.17	00:34:27.899	0.93161				2
2025.07.17	00:34:36.343	0.93164				2
2025.07.17	00:34:37.904	0.93157				2
2025.07.17	00:35:03.604	0.93157				2
2025.07.17	00:35:06.294		0.93275			4
2025.07.17	00:35:12.639	0.93153	0.93278			6
2025.07.17	00:35:15.644	0.93159	0.93274			6
2025.07.17	00:35:16.291		0.93271			4
2025.07.17	00:35:30.974	0.93155				2
2025.07.17	00:35:36.348	0.93158	0.93270			6
2025.07.17	00:35:37.895	0.93165	0.93271			6
2025.07.17	00:35:43.850		0.93262			4
2025.07.17	00:35:46.129	0.93155				2
2025.07.17	00:35:51.347		0.93257			4
2025.07.17	00:35:54.640	0.93164				2
2025.07.17	00:35:57.514		0.93260			4
2025.07.17	00:36:00.214	0.93164	0.93257			6
2025.07.17	00:36:01.537		0.93270			4
2025.07.17	00:36:03.939	0.93165				2
2025.07.17	00:36:04.421	0.93159				2
2025.07.17	00:36:05.451	0.93164				2
2025.07.17	00:36:06.230	0.93165				2
2025.07.17	00:36:07.929	0.93159				2
2025.07.17	00:36:08.526	0.93160				2
2025.07.17	00:36:15.656	0.93163				2
2025.07.17	00:36:17.070	0.93160	0.93282			6
2025.07.17	00:36:18.000	0.93163	0.93270			6
2025.07.17	00:36:18.482	0.93164				2
2025.07.17	00:36:30.772		0.93255			4
2025.07.17	00:36:35.073	0.93163				2
2025.07.17	00:36:39.336	0.93155				2
2025.07.17	00:36:46.779	0.93166				2
2025.07.17	00:36:48.894	0.93159	0.93253			6
2025.07.17	00:36:51.436	0.93156				2
2025.07.17	00:37:00.362	0.93156				2
2025.07.17	00:37:00.980	0.93157	0.93254			6
2025.07.17	00:37:02.829	0.93159	0.93253			6
2025.07.17	00:37:03.235	0.93160				2
2025.07.17	00:37:04.417	0.93159				2
2025.07.17	00:37:05.976	0.93163	0.93270			6
2025.07.17	00:37:06.789	0.93162				2
2025.07.17	00:37:07.850	0.93165				2
2025.07.17	00:37:09.641		0.93252			4
2025.07.17	00:37:10.880	0.93166	0.93270			6
2025.07.17	00:37:13.570	0.93155				2
2025.07.17	00:37:14.729		0.93250			4
2025.07.17	00:37:17.278	0.93156				2
2025.07.17	00:37:19.948	0.93157				2
2025.07.17	00:37:21.338		0.93270			4
2025.07.17	00:37:25.979	0.93156				2
2025.07.17	00:37:27.349	0.93166				2
2025.07.17	00:37:37.387	0.93165				2
2025.07.17	00:37:37.799	0.93167				2
2025.07.17	00:37:49.350	0.93166				2
2025.07.17	00:37:50.171	0.93169				2
2025.07.17	00:37:51.049	0.93168				2
2025.07.17	00:37:52.216	0.93167				2
2025.07.17	00:38:00.214	0.93166				2
2025.07.17	00:38:02.049	0.93167				2
2025.07.17	00:38:05.423	0.93168				2
2025.07.17	00:38:08.988	0.93169				2
2025.07.17	00:38:14.028	0.93164				2
2025.07.17	00:38:15.040	0.93169				2
2025.07.17	00:38:21.343	0.93170	0.93270			6
2025.07.17	00:38:27.421	0.93164				2
2025.07.17	00:38:34.346	0.93165				2
2025.07.17	00:38:35.047	0.93163				2
2025.07.17	00:38:42.520	0.93167				2
2025.07.17	00:38:43.024	0.93170				2
2025.07.17	00:38:43.420	0.93168				2
2025.07.17	00:38:44.436	0.93162				2
2025.07.17	00:39:00.231	0.93170				2
2025.07.17	00:39:05.638	0.93168				2
2025.07.17	00:39:07.541	0.93167				2
2025.07.17	00:39:10.102	0.93164				2
2025.07.17	00:39:21.780		0.93270			4
2025.07.17	00:39:27.529	0.93162				2
2025.07.17	00:39:28.048	0.93163				2
2025.07.17	00:39:29.184	0.93159				2
2025.07.17	00:39:36.477	0.93160				2
2025.07.17	00:39:42.536	0.93166	0.93273			6
2025.07.17	00:39:42.838	0.93170	0.93276			6
2025.07.17	00:39:44.576	0.93165				2
2025.07.17	00:39:49.489	0.93164				2
2025.07.17	00:39:58.055	0.93167				2
2025.07.17	00:40:00.028	0.93163				2
2025.07.17	00:40:00.586	0.93166				2
2025.07.17	00:40:04.377	0.93167				2
2025.07.17	00:40:05.027	0.93163				2
2025.07.17	00:40:10.443	0.93162	0.93261			6
2025.07.17	00:40:10.776		0.93266			4
2025.07.17	00:40:13.377	0.93163				2
2025.07.17	00:40:14.278	0.93161	0.93257			6
2025.07.17	00:40:14.579	0.93163				2
2025.07.17	00:40:15.716	0.93162				2
2025.07.17	00:40:20.016	0.93160	0.93256			6
2025.07.17	00:40:20.319	0.93161				2
2025.07.17	00:40:21.536	0.93159	0.93254			6
2025.07.17	00:40:25.977	0.93158				2
2025.07.17	00:40:27.340	0.93154	0.93251			6
2025.07.17	00:40:27.721	0.93159	0.93252			6
2025.07.17	00:40:29.289	0.93158				2
2025.07.17	00:40:29.629	0.93155	0.93254			6
2025.07.17	00:40:30.000	0.93158	0.93252			6
2025.07.17	00:40:31.957	0.93162				2
2025.07.17	00:40:32.652	0.93159				2
2025.07.17	00:40:34.997	0.93161				2
2025.07.17	00:40:35.544		0.93250			4
2025.07.17	00:40:37.883	0.93155				2
2025.07.17	00:40:38.722	0.93161				2
2025.07.17	00:40:41.287	0.93156	0.93247			6
2025.07.17	00:40:41.625	0.93155				2
2025.07.17	00:40:44.311	0.93151				2
2025.07.17	00:40:45.777	0.93147	0.93242			6
2025.07.17	00:40:46.077	0.93150				2
2025.07.17	00:40:47.399	0.93154				2
2025.07.17	00:40:48.008	0.93149				2
2025.07.17	00:40:48.358	0.93154				2
2025.07.17	00:40:54.067		0.93237			4
2025.07.17	00:40:56.307	0.93145				2
2025.07.17	00:40:56.664	0.93150				2
2025.07.17	00:40:58.868	0.93151				2
2025.07.17	00:41:00.043	0.93154				2
2025.07.17	00:41:00.349	0.93149				2
2025.07.17	00:41:00.842	0.93148				2
2025.07.17	00:41:01.380	0.93149				2
2025.07.17	00:41:02.057	0.93154				2
2025.07.17	00:41:04.376	0.93153				2
2025.07.17	00:41:07.140	0.93150				2
2025.07.17	00:41:08.901	0.93148				2
2025.07.17	00:41:11.436	0.93146				2
2025.07.17	00:41:11.801	0.93147	0.93235			6
2025.07.17	00:41:16.355	0.93146				2
2025.07.17	00:41:16.972	0.93151	0.93232			6
2025.07.17	00:41:19.247	0.93145	0.93230			6
2025.07.17	00:41:20.516	0.93143	0.93228			6
2025.07.17	00:41:20.820	0.93140				2
2025.07.17	00:41:21.214	0.93139				2
2025.07.17	00:41:21.524	0.93138	0.93225			6
2025.07.17	00:41:24.099	0.93144	0.93223			6
2025.07.17	00:41:26.351	0.93137				2
2025.07.17	00:41:27.907	0.93136				2
2025.07.17	00:41:30.394	0.93135	0.93220			6
2025.07.17	00:41:30.709	0.93132				2
2025.07.17	00:41:31.078	0.93133				2
2025.07.17	00:41:31.940	0.93144	0.93225			6
2025.07.17	00:41:32.364	0.93140	0.93223			6
2025.07.17	00:41:32.772	0.93142	0.93221			6
2025.07.17	00:41:34.077	0.93138				2
2025.07.17	00:41:35.878	0.93139				2
2025.07.17	00:41:36.249	0.93141	0.93219			6
2025.07.17	00:41:37.262	0.93136	0.93222			6
2025.07.17	00:41:37.864	0.93142				2
2025.07.17	00:41:38.182	0.93134	0.93218			6
2025.07.17	00:41:38.628	0.93140	0.93216			6
2025.07.17	00:41:39.883	0.93137				2
2025.07.17	00:41:42.100		0.93213			4
2025.07.17	00:41:42.780	0.93136				2
2025.07.17	00:41:43.526	0.93139	0.93222			6
2025.07.17	00:41:43.898	0.93140	0.93225			6
2025.07.17	00:41:44.244	0.93141				2
2025.07.17	00:41:44.976	0.93142				2
2025.07.17	00:41:45.448	0.93138				2
2025.07.17	00:41:46.247	0.93140				2
2025.07.17	00:41:48.582	0.93138				2
2025.07.17	00:41:48.923	0.93140				2
2025.07.17	00:41:49.871	0.93141	0.93245			6
2025.07.17	00:41:50.203	0.93142				2
2025.07.17	00:41:50.651	0.93140				2
2025.07.17	00:41:56.102		0.93251			4
2025.07.17	00:42:01.493	0.93140				2
2025.07.17	00:42:02.166	0.93142				2
2025.07.17	00:42:08.917		0.93248			4
2025.07.17	00:42:11.114		0.93255			4
2025.07.17	00:42:20.577	0.93143				2
2025.07.17	00:42:22.077	0.93144				2
2025.07.17	00:42:22.948		0.93252			4
2025.07.17	00:42:32.170	0.93146				2
2025.07.17	00:42:37.145	0.93144				2
2025.07.17	00:42:37.456		0.93247			4
2025.07.17	00:42:47.177	0.93145				2
2025.07.17	00:43:00.275	0.93145				2
2025.07.17	00:43:20.808	0.93146				2
2025.07.17	00:43:23.420	0.93144				2
2025.07.17	00:43:24.359	0.93146				2
2025.07.17	00:43:25.291	0.93148				2
2025.07.17	00:43:26.373	0.93146				2
2025.07.17	00:43:26.706	0.93153	0.93253			6
2025.07.17	00:43:27.038	0.93151	0.93248			6
2025.07.17	00:43:41.703	0.93148				2
2025.07.17	00:43:42.526	0.93147				2
2025.07.17	00:43:44.809	0.93152				2
2025.07.17	00:43:56.726	0.93155	0.93253			6
2025.07.17	00:43:57.778	0.93157				2
2025.07.17	00:44:00.194	0.93157				2
2025.07.17	00:44:03.434	0.93152				2
2025.07.17	00:44:15.180	0.93151				2
2025.07.17	00:44:53.153	0.93148				2
2025.07.17	00:44:53.917	0.93151				2
2025.07.17	00:44:56.745		0.93253			4
2025.07.17	00:45:00.390	0.93151				2
2025.07.17	00:45:01.150	0.93148				2
2025.07.17	00:45:01.553	0.93151				2
2025.07.17	00:45:03.125	0.93142	0.93271			6
2025.07.17	00:45:04.073	0.93147	0.93266			6
2025.07.17	00:45:04.378	0.93146	0.93265			6
2025.07.17	00:45:05.893	0.93144	0.93266			6
2025.07.17	00:45:06.196	0.93141	0.93269			6
2025.07.17	00:45:06.498	0.93151	0.93253			6
2025.07.17	00:45:10.877	0.93169	0.93235			6
2025.07.17	00:45:11.736	0.93167				2
2025.07.17	00:45:20.565	0.93166				2
2025.07.17	00:45:23.674	0.93170	0.93233			6
2025.07.17	00:45:26.289		0.93231			4
2025.07.17	00:45:26.738	0.93167				2
2025.07.17	00:45:46.301	0.93170				2
2025.07.17	00:45:56.042	0.93169	0.93228			6
2025.07.17	00:45:56.726	0.93168				2
2025.07.17	00:45:57.442	0.93167				2
2025.07.17	00:46:00.181	0.93167				2
2025.07.17	00:46:08.471	0.93162				2
2025.07.17	00:46:08.921	0.93167				2
2025.07.17	00:46:11.710	0.93168	0.93225			6
2025.07.17	00:46:14.107	0.93167				2
2025.07.17	00:46:17.047	0.93168				2
2025.07.17	00:46:23.877	0.93167				2
2025.07.17	00:46:24.420	0.93168				2
2025.07.17	00:46:41.921	0.93167				2
2025.07.17	00:46:44.282	0.93166				2
2025.07.17	00:46:51.421	0.93167	0.93224			6
2025.07.17	00:46:52.077	0.93168				2
2025.07.17	00:46:56.295	0.93169	0.93230			6
2025.07.17	00:47:03.129	0.93163	0.93247			6
2025.07.17	00:47:06.179	0.93161	0.93250			6
2025.07.17	00:47:06.480	0.93165	0.93224			6
2025.07.17	00:47:34.493	0.93166				2
2025.07.17	00:47:37.906	0.93165				2
2025.07.17	00:47:45.281	0.93166	0.93229			6
2025.07.17	00:47:46.292	0.93167				2
2025.07.17	00:47:56.296	0.93168	0.93225			6
2025.07.17	00:47:58.480	0.93169				2
2025.07.17	00:47:59.975	0.93168				2
2025.07.17	00:48:03.603	0.93168				2
2025.07.17	00:48:16.292	0.93170	0.93231			6
2025.07.17	00:48:26.298	0.93168				2
2025.07.17	00:48:31.296	0.93165	0.93227			6
2025.07.17	00:48:36.416	0.93164	0.93224			6
2025.07.17	00:48:36.735	0.93168				2
2025.07.17	00:48:42.048	0.93169				2
2025.07.17	00:48:43.055	0.93168				2
2025.07.17	00:48:45.177	0.93167				2
2025.07.17	00:48:46.294	0.93165	0.93229			6
2025.07.17	00:48:56.290	0.93167	0.93226			6
2025.07.17	00:48:56.877	0.93166				2
2025.07.17	00:49:01.307	0.93166	0.93221			6
2025.07.17	00:49:06.430	0.93161				2
2025.07.17	00:49:06.924	0.93166				2
2025.07.17	00:49:14.808		0.93218			4
2025.07.17	00:49:16.335		0.93225			4
2025.07.17	00:49:26.158	0.93167				2
2025.07.17	00:49:27.045	0.93168				2
2025.07.17	00:49:27.858	0.93167				2
2025.07.17	00:49:30.351	0.93168				2
2025.07.17	00:49:30.656	0.93167				2
2025.07.17	00:49:32.941		0.93221			4
2025.07.17	00:49:33.926		0.93219			4
2025.07.17	00:49:35.277	0.93166				2
2025.07.17	00:49:36.252	0.93168	0.93228			6
2025.07.17	00:49:46.295	0.93167	0.93221			6
2025.07.17	00:49:53.581	0.93168				2
2025.07.17	00:49:53.977		0.93219			4
2025.07.17	00:49:57.958	0.93167				2
2025.07.17	00:49:58.980	0.93166				2
2025.07.17	00:50:00.255	0.93166				2
2025.07.17	00:50:06.821	0.93163				2
2025.07.17	00:50:16.434	0.93168				2
2025.07.17	00:50:27.421	0.93164				2
2025.07.17	00:50:36.294	0.93165	0.93228			6
2025.07.17	00:50:45.515	0.93164				2
2025.07.17	00:50:46.294		0.93219			4
2025.07.17	00:50:57.382	0.93167	0.93230			6
2025.07.17	00:51:02.354	0.93167				2
2025.07.17	00:51:06.294	0.93166				2
2025.07.17	00:51:12.393	0.93165				2
2025.07.17	00:51:16.294		0.93222			4
2025.07.17	00:51:36.296		0.93230			4
2025.07.17	00:51:36.942	0.93168	0.93234			6
2025.07.17	00:51:37.818	0.93166				2
2025.07.17	00:51:50.079	0.93167	0.93240			6
2025.07.17	00:51:57.177	0.93168				2
2025.07.17	00:51:57.531	0.93173				2
2025.07.17	00:51:59.017	0.93170	0.93236			6
2025.07.17	00:52:00.364	0.93167				2
2025.07.17	00:52:01.923	0.93168				2
2025.07.17	00:52:04.039	0.93169				2
2025.07.17	00:52:05.077	0.93168				2
2025.07.17	00:52:05.602	0.93169				2
2025.07.17	00:52:10.976	0.93173	0.93239			6
2025.07.17	00:52:12.366	0.93169	0.93238			6
2025.07.17	00:52:15.179	0.93170				2
2025.07.17	00:52:25.977	0.93169				2
2025.07.17	00:52:27.274	0.93168				2
2025.07.17	00:52:35.881		0.93239			4
2025.07.17	00:52:38.195	0.93169	0.93238			6
2025.07.17	00:52:44.081	0.93168				2
2025.07.17	00:52:48.672	0.93169				2
2025.07.17	00:53:00.949	0.93169				2
2025.07.17	00:53:02.137	0.93168	0.93230			6
2025.07.17	00:53:05.305	0.93163	0.93234			6
2025.07.17	00:53:05.856	0.93168				2
2025.07.17	00:53:06.575	0.93169				2
2025.07.17	00:53:07.026	0.93166				2
2025.07.17	00:53:16.551	0.93163				2
2025.07.17	00:53:16.919	0.93165				2
2025.07.17	00:53:17.543	0.93161	0.93221			6
2025.07.17	00:53:20.298	0.93159				2
2025.07.17	00:53:23.103	0.93160				2
2025.07.17	00:53:28.651		0.93220			4
2025.07.17	00:53:34.219	0.93159	0.93218			6
2025.07.17	00:53:38.680	0.93158	0.93220			6
2025.07.17	00:53:40.046	0.93159				2
2025.07.17	00:53:49.064	0.93158				2
2025.07.17	00:53:50.321	0.93159				2
2025.07.17	00:54:00.363	0.93159				2
2025.07.17	00:54:02.276	0.93161				2
2025.07.17	00:54:03.517		0.93221			4
2025.07.17	00:54:05.343	0.93162	0.93223			6
2025.07.17	00:54:07.443	0.93159				2
2025.07.17	00:54:08.110		0.93219			4
2025.07.17	00:54:15.359	0.93160				2
2025.07.17	00:54:16.051		0.93226			4
2025.07.17	00:54:16.398		0.93221			4
2025.07.17	00:54:22.678	0.93159				2
2025.07.17	00:54:23.389	0.93161				2
2025.07.17	00:54:26.292		0.93218			4
2025.07.17	00:54:29.878	0.93162				2
2025.07.17	00:54:31.965	0.93161	0.93216			6
2025.07.17	00:54:46.301	0.93162	0.93218			6
2025.07.17	00:54:49.079	0.93161				2
2025.07.17	00:54:54.477	0.93162				2
2025.07.17	00:54:56.577	0.93161				2
2025.07.17	00:55:00.177	0.93161				2
2025.07.17	00:55:02.038	0.93160				2
2025.07.17	00:55:15.358	0.93163	0.93230			6
2025.07.17	00:55:15.887		0.93227			4
2025.07.17	00:55:17.551	0.93161				2
2025.07.17	00:55:18.354	0.93162				2
2025.07.17	00:55:21.567	0.93166	0.93235			6
2025.07.17	00:55:26.058	0.93165				2
2025.07.17	00:55:31.576		0.93234			4
2025.07.17	00:55:32.255	0.93173	0.93252			6
2025.07.17	00:55:32.561	0.93176	0.93256			6
2025.07.17	00:55:34.351		0.93254			4
2025.07.17	00:55:36.015	0.93177	0.93258			6
2025.07.17	00:55:36.318		0.93261			4
2025.07.17	00:55:38.004	0.93178				2
2025.07.17	00:55:42.207	0.93165	0.93234			6
2025.07.17	00:55:42.519	0.93139	0.93231			6
2025.07.17	00:55:42.962	0.93140	0.93229			6
2025.07.17	00:55:46.296	0.93141				2
2025.07.17	00:55:48.886	0.93139	0.93231			6
2025.07.17	00:55:53.585	0.93141	0.93230			6
2025.07.17	00:55:57.777	0.93137	0.93229			6
2025.07.17	00:56:02.521	0.93137				2
2025.07.17	00:56:04.206	0.93138	0.93230			6
2025.07.17	00:56:09.283	0.93143				2
2025.07.17	00:56:09.891	0.93141	0.93232			6
2025.07.17	00:56:14.077	0.93142	0.93231			6
2025.07.17	00:56:17.902	0.93146				2
2025.07.17	00:56:23.147	0.93145				2
2025.07.17	00:56:26.039	0.93141				2
2025.07.17	00:56:27.895	0.93142				2
2025.07.17	00:56:40.913	0.93141	0.93232			6
2025.07.17	00:56:41.370	0.93140				2
2025.07.17	00:56:42.160	0.93159	0.93241			6
2025.07.17	00:56:42.483	0.93160				2
2025.07.17	00:56:48.883	0.93161				2
2025.07.17	00:56:50.337	0.93168	0.93252			6
2025.07.17	00:56:50.849	0.93171	0.93254			6
2025.07.17	00:56:51.358		0.93257			4
2025.07.17	00:56:52.047	0.93169				2
2025.07.17	00:56:52.412	0.93168	0.93252			6
2025.07.17	00:56:53.135		0.93257			4
2025.07.17	00:56:55.416	0.93169				2
2025.07.17	00:56:56.384	0.93171				2
2025.07.17	00:57:01.338	0.93154	0.93233			6
2025.07.17	00:57:01.991	0.93157				2
2025.07.17	00:57:02.515	0.93156				2
2025.07.17	00:57:03.023	0.93155				2
2025.07.17	00:57:03.454	0.93156				2
2025.07.17	00:57:05.397	0.93169	0.93249			6
2025.07.17	00:57:05.786	0.93166				2
2025.07.17	00:57:06.099	0.93165				2
2025.07.17	00:57:06.574	0.93166	0.93247			6
2025.07.17	00:57:08.416	0.93167	0.93245			6
2025.07.17	00:57:13.938	0.93171	0.93255			6
2025.07.17	00:57:15.735	0.93172	0.93256			6
2025.07.17	00:57:16.296	0.93171				2
2025.07.17	00:57:20.042	0.93158	0.93233			6
2025.07.17	00:57:20.918	0.93160				2
2025.07.17	00:57:22.399	0.93172	0.93256			6
2025.07.17	00:57:22.889	0.93169	0.93260			6
2025.07.17	00:57:25.090		0.93236			4
2025.07.17	00:57:26.289	0.93171	0.93237			6
2025.07.17	00:57:28.024	0.93170	0.93239			6
2025.07.17	00:57:31.051		0.93238			4
2025.07.17	00:57:31.998	0.93168				2
2025.07.17	00:57:32.994	0.93165	0.93240			6
2025.07.17	00:57:34.229	0.93168	0.93238			6
2025.07.17	00:57:35.091	0.93158	0.93231			6
2025.07.17	00:57:35.508	0.93157	0.93232			6
2025.07.17	00:57:37.050	0.93160	0.93229			6
2025.07.17	00:57:38.622	0.93159	0.93230			6
2025.07.17	00:57:41.549	0.93168	0.93234			6
2025.07.17	00:57:42.917	0.93165	0.93237			6
2025.07.17	00:57:45.195	0.93166	0.93236			6
2025.07.17	00:57:45.513	0.93167	0.93234			6
2025.07.17	00:57:46.818		0.93235			4
2025.07.17	00:57:47.904		0.93238			4
2025.07.17	00:57:48.997		0.93240			4
2025.07.17	00:57:50.121	0.93166	0.93241			6
2025.07.17	00:57:51.638	0.93167	0.93240			6
2025.07.17	00:57:52.554	0.93170	0.93237			6
2025.07.17	00:57:56.295	0.93169	0.93238			6
2025.07.17	00:57:57.737	0.93158	0.93232			6
2025.07.17	00:57:58.050	0.93159	0.93230			6
2025.07.17	00:57:58.627	0.93158				2
2025.07.17	00:57:59.930	0.93159	0.93229			6
2025.07.17	00:58:00.555	0.93164	0.93237			6
2025.07.17	00:58:01.917	0.93166	0.93235			6
2025.07.17	00:58:04.581	0.93168	0.93234			6
2025.07.17	00:58:06.298	0.93167				2
2025.07.17	00:58:07.474		0.93235			4
2025.07.17	00:58:14.973	0.93166	0.93236			6
2025.07.17	00:58:16.127	0.93168				2
2025.07.17	00:58:18.921	0.93167				2
2025.07.17	00:58:20.357	0.93168				2
2025.07.17	00:58:20.659	0.93167	0.93235			6
2025.07.17	00:58:22.407	0.93168				2
2025.07.17	00:58:23.723	0.93167	0.93238			6
2025.07.17	00:58:26.098	0.93168	0.93236			6
2025.07.17	00:58:27.899		0.93240			4
2025.07.17	00:58:29.104		0.93241			4
2025.07.17	00:58:29.764	0.93155	0.93267			6
2025.07.17	00:58:30.086	0.93153	0.93265			6
2025.07.17	00:58:30.389	0.93161				2
2025.07.17	00:58:30.713	0.93162	0.93267			6
2025.07.17	00:58:31.078	0.93167				2
2025.07.17	00:58:31.511	0.93169	0.93270			6
2025.07.17	00:58:31.840	0.93165				2
2025.07.17	00:58:32.747	0.93138				2
2025.07.17	00:58:33.065	0.93137	0.93282			6
2025.07.17	00:58:33.393	0.93144	0.93278			6
2025.07.17	00:58:35.281		0.93276			4
2025.07.17	00:58:35.605		0.93278			4
2025.07.17	00:58:36.744		0.93276			4
2025.07.17	00:58:37.677		0.93278			4
2025.07.17	00:58:39.183	0.93143				2
2025.07.17	00:58:41.691		0.93276			4
2025.07.17	00:58:41.999	0.93144	0.93272			6
2025.07.17	00:58:42.351	0.93142	0.93270			6
2025.07.17	00:58:42.734	0.93141	0.93274			6
2025.07.17	00:58:43.950	0.93142	0.93271			6
2025.07.17	00:58:44.289		0.93269			4
2025.07.17	00:58:44.630	0.93141	0.93277			6
2025.07.17	00:58:44.939	0.93144				2
2025.07.17	00:58:47.903		0.93281			4
2025.07.17	00:58:48.917		0.93278			4
2025.07.17	00:58:50.049		0.93277			4
2025.07.17	00:58:50.361		0.93278			4
2025.07.17	00:58:50.683		0.93280			4
2025.07.17	00:58:52.378		0.93278			4
2025.07.17	00:58:52.884		0.93282			4
2025.07.17	00:58:53.204		0.93280			4
2025.07.17	00:58:53.523	0.93159	0.93283			6
2025.07.17	00:58:53.916	0.93153				2
2025.07.17	00:58:54.221	0.93125	0.93293			6
2025.07.17	00:58:54.571	0.93127	0.93290			6
2025.07.17	00:58:54.880	0.93126	0.93281			6
2025.07.17	00:58:56.309		0.93282			4
2025.07.17	00:58:56.613	0.93131	0.93285			6
2025.07.17	00:58:56.933	0.93124	0.93295			6
2025.07.17	00:58:57.284	0.93134	0.93283			6
2025.07.17	00:58:57.611	0.93130	0.93281			6
2025.07.17	00:58:57.974	0.93132				2
2025.07.17	00:58:58.285		0.93283			4
2025.07.17	00:58:58.646	0.93127				2
2025.07.17	00:58:58.976	0.93126				2
2025.07.17	00:58:59.285	0.93136				2
2025.07.17	00:58:59.603	0.93127				2
2025.07.17	00:59:00.363	0.93140	0.93282			6
2025.07.17	00:59:00.678	0.93135	0.93284			6
2025.07.17	00:59:01.127	0.93138	0.93277			6
2025.07.17	00:59:01.447	0.93131				2
2025.07.17	00:59:01.783		0.93279			4
2025.07.17	00:59:02.410	0.93135				2
2025.07.17	00:59:02.717	0.93150	0.93285			6
2025.07.17	00:59:03.019	0.93146	0.93283			6
2025.07.17	00:59:03.339	0.93136	0.93281			6
2025.07.17	00:59:03.689	0.93135	0.93280			6
2025.07.17	00:59:03.989	0.93147	0.93283			6
2025.07.17	00:59:04.347	0.93139				2
2025.07.17	00:59:04.680	0.93135				2
2025.07.17	00:59:04.991		0.93281			4
2025.07.17	00:59:05.447		0.93282			4
2025.07.17	00:59:05.921		0.93284			4
2025.07.17	00:59:06.294	0.93131	0.93278			6
2025.07.17	00:59:06.600	0.93130	0.93282			6
2025.07.17	00:59:07.698	0.93134	0.93279			6
2025.07.17	00:59:08.007	0.93133	0.93284			6
2025.07.17	00:59:08.404	0.93130				2
2025.07.17	00:59:08.819	0.93148	0.93280			6
2025.07.17	00:59:09.894	0.93145				2
2025.07.17	00:59:10.235	0.93131				2
2025.07.17	00:59:10.634	0.93145				2
2025.07.17	00:59:10.968	0.93138	0.93285			6
2025.07.17	00:59:11.542		0.93282			4
2025.07.17	00:59:12.220	0.93145	0.93279			6
2025.07.17	00:59:12.602	0.93137				2
2025.07.17	00:59:13.816	0.93140	0.93284			6
2025.07.17	00:59:14.274	0.93130				2
2025.07.17	00:59:14.647		0.93282			4
2025.07.17	00:59:15.047	0.93136				2
2025.07.17	00:59:15.445	0.93138				2
2025.07.17	00:59:15.792	0.93136				2
2025.07.17	00:59:16.294	0.93132	0.93285			6
2025.07.17	00:59:16.692	0.93131				2
2025.07.17	00:59:17.182	0.93132				2
2025.07.17	00:59:19.677	0.93133				2
2025.07.17	00:59:20.150	0.93146	0.93315			6
2025.07.17	00:59:20.479		0.93314			4
2025.07.17	00:59:20.914	0.93143	0.93317			6
2025.07.17	00:59:22.049	0.93146	0.93314			6
2025.07.17	00:59:23.106	0.93138	0.93285			6
2025.07.17	00:59:24.055	0.93135	0.93288			6
2025.07.17	00:59:25.512	0.93130				2
2025.07.17	00:59:26.659	0.93134				2
2025.07.17	00:59:26.977	0.93130				2
2025.07.17	00:59:27.390	0.93138				2
2025.07.17	00:59:29.040	0.93135				2
2025.07.17	00:59:29.409		0.93291			4
2025.07.17	00:59:29.764		0.93284			4
2025.07.17	00:59:30.236	0.93126	0.93289			6
2025.07.17	00:59:30.864	0.93135				2
2025.07.17	00:59:31.175		0.93291			4
2025.07.17	00:59:31.479	0.93136	0.93290			6
2025.07.17	00:59:31.815	0.93129				2
2025.07.17	00:59:33.437	0.93130	0.93289			6
2025.07.17	00:59:34.101	0.93127	0.93286			6
2025.07.17	00:59:34.636		0.93284			4
2025.07.17	00:59:35.792	0.93135	0.93286			6
2025.07.17	00:59:36.105	0.93136	0.93290			6
2025.07.17	00:59:36.443	0.93126				2
2025.07.17	00:59:36.763	0.93128	0.93285			6
2025.07.17	00:59:37.103	0.93138	0.93289			6
2025.07.17	00:59:37.863	0.93137	0.93288			6
2025.07.17	00:59:38.193	0.93126				2
2025.07.17	00:59:38.551	0.93139	0.93285			6
2025.07.17	00:59:38.892	0.93133	0.93288			6
2025.07.17	00:59:39.361	0.93132	0.93285			6
2025.07.17	00:59:39.732	0.93133				2
2025.07.17	00:59:40.079	0.93134	0.93289			6
2025.07.17	00:59:40.475	0.93131				2
2025.07.17	00:59:40.795	0.93126				2
2025.07.17	00:59:41.807	0.93133				2
2025.07.17	00:59:44.183	0.93132				2
2025.07.17	00:59:44.780	0.93136				2
2025.07.17	00:59:45.103	0.93139				2
2025.07.17	00:59:45.594	0.93126				2
2025.07.17	00:59:47.047	0.93128				2
2025.07.17	00:59:47.350	0.93127	0.93282			6
2025.07.17	00:59:47.659	0.93128	0.93275			6
2025.07.17	00:59:49.229	0.93127	0.93282			6
2025.07.17	00:59:49.541	0.93128	0.93276			6
2025.07.17	00:59:49.892	0.93177	0.93221			6
2025.07.17	00:59:50.227	0.93175				2
2025.07.17	00:59:50.662	0.93130	0.93283			6
2025.07.17	00:59:51.318	0.93127				2
2025.07.17	00:59:52.650	0.93143				2
2025.07.17	00:59:53.489	0.93132				2
2025.07.17	00:59:54.164		0.93298			4
2025.07.17	00:59:54.479	0.93130	0.93283			6
2025.07.17	00:59:54.798	0.93138				2
2025.07.17	00:59:55.143	0.93152	0.93285			6
2025.07.17	00:59:55.492	0.93153				2
2025.07.17	00:59:55.861	0.93145	0.93283			6
2025.07.17	00:59:56.801	0.93136	0.93288			6
2025.07.17	00:59:57.106	0.93127	0.93283			6
2025.07.17	00:59:57.414	0.93135				2
2025.07.17	00:59:57.755	0.93127				2
2025.07.17	00:59:58.056	0.93128	0.93323			6
2025.07.17	00:59:58.788	0.93130	0.93279			6
2025.07.17	00:59:59.155		0.93281			4
2025.07.17	00:59:59.522	0.93127	0.93283			6
2025.07.17	00:59:59.932	0.93128	0.93277			6
2025.07.17	01:00:00.303	0.93149	0.93280			6
2025.07.17	01:00:00.634	0.93139	0.93282			6
2025.07.17	01:00:00.964	0.93141	0.93275			6
2025.07.17	01:00:01.283	0.93169	0.93266			6
2025.07.17	01:00:01.591	0.93166	0.93258			6
2025.07.17	01:00:02.202		0.93260			4
2025.07.17	01:00:02.520		0.93259			4
2025.07.17	01:00:03.382	0.93175	0.93213			6
2025.07.17	01:00:03.962	0.93115	0.93315			6
2025.07.17	01:00:04.266	0.93175	0.93231			6
2025.07.17	01:00:04.570	0.93113	0.93315			6
2025.07.17	01:00:04.871	0.93114				2
2025.07.17	01:00:05.781	0.93177	0.93233			6
2025.07.17	01:00:07.180	0.93169	0.93253			6
2025.07.17	01:00:07.891	0.93195	0.93256			6
2025.07.17	01:00:08.968		0.93257			4
2025.07.17	01:00:09.327		0.93256			4
2025.07.17	01:00:10.323		0.93257			4
2025.07.17	01:00:10.628		0.93258			4
2025.07.17	01:00:11.850		0.93256			4
2025.07.17	01:00:13.929		0.93253			4
2025.07.17	01:00:14.876	0.93199				2
2025.07.17	01:00:16.226	0.93215	0.93246			6
2025.07.17	01:00:18.475	0.93194				2
2025.07.17	01:00:19.128	0.93213	0.93248			6
2025.07.17	01:00:19.439	0.93193	0.93240			6
2025.07.17	01:00:19.829	0.93194				2
2025.07.17	01:00:20.379	0.93190	0.93250			6
2025.07.17	01:00:20.810	0.93188	0.93249			6
2025.07.17	01:00:21.205	0.93186				2
2025.07.17	01:00:21.524		0.93243			4
2025.07.17	01:00:22.226	0.93195	0.93244			6
2025.07.17	01:00:22.556	0.93191				2
2025.07.17	01:00:22.879	0.93186				2
2025.07.17	01:00:25.484	0.93194				2
2025.07.17	01:00:26.352	0.93199				2
2025.07.17	01:00:29.360	0.93188	0.93262			6
2025.07.17	01:00:30.177	0.93190				2
2025.07.17	01:00:31.378	0.93191				2
2025.07.17	01:00:32.140	0.93189	0.93260			6
2025.07.17	01:00:32.459	0.93188				2
2025.07.17	01:00:34.078	0.93195	0.93248			6
2025.07.17	01:00:34.593	0.93196	0.93249			6
2025.07.17	01:00:35.592	0.93195	0.93248			6
2025.07.17	01:00:35.903	0.93196	0.93249			6
2025.07.17	01:00:37.453	0.93192	0.93244			6
2025.07.17	01:00:40.217	0.93191				2
2025.07.17	01:00:41.614	0.93174	0.93253			6
2025.07.17	01:00:41.942		0.93252			4
2025.07.17	01:00:43.185	0.93217				2
2025.07.17	01:00:43.901	0.93212				2
2025.07.17	01:00:44.312		0.93251			4
2025.07.17	01:00:44.663	0.93203	0.93252			6
2025.07.17	01:00:45.180	0.93202				2
2025.07.17	01:00:46.239	0.93204	0.93251			6
2025.07.17	01:00:50.278	0.93205				2
2025.07.17	01:00:51.699	0.93204				2
2025.07.17	01:00:52.001	0.93203				2
2025.07.17	01:00:52.331		0.93252			4
2025.07.17	01:00:53.073		0.93254			4
2025.07.17	01:00:56.566	0.93202				2
2025.07.17	01:00:56.903	0.93205				2
2025.07.17	01:00:57.550	0.93201	0.93248			6
2025.07.17	01:00:57.860	0.93202	0.93246			6
2025.07.17	01:00:58.187	0.93203				2
2025.07.17	01:00:58.563	0.93202	0.93247			6
2025.07.17	01:00:58.866		0.93249			4
2025.07.17	01:01:00.077	0.93203	0.93244			6
2025.07.17	01:01:00.383	0.93206	0.93247			6
2025.07.17	01:01:02.351		0.93248			4
2025.07.17	01:01:02.658	0.93208				2
2025.07.17	01:01:03.764	0.93206	0.93244			6
2025.07.17	01:01:04.350	0.93207				2
2025.07.17	01:01:05.578	0.93206	0.93248			6
2025.07.17	01:01:05.879	0.93209				2
2025.07.17	01:01:06.180	0.93210				2
2025.07.17	01:01:12.179	0.93213				2
2025.07.17	01:01:18.983		0.93247			4
2025.07.17	01:01:19.349		0.93248			4
2025.07.17	01:01:23.086	0.93210	0.93245			6
2025.07.17	01:01:28.306	0.93213	0.93247			6
2025.07.17	01:01:34.352	0.93218	0.93251			6
2025.07.17	01:01:34.686	0.93217				2
2025.07.17	01:01:35.788	0.93214	0.93248			6
2025.07.17	01:01:44.355	0.93216				2
2025.07.17	01:01:45.290	0.93209	0.93243			6
2025.07.17	01:01:45.635		0.93242			4
2025.07.17	01:01:45.972		0.93243			4
2025.07.17	01:01:46.284	0.93208				2
2025.07.17	01:01:51.886	0.93209				2
2025.07.17	01:01:52.356	0.93211				2
2025.07.17	01:01:56.353	0.93212				2
2025.07.17	01:01:58.393	0.93211				2
2025.07.17	01:01:59.075	0.93212				2
2025.07.17	01:02:00.286	0.93212				2
2025.07.17	01:02:00.646	0.93211				2
2025.07.17	01:02:02.591	0.93210	0.93242			6
2025.07.17	01:02:02.927	0.93209				2
2025.07.17	01:02:03.711	0.93214	0.93244			6
2025.07.17	01:02:04.356	0.93211				2
2025.07.17	01:02:06.043	0.93209	0.93243			6
2025.07.17	01:02:06.925	0.93214	0.93244			6
2025.07.17	01:02:07.825	0.93213				2
2025.07.17	01:02:08.277	0.93211				2
2025.07.17	01:02:08.579	0.93214				2
2025.07.17	01:02:12.308	0.93211				2
2025.07.17	01:02:13.458	0.93212	0.93243			6
2025.07.17	01:02:14.351	0.93213				2
2025.07.17	01:02:15.355	0.93211	0.93241			6
2025.07.17	01:02:16.076	0.93212				2
2025.07.17	01:02:17.354	0.93208	0.93237			6
2025.07.17	01:02:18.196	0.93205				2
2025.07.17	01:02:19.357	0.93204	0.93235			6
2025.07.17	01:02:20.043	0.93207	0.93237			6
2025.07.17	01:02:24.354	0.93209				2
2025.07.17	01:02:25.551		0.93238			4
2025.07.17	01:02:27.558	0.93210				2
2025.07.17	01:02:30.150	0.93211	0.93241			6
2025.07.17	01:02:30.462	0.93213				2
2025.07.17	01:02:36.349	0.93215				2
2025.07.17	01:02:37.810	0.93214				2
2025.07.17	01:02:42.465	0.93215				2
2025.07.17	01:02:42.873	0.93209				2
2025.07.17	01:02:44.879	0.93213	0.93244			6
2025.07.17	01:02:46.350	0.93212				2
2025.07.17	01:02:50.355	0.93213				2
2025.07.17	01:03:00.563	0.93213				2
2025.07.17	01:03:02.856	0.93215	0.93248			6
2025.07.17	01:03:03.175	0.93214				2
2025.07.17	01:03:04.350	0.93212				2
2025.07.17	01:03:08.869	0.93215	0.93251			6
2025.07.17	01:03:12.635	0.93211	0.93247			6
2025.07.17	01:03:13.064	0.93212				2
2025.07.17	01:03:13.601		0.93248			4
2025.07.17	01:03:14.054	0.93214				2
2025.07.17	01:03:14.364	0.93210				2
2025.07.17	01:03:15.680	0.93213	0.93249			6
2025.07.17	01:03:16.936	0.93214	0.93252			6
2025.07.17	01:03:21.799	0.93211	0.93247			6
2025.07.17	01:03:23.578	0.93210				2
2025.07.17	01:03:29.179	0.93211	0.93249			6
2025.07.17	01:03:32.278	0.93213				2
2025.07.17	01:03:36.350	0.93214				2
2025.07.17	01:03:37.041		0.93248			4
2025.07.17	01:03:40.315	0.93219				2
2025.07.17	01:03:46.358	0.93221				2
2025.07.17	01:03:49.842	0.93219	0.93245			6
2025.07.17	01:04:00.632	0.93219	0.93247			6
2025.07.17	01:04:04.840	0.93217	0.93244			6
2025.07.17	01:04:22.077	0.93216				2
2025.07.17	01:04:45.367	0.93217	0.93245			6
2025.07.17	01:04:46.560	0.93216				2
2025.07.17	01:04:49.377	0.93214	0.93243			6
2025.07.17	01:04:50.515	0.93213				2
2025.07.17	01:04:51.947	0.93216				2
2025.07.17	01:04:57.102	0.93215				2
2025.07.17	01:05:00.178	0.93215				2
2025.07.17	01:05:00.668	0.93214	0.93242			6
2025.07.17	01:05:01.464	0.93215				2
2025.07.17	01:05:01.949	0.93214				2
2025.07.17	01:05:06.096	0.93213	0.93241			6
2025.07.17	01:05:14.877	0.93214				2
2025.07.17	01:05:15.922	0.93213				2
2025.07.17	01:05:22.977	0.93214				2
2025.07.17	01:05:23.938	0.93213	0.93242			6
2025.07.17	01:05:24.776	0.93214				2
2025.07.17	01:05:26.277	0.93215				2
2025.07.17	01:05:34.179	0.93214				2
2025.07.17	01:05:42.179	0.93216				2
2025.07.17	01:05:43.047	0.93219				2
2025.07.17	01:05:45.371	0.93220				2
2025.07.17	01:05:45.676	0.93219				2
2025.07.17	01:05:53.878	0.93220				2
2025.07.17	01:05:55.377	0.93219				2
2025.07.17	01:06:00.658	0.93216				2
2025.07.17	01:06:01.346	0.93217				2
2025.07.17	01:06:09.454	0.93207	0.93234			6
2025.07.17	01:06:11.277	0.93208				2
2025.07.17	01:06:11.666	0.93210				2
2025.07.17	01:06:16.901	0.93208	0.93230			6
2025.07.17	01:06:40.915	0.93210	0.93228			6
2025.07.17	01:06:41.231	0.93208				2
2025.07.17	01:06:43.378	0.93207				2
2025.07.17	01:06:45.366		0.93229			4
2025.07.17	01:06:50.371		0.93230			4
2025.07.17	01:06:54.588	0.93205				2
2025.07.17	01:06:56.672	0.93206	0.93229			6
2025.07.17	01:06:56.981		0.93230			4
2025.07.17	01:07:00.645	0.93206				2
2025.07.17	01:07:01.977	0.93207	0.93229			6
2025.07.17	01:07:06.309	0.93206				2
2025.07.17	01:07:07.142		0.93231			4
2025.07.17	01:07:07.978	0.93207				2
2025.07.17	01:07:19.706	0.93208	0.93233			6
2025.07.17	01:07:20.206	0.93209				2
2025.07.17	01:07:21.882	0.93210	0.93234			6
2025.07.17	01:07:42.964		0.93233			4
2025.07.17	01:07:45.476		0.93234			4
2025.07.17	01:07:46.078	0.93208	0.93232			6
2025.07.17	01:07:46.379	0.93209	0.93233			6
2025.07.17	01:07:46.972	0.93210				2
2025.07.17	01:07:50.877		0.93232			4
2025.07.17	01:07:51.861		0.93233			4
2025.07.17	01:07:53.276	0.93209	0.93230			6
2025.07.17	01:07:55.978	0.93210				2
2025.07.17	01:07:57.898	0.93207	0.93226			6
2025.07.17	01:08:00.667	0.93207	0.93225			6
2025.07.17	01:08:07.895	0.93206				2
2025.07.17	01:08:18.177	0.93207				2
2025.07.17	01:08:19.378	0.93206				2
2025.07.17	01:08:22.440	0.93207	0.93226			6
2025.07.17	01:08:23.496	0.93208				2
2025.07.17	01:08:46.978		0.93227			4
2025.07.17	01:08:47.898	0.93209				2
2025.07.17	01:08:54.527	0.93208	0.93226			6
2025.07.17	01:08:57.778	0.93207				2
2025.07.17	01:08:58.918		0.93227			4
2025.07.17	01:09:00.021	0.93207				2
2025.07.17	01:09:00.675		0.93226			4
2025.07.17	01:09:02.877	0.93206	0.93224			6
2025.07.17	01:09:12.011	0.93207				2
2025.07.17	01:09:12.778	0.93206				2
2025.07.17	01:09:38.277	0.93207				2
2025.07.17	01:09:38.982		0.93225			4
2025.07.17	01:09:39.477	0.93208				2
2025.07.17	01:09:45.367	0.93210	0.93227			6
2025.07.17	01:09:46.349		0.93228			4
2025.07.17	01:09:55.978		0.93227			4
2025.07.17	01:10:00.370	0.93210				2
2025.07.17	01:10:11.465	0.93207	0.93226			6
2025.07.17	01:10:13.379		0.93225			4
2025.07.17	01:10:22.977	0.93208				2
2025.07.17	01:10:27.478	0.93207				2
2025.07.17	01:10:30.372	0.93209	0.93227			6
2025.07.17	01:10:44.138	0.93213	0.93231			6
2025.07.17	01:10:44.445		0.93232			4
2025.07.17	01:10:45.767		0.93231			4
2025.07.17	01:10:52.241	0.93214				2
2025.07.17	01:10:52.676	0.93215	0.93232			6
2025.07.17	01:10:57.406		0.93233			4
2025.07.17	01:10:58.676		0.93232			4
2025.07.17	01:11:00.468	0.93211	0.93228			6
2025.07.17	01:11:00.840	0.93207	0.93226			6
2025.07.17	01:11:01.306	0.93211				2
2025.07.17	01:11:03.179	0.93210	0.93227			6
2025.07.17	01:11:03.480		0.93228			4
2025.07.17	01:11:04.978	0.93212				2
2025.07.17	01:11:05.281	0.93213	0.93229			6
2025.07.17	01:11:06.601	0.93205	0.93222			6
2025.07.17	01:11:06.973	0.93206				2
2025.07.17	01:11:13.678		0.93223			4
2025.07.17	01:11:18.354	0.93207				2
2025.07.17	01:11:20.781	0.93204	0.93221			6
2025.07.17	01:11:24.102	0.93201	0.93217			6
2025.07.17	01:11:24.413		0.93216			4
2025.07.17	01:11:24.905	0.93200	0.93218			6
2025.07.17	01:11:25.255	0.93195	0.93215			6
2025.07.17	01:11:25.560	0.93193	0.93210			6
2025.07.17	01:11:26.582	0.93195	0.93212			6
2025.07.17	01:11:28.977	0.93196	0.93211			6
2025.07.17	01:11:30.178	0.93195				2
2025.07.17	01:11:30.598		0.93214			4
2025.07.17	01:11:32.887	0.93194	0.93210			6
2025.07.17	01:11:33.729	0.93196	0.93215			6
2025.07.17	01:11:34.039		0.93211			4
2025.07.17	01:11:36.929	0.93199	0.93215			6
2025.07.17	01:11:38.634	0.93200				2
2025.07.17	01:11:41.920	0.93198	0.93213			6
2025.07.17	01:11:43.378	0.93197				2
2025.07.17	01:11:53.061		0.93214			4
2025.07.17	01:11:55.879	0.93198	0.93215			6
2025.07.17	01:11:56.446		0.93214			4
2025.07.17	01:11:58.077	0.93197				2
2025.07.17	01:11:58.979	0.93198	0.93213			6
2025.07.17	01:12:00.657	0.93196	0.93212			6
2025.07.17	01:12:02.436	0.93197	0.93213			6
2025.07.17	01:12:05.669	0.93196	0.93211			6
2025.07.17	01:12:13.378	0.93195	0.93213			6
2025.07.17	01:12:13.680	0.93196				2
2025.07.17	01:12:15.178	0.93197				2
2025.07.17	01:12:18.777	0.93198	0.93214			6
2025.07.17	01:12:23.498	0.93200	0.93217			6
2025.07.17	01:12:23.912		0.93216			4
2025.07.17	01:12:25.978	0.93197				2
2025.07.17	01:12:26.311	0.93196	0.93215			6
2025.07.17	01:12:27.448		0.93214			4
2025.07.17	01:12:33.623	0.93197	0.93215			6
2025.07.17	01:12:33.925	0.93201	0.93218			6
2025.07.17	01:12:35.582		0.93217			4
2025.07.17	01:12:45.179	0.93202				2
2025.07.17	01:12:45.496		0.93218			4
2025.07.17	01:12:46.608	0.93200	0.93216			6
2025.07.17	01:12:46.978	0.93201	0.93217			6
2025.07.17	01:12:48.721		0.93218			4
2025.07.17	01:12:49.976		0.93217			4
2025.07.17	01:12:51.777	0.93202				2
2025.07.17	01:12:53.278	0.93201				2
2025.07.17	01:12:55.079	0.93202				2
2025.07.17	01:13:00.548	0.93202	0.93218			6
2025.07.17	01:13:01.978		0.93217			4
2025.07.17	01:13:03.477		0.93218			4
2025.07.17	01:13:05.878	0.93203				2
2025.07.17	01:13:08.857	0.93202				2
2025.07.17	01:13:14.211		0.93217			4
2025.07.17	01:13:16.978		0.93218			4
2025.07.17	01:13:20.278		0.93217			4
2025.07.17	01:13:23.277		0.93218			4
2025.07.17	01:13:29.688		0.93217			4
2025.07.17	01:13:31.078		0.93218			4
2025.07.17	01:13:45.777	0.93203				2
2025.07.17	01:13:51.178	0.93202				2
2025.07.17	01:13:55.922	0.93200				2
2025.07.17	01:14:00.182	0.93200				2
2025.07.17	01:14:15.866	0.93199	0.93217			6
2025.07.17	01:14:20.880	0.93196	0.93215			6
2025.07.17	01:14:22.977	0.93197	0.93214			6
2025.07.17	01:14:27.904	0.93198	0.93215			6
2025.07.17	01:14:29.731	0.93201	0.93220			6
2025.07.17	01:14:30.356	0.93203				2
2025.07.17	01:14:31.474	0.93202				2
2025.07.17	01:14:38.432	0.93203				2
2025.07.17	01:14:51.481		0.93219			4
2025.07.17	01:14:51.799	0.93200	0.93218			6
2025.07.17	01:14:53.855	0.93204	0.93219			6
2025.07.17	01:14:57.756	0.93202	0.93220			6
2025.07.17	01:14:58.799	0.93203				2
2025.07.17	01:14:59.273	0.93202				2
2025.07.17	01:15:00.379	0.93202				2
2025.07.17	01:15:01.078	0.93201				2
2025.07.17	01:15:02.278		0.93219			4
2025.07.17	01:15:02.972	0.93204	0.93220			6
2025.07.17	01:15:03.374	0.93203				2
2025.07.17	01:15:03.686	0.93202	0.93218			6
2025.07.17	01:15:04.002	0.93201				2
2025.07.17	01:15:04.325	0.93202	0.93217			6
2025.07.17	01:15:05.138	0.93200	0.93218			6
2025.07.17	01:15:06.077	0.93202				2
2025.07.17	01:15:07.103	0.93203				2
2025.07.17	01:15:07.407	0.93202				2
2025.07.17	01:15:07.899	0.93201	0.93217			6
2025.07.17	01:15:08.213	0.93202	0.93218			6
2025.07.17	01:15:10.257	0.93200				2
2025.07.17	01:15:10.593	0.93201	0.93217			6
2025.07.17	01:15:11.527	0.93202				2
2025.07.17	01:15:12.275		0.93218			4
2025.07.17	01:15:12.601	0.93201	0.93217			6
2025.07.17	01:15:13.378	0.93200	0.93221			6
2025.07.17	01:15:13.680	0.93202	0.93219			6
2025.07.17	01:15:14.044		0.93218			4
2025.07.17	01:15:14.802		0.93217			4
2025.07.17	01:15:15.436	0.93200	0.93218			6
2025.07.17	01:15:15.760	0.93199	0.93217			6
2025.07.17	01:15:16.745	0.93202	0.93218			6
2025.07.17	01:15:17.277		0.93217			4
2025.07.17	01:15:17.952	0.93201	0.93219			6
2025.07.17	01:15:18.299	0.93200	0.93217			6
2025.07.17	01:15:18.674	0.93201	0.93216			6
2025.07.17	01:15:19.336	0.93202	0.93218			6
2025.07.17	01:15:19.650	0.93201				2
2025.07.17	01:15:19.986	0.93202	0.93217			6
2025.07.17	01:15:20.340	0.93199	0.93216			6
2025.07.17	01:15:21.410	0.93202				2
2025.07.17	01:15:22.438	0.93199				2
2025.07.17	01:15:23.179	0.93198				2
2025.07.17	01:15:23.500	0.93202	0.93217			6
2025.07.17	01:15:24.838	0.93201				2
2025.07.17	01:15:25.554	0.93199				2
2025.07.17	01:15:26.523	0.93202				2
2025.07.17	01:15:26.904		0.93216			4
2025.07.17	01:15:27.560		0.93217			4
2025.07.17	01:15:28.268		0.93216			4
2025.07.17	01:15:28.660	0.93206	0.93221			6
2025.07.17	01:15:29.118	0.93200	0.93216			6
2025.07.17	01:15:29.442	0.93198	0.93218			6
2025.07.17	01:15:29.798	0.93200	0.93216			6
2025.07.17	01:15:30.300	0.93199				2
2025.07.17	01:15:30.698	0.93200				2
2025.07.17	01:15:31.702	0.93201	0.93215			6
2025.07.17	01:15:32.320	0.93200	0.93216			6
2025.07.17	01:15:32.737	0.93199	0.93215			6
2025.07.17	01:15:33.070	0.93198	0.93216			6
2025.07.17	01:15:33.774	0.93201	0.93215			6
2025.07.17	01:15:34.378	0.93200	0.93216			6
2025.07.17	01:15:35.785	0.93199				2
2025.07.17	01:15:36.778	0.93201				2
2025.07.17	01:15:37.790		0.93215			4
2025.07.17	01:15:38.115	0.93200	0.93216			6
2025.07.17	01:15:38.816	0.93201				2
2025.07.17	01:15:39.152	0.93200				2
2025.07.17	01:15:39.767	0.93202	0.93217			6
2025.07.17	01:15:40.080	0.93200	0.93216			6
2025.07.17	01:15:40.678	0.93198				2
2025.07.17	01:15:40.979	0.93202				2
2025.07.17	01:15:41.578	0.93201				2
2025.07.17	01:15:41.979	0.93200				2
2025.07.17	01:15:42.778	0.93198	0.93218			6
2025.07.17	01:15:43.165	0.93201	0.93216			6
2025.07.17	01:15:43.678	0.93200				2
2025.07.17	01:15:44.077	0.93201				2
2025.07.17	01:15:45.845	0.93200	0.93218			6
2025.07.17	01:15:46.166	0.93201	0.93217			6
2025.07.17	01:15:46.857	0.93202				2
2025.07.17	01:15:47.896	0.93201	0.93216			6
2025.07.17	01:15:48.931	0.93202				2
2025.07.17	01:15:49.383	0.93201				2
2025.07.17	01:15:49.766		0.93217			4
2025.07.17	01:15:50.086	0.93202	0.93216			6
2025.07.17	01:15:50.417	0.93201				2
2025.07.17	01:15:51.002	0.93202				2
2025.07.17	01:15:53.528	0.93201				2
2025.07.17	01:15:57.198	0.93202				2
2025.07.17	01:15:59.020	0.93200	0.93215			6
2025.07.17	01:15:59.871	0.93199				2
2025.07.17	01:16:00.192	0.93199	0.93214			6
2025.07.17	01:16:00.977	0.93200	0.93215			6
2025.07.17	01:16:01.385	0.93201				2
2025.07.17	01:16:02.013	0.93200	0.93216			6
2025.07.17	01:16:03.156		0.93215			4
2025.07.17	01:16:03.498	0.93201				2
2025.07.17	01:16:05.380	0.93200				2
2025.07.17	01:16:05.701	0.93201				2
2025.07.17	01:16:06.528	0.93200				2
2025.07.17	01:16:07.051	0.93201				2
2025.07.17	01:16:07.677	0.93200				2
2025.07.17	01:16:10.231	0.93201				2
2025.07.17	01:16:14.695		0.93216			4
2025.07.17	01:16:15.075		0.93215			4
2025.07.17	01:16:19.557		0.93214			4
2025.07.17	01:16:19.865		0.93216			4
2025.07.17	01:16:21.987		0.93215			4
2025.07.17	01:16:23.235	0.93200	0.93216			6
2025.07.17	01:16:23.575	0.93201	0.93215			6
2025.07.17	01:16:25.093	0.93198	0.93218			6
2025.07.17	01:16:25.422	0.93203	0.93217			6
2025.07.17	01:16:27.389	0.93202	0.93218			6
2025.07.17	01:16:27.773		0.93217			4
2025.07.17	01:16:29.146	0.93203	0.93219			6
2025.07.17	01:16:29.456	0.93200	0.93216			6
2025.07.17	01:16:30.511		0.93215			4
2025.07.17	01:16:32.580		0.93216			4
2025.07.17	01:16:34.610	0.93201	0.93215			6
2025.07.17	01:16:35.357	0.93200	0.93216			6
2025.07.17	01:16:35.875	0.93201	0.93215			6
2025.07.17	01:16:37.757	0.93200				2
2025.07.17	01:16:38.580		0.93216			4
2025.07.17	01:16:38.923	0.93201	0.93215			6
2025.07.17	01:16:39.432	0.93203	0.93217			6
2025.07.17	01:16:39.739		0.93219			4
2025.07.17	01:16:40.048	0.93198	0.93213			6
2025.07.17	01:16:40.408	0.93197				2
2025.07.17	01:16:41.445	0.93196				2
2025.07.17	01:16:42.157	0.93197				2
2025.07.17	01:16:42.481	0.93196				2
2025.07.17	01:16:43.196	0.93197				2
2025.07.17	01:16:43.518	0.93196				2
2025.07.17	01:16:44.229		0.93214			4
2025.07.17	01:16:45.330	0.93201				2
2025.07.17	01:16:46.293		0.93216			4
2025.07.17	01:16:47.357	0.93200				2
2025.07.17	01:16:48.412	0.93201	0.93215			6
2025.07.17	01:16:56.003	0.93195	0.93213			6
2025.07.17	01:16:57.763	0.93196				2
2025.07.17	01:16:59.833		0.93212			4
2025.07.17	01:17:00.227	0.93195	0.93213			6
2025.07.17	01:17:00.726		0.93212			4
2025.07.17	01:17:01.042		0.93213			4
2025.07.17	01:17:02.942	0.93196	0.93212			6
2025.07.17	01:17:03.589	0.93195	0.93213			6
2025.07.17	01:17:03.981		0.93214			4
2025.07.17	01:17:06.353	0.93194				2
2025.07.17	01:17:09.480	0.93198	0.93211			6
2025.07.17	01:17:10.356	0.93197	0.93212			6
2025.07.17	01:17:11.052	0.93198	0.93211			6
2025.07.17	01:17:11.608	0.93197				2
2025.07.17	01:17:12.647		0.93212			4
2025.07.17	01:17:13.117	0.93198	0.93211			6
2025.07.17	01:17:14.352	0.93195	0.93212			6
2025.07.17	01:17:14.663	0.93198	0.93211			6
2025.07.17	01:17:15.628		0.93212			4
2025.07.17	01:17:17.002	0.93197	0.93211			6
2025.07.17	01:17:17.832		0.93212			4
2025.07.17	01:17:19.197	0.93196	0.93211			6
2025.07.17	01:17:19.709	0.93199	0.93216			6
2025.07.17	01:17:22.768	0.93197	0.93215			6
2025.07.17	01:17:23.121		0.93216			4
2025.07.17	01:17:23.989	0.93199				2
2025.07.17	01:17:25.980	0.93197				2
2025.07.17	01:17:26.782	0.93199	0.93215			6
2025.07.17	01:17:27.346		0.93216			4
2025.07.17	01:17:27.691		0.93215			4
2025.07.17	01:17:28.039	0.93198	0.93216			6
2025.07.17	01:17:28.385	0.93199				2
2025.07.17	01:17:29.441	0.93197				2
2025.07.17	01:17:29.761	0.93203	0.93219			6
2025.07.17	01:17:30.066		0.93218			4
2025.07.17	01:17:30.785	0.93204				2
2025.07.17	01:17:31.474	0.93203				2
2025.07.17	01:17:32.918	0.93198	0.93215			6
2025.07.17	01:17:33.302	0.93197	0.93216			6
2025.07.17	01:17:33.757	0.93199				2
2025.07.17	01:17:34.091		0.93215			4
2025.07.17	01:17:34.905	0.93200				2
2025.07.17	01:17:35.233	0.93199				2
2025.07.17	01:17:35.936	0.93200				2
2025.07.17	01:17:36.283	0.93199	0.93216			6
2025.07.17	01:17:37.657	0.93197				2
2025.07.17	01:17:37.992	0.93198				2
2025.07.17	01:17:38.683	0.93199				2
2025.07.17	01:17:39.004	0.93197				2
2025.07.17	01:17:39.310	0.93199	0.93215			6
2025.07.17	01:17:39.661	0.93197				2
2025.07.17	01:17:40.167	0.93198				2
2025.07.17	01:17:40.506		0.93216			4
2025.07.17	01:17:40.822		0.93217			4
2025.07.17	01:17:41.133	0.93199				2
2025.07.17	01:17:43.360	0.93197				2
2025.07.17	01:17:44.056	0.93198	0.93216			6
2025.07.17	01:17:47.191	0.93197	0.93217			6
2025.07.17	01:17:48.810	0.93199				2
2025.07.17	01:17:50.806	0.93201	0.93219			6
2025.07.17	01:17:51.121	0.93203	0.93218			6
2025.07.17	01:17:54.010	0.93201	0.93220			6
2025.07.17	01:17:54.345	0.93202	0.93218			6
2025.07.17	01:17:56.116	0.93201	0.93219			6
2025.07.17	01:17:56.877	0.93202	0.93218			6
2025.07.17	01:17:57.272	0.93201				2
2025.07.17	01:17:58.206	0.93202				2
2025.07.17	01:17:59.165	0.93201	0.93219			6
2025.07.17	01:17:59.524	0.93202	0.93218			6
2025.07.17	01:18:00.322	0.93201	0.93219			6
2025.07.17	01:18:01.078	0.93202	0.93218			6
2025.07.17	01:18:01.438	0.93200				2
2025.07.17	01:18:01.940	0.93204	0.93221			6
2025.07.17	01:18:03.197	0.93203				2
2025.07.17	01:18:07.337	0.93205				2
2025.07.17	01:18:07.647	0.93203				2
2025.07.17	01:18:08.071	0.93204	0.93222			6
2025.07.17	01:18:09.245	0.93205	0.93221			6
2025.07.17	01:18:09.898	0.93203	0.93223			6
2025.07.17	01:18:10.280	0.93204	0.93222			6
2025.07.17	01:18:10.942	0.93203	0.93223			6
2025.07.17	01:18:11.319	0.93205	0.93222			6
2025.07.17	01:18:11.974	0.93203	0.93223			6
2025.07.17	01:18:12.355	0.93204	0.93222			6
2025.07.17	01:18:12.778	0.93205				2
2025.07.17	01:18:13.134	0.93204				2
2025.07.17	01:18:13.790	0.93203	0.93221			6
2025.07.17	01:18:14.157	0.93201	0.93223			6
2025.07.17	01:18:14.459	0.93203	0.93222			6
2025.07.17	01:18:14.760	0.93205	0.93221			6
2025.07.17	01:18:15.118	0.93203	0.93223			6
2025.07.17	01:18:15.465		0.93221			4
2025.07.17	01:18:15.875		0.93222			4
2025.07.17	01:18:16.351		0.93221			4
2025.07.17	01:18:17.412	0.93206	0.93222			6
2025.07.17	01:18:18.348	0.93203	0.93221			6
2025.07.17	01:18:19.038		0.93222			4
2025.07.17	01:18:19.451	0.93205	0.93221			6
2025.07.17	01:18:19.763	0.93203	0.93222			6
2025.07.17	01:18:20.338		0.93223			4
2025.07.17	01:18:20.645		0.93221			4
2025.07.17	01:18:21.555	0.93206				2
2025.07.17	01:18:21.974	0.93205	0.93222			6
2025.07.17	01:18:22.301	0.93204	0.93223			6
2025.07.17	01:18:22.603	0.93203	0.93221			6
2025.07.17	01:18:24.574		0.93222			4
2025.07.17	01:18:25.700	0.93205				2
2025.07.17	01:18:26.588	0.93203	0.93221			6
2025.07.17	01:18:27.646	0.93204	0.93222			6
2025.07.17	01:18:28.779		0.93220			4
2025.07.17	01:18:29.162	0.93203				2
2025.07.17	01:18:29.782	0.93201	0.93221			6
2025.07.17	01:18:30.084	0.93202	0.93220			6
2025.07.17	01:18:30.822		0.93221			4
2025.07.17	01:18:31.129		0.93220			4
2025.07.17	01:18:31.982	0.93204				2
2025.07.17	01:18:37.896	0.93202				2
2025.07.17	01:18:38.244	0.93203				2
2025.07.17	01:18:39.497	0.93202				2
2025.07.17	01:18:41.598	0.93200				2
2025.07.17	01:18:42.322	0.93201				2
2025.07.17	01:18:43.357	0.93202				2
2025.07.17	01:18:43.666	0.93200				2
2025.07.17	01:18:44.397	0.93202				2
2025.07.17	01:18:44.729	0.93201				2
2025.07.17	01:18:45.432	0.93202				2
2025.07.17	01:18:45.736	0.93200				2
2025.07.17	01:18:46.167	0.93201	0.93219			6
2025.07.17	01:18:46.553	0.93200	0.93221			6
2025.07.17	01:18:46.857	0.93204	0.93219			6
2025.07.17	01:18:47.842	0.93203				2
2025.07.17	01:18:48.250	0.93205				2
2025.07.17	01:18:49.253	0.93204	0.93220			6
2025.07.17	01:18:49.840	0.93205	0.93219			6
2025.07.17	01:18:50.953	0.93202	0.93218			6
2025.07.17	01:18:51.259	0.93203	0.93221			6
2025.07.17	01:18:51.607	0.93202	0.93219			6
2025.07.17	01:18:51.930	0.93205				2
2025.07.17	01:18:53.563	0.93202				2
2025.07.17	01:18:54.220	0.93205				2
2025.07.17	01:18:54.601	0.93203				2
2025.07.17	01:18:55.569	0.93202				2
2025.07.17	01:18:56.282	0.93205				2
2025.07.17	01:18:56.584	0.93202				2
2025.07.17	01:18:58.343		0.93218			4
2025.07.17	01:18:58.649		0.93219			4
2025.07.17	01:19:00.059	0.93202				2
2025.07.17	01:19:00.407	0.93201	0.93220			6
2025.07.17	01:19:00.737	0.93202	0.93219			6
2025.07.17	01:19:01.435	0.93201	0.93220			6
2025.07.17	01:19:01.761	0.93202	0.93219			6
2025.07.17	01:19:02.463	0.93201	0.93220			6
2025.07.17	01:19:02.794	0.93202	0.93219			6
2025.07.17	01:19:03.495	0.93200				2
2025.07.17	01:19:03.911	0.93201				2
2025.07.17	01:19:04.707		0.93218			4
2025.07.17	01:19:05.122	0.93200				2
2025.07.17	01:19:05.744	0.93202				2
2025.07.17	01:19:06.476	0.93201				2
2025.07.17	01:19:06.780	0.93202				2
2025.07.17	01:19:07.094	0.93200				2
2025.07.17	01:19:07.677		0.93219			4
2025.07.17	01:19:08.053	0.93202	0.93218			6
2025.07.17	01:19:08.378	0.93201	0.93219			6
2025.07.17	01:19:08.888	0.93200	0.93218			6
2025.07.17	01:19:09.777		0.93219			4
2025.07.17	01:19:10.125	0.93201				2
2025.07.17	01:19:10.958	0.93202	0.93218			6
2025.07.17	01:19:11.274	0.93200				2
2025.07.17	01:19:12.041	0.93201	0.93219			6
2025.07.17	01:19:12.964	0.93199				2
2025.07.17	01:19:14.043	0.93200	0.93218			6
2025.07.17	01:19:14.581	0.93202				2
2025.07.17	01:19:14.917	0.93201	0.93219			6
2025.07.17	01:19:15.720	0.93200	0.93218			6
2025.07.17	01:19:16.758	0.93201				2
2025.07.17	01:19:17.170		0.93219			4
2025.07.17	01:19:17.793	0.93202				2
2025.07.17	01:19:18.829	0.93199				2
2025.07.17	01:19:19.577	0.93198	0.93220			6
2025.07.17	01:19:19.879	0.93201	0.93219			6
2025.07.17	01:19:21.242	0.93202	0.93218			6
2025.07.17	01:19:21.915		0.93219			4
2025.07.17	01:19:22.948	0.93201				2
2025.07.17	01:19:23.292	0.93202				2
2025.07.17	01:19:23.976	0.93200				2
2025.07.17	01:19:24.662	0.93198	0.93218			6
2025.07.17	01:19:24.971		0.93219			4
2025.07.17	01:19:26.056	0.93199				2
2025.07.17	01:19:30.200	0.93198				2
2025.07.17	01:19:31.291	0.93199				2
2025.07.17	01:19:33.079	0.93197	0.93220			6
2025.07.17	01:19:33.403	0.93199	0.93219			6
2025.07.17	01:19:34.284	0.93198				2
2025.07.17	01:19:36.354	0.93199				2
2025.07.17	01:19:41.109	0.93201	0.93221			6
2025.07.17	01:19:45.376	0.93203	0.93223			6
2025.07.17	01:19:46.349	0.93204				2
2025.07.17	01:19:47.426	0.93203				2
2025.07.17	01:19:50.870	0.93204				2
2025.07.17	01:19:51.571	0.93203				2
2025.07.17	01:19:54.733	0.93208	0.93227			6
2025.07.17	01:19:56.799	0.93207				2
2025.07.17	01:19:57.851	0.93208				2
2025.07.17	01:19:58.876	0.93207				2
2025.07.17	01:19:59.878	0.93208				2
2025.07.17	01:20:00.666	0.93204	0.93226			6
2025.07.17	01:20:00.980	0.93206				2
2025.07.17	01:20:01.295	0.93207				2
2025.07.17	01:20:01.983	0.93204				2
2025.07.17	01:20:02.968	0.93205				2
2025.07.17	01:20:04.468	0.93204				2
2025.07.17	01:20:04.808	0.93205				2
2025.07.17	01:20:07.898	0.93204				2
2025.07.17	01:20:16.960	0.93206				2
2025.07.17	01:20:17.876	0.93205				2
2025.07.17	01:20:18.229	0.93206				2
2025.07.17	01:20:19.048	0.93205				2
2025.07.17	01:20:20.034	0.93206				2
2025.07.17	01:20:20.914		0.93224			4
2025.07.17	01:20:21.233	0.93207				2
2025.07.17	01:20:23.932	0.93206	0.93223			6
2025.07.17	01:20:24.322	0.93208	0.93224			6
2025.07.17	01:20:25.037	0.93207				2
2025.07.17	01:20:26.348	0.93206				2
2025.07.17	01:20:26.669	0.93207				2
2025.07.17	01:20:28.578	0.93209				2
2025.07.17	01:20:28.880	0.93207				2
2025.07.17	01:20:31.288	0.93208				2
2025.07.17	01:20:32.635	0.93207				2
2025.07.17	01:20:33.178	0.93208	0.93223			6
2025.07.17	01:20:33.729	0.93206				2
2025.07.17	01:20:34.058	0.93207				2
2025.07.17	01:20:34.678	0.93206				2
2025.07.17	01:20:35.927	0.93209	0.93224			6
2025.07.17	01:20:36.313	0.93208				2
2025.07.17	01:20:36.964	0.93209				2
2025.07.17	01:20:37.278	0.93210				2
2025.07.17	01:20:37.586	0.93208				2
2025.07.17	01:20:39.575	0.93211				2
2025.07.17	01:20:39.882	0.93208				2
2025.07.17	01:20:40.552	0.93209				2
2025.07.17	01:20:41.579	0.93208				2
2025.07.17	01:20:41.929	0.93209				2
2025.07.17	01:20:42.670	0.93208				2
2025.07.17	01:20:43.072	0.93209				2
2025.07.17	01:20:43.705	0.93207				2
2025.07.17	01:20:44.099	0.93208				2
2025.07.17	01:20:44.441	0.93207				2
2025.07.17	01:20:44.781	0.93208				2
2025.07.17	01:20:45.123	0.93210				2
2025.07.17	01:20:45.454	0.93211	0.93225			6
2025.07.17	01:20:51.818	0.93210				2
2025.07.17	01:20:52.680	0.93211				2
2025.07.17	01:20:53.880	0.93210				2
2025.07.17	01:20:54.586	0.93211				2
2025.07.17	01:20:55.542	0.93209				2
2025.07.17	01:20:56.350	0.93208				2
2025.07.17	01:20:57.717	0.93209				2
2025.07.17	01:20:58.056	0.93208				2
2025.07.17	01:20:58.752	0.93209				2
2025.07.17	01:20:59.094	0.93208				2
2025.07.17	01:21:00.096	0.93208				2
2025.07.17	01:21:01.614	0.93207	0.93224			6
2025.07.17	01:21:11.255	0.93206				2
2025.07.17	01:21:12.352	0.93207				2
2025.07.17	01:21:27.433	0.93206	0.93223			6
2025.07.17	01:21:27.742	0.93207	0.93221			6
2025.07.17	01:21:28.944		0.93223			4
2025.07.17	01:21:29.435	0.93208				2
2025.07.17	01:21:30.519	0.93207				2
2025.07.17	01:21:31.556	0.93208				2
2025.07.17	01:21:35.700	0.93210	0.93222			6
2025.07.17	01:21:38.190	0.93209				2
2025.07.17	01:21:42.864		0.93226			4
2025.07.17	01:21:43.203	0.93210	0.93225			6
2025.07.17	01:21:43.606	0.93211	0.93226			6
2025.07.17	01:21:44.287	0.93210				2
2025.07.17	01:21:44.637	0.93211				2
2025.07.17	01:21:46.504		0.93225			4
2025.07.17	01:21:47.418	0.93212				2
2025.07.17	01:21:48.237	0.93210				2
2025.07.17	01:21:48.541		0.93226			4
2025.07.17	01:21:49.190	0.93209	0.93225			6
2025.07.17	01:21:50.878	0.93210				2
2025.07.17	01:21:51.671	0.93209				2
2025.07.17	01:21:53.773	0.93210				2
2025.07.17	01:21:54.289	0.93209				2
2025.07.17	01:21:56.422	0.93210	0.93224			6
2025.07.17	01:21:57.571	0.93209	0.93225			6
2025.07.17	01:22:00.177	0.93209				2
2025.07.17	01:22:02.893	0.93210				2
2025.07.17	01:22:03.395	0.93211				2
2025.07.17	01:22:04.258	0.93210	0.93223			6
2025.07.17	01:22:04.562	0.93211	0.93224			6
2025.07.17	01:22:05.615	0.93210				2
2025.07.17	01:22:11.320	0.93209				2
2025.07.17	01:22:12.997	0.93210				2
2025.07.17	01:22:14.353	0.93209				2
2025.07.17	01:22:15.634	0.93214	0.93229			6
2025.07.17	01:22:17.792		0.93228			4
2025.07.17	01:22:19.864	0.93213	0.93229			6
2025.07.17	01:22:20.900	0.93214	0.93228			6
2025.07.17	01:22:23.002	0.93215	0.93227			6
2025.07.17	01:22:27.011	0.93216	0.93228			6
2025.07.17	01:22:27.577	0.93215				2
2025.07.17	01:22:29.085		0.93227			4
2025.07.17	01:22:30.126		0.93228			4
2025.07.17	01:22:33.364		0.93227			4
2025.07.17	01:22:33.758		0.93229			4
2025.07.17	01:22:34.077		0.93228			4
2025.07.17	01:22:36.652	0.93217	0.93232			6
2025.07.17	01:22:40.718		0.93231			4
2025.07.17	01:22:41.306	0.93218				2
2025.07.17	01:22:41.628	0.93217				2
2025.07.17	01:22:42.973		0.93229			4
2025.07.17	01:22:43.695	0.93216				2
2025.07.17	01:22:46.874		0.93231			4
2025.07.17	01:22:48.190	0.93218	0.93230			6
2025.07.17	01:22:48.501	0.93216	0.93231			6
2025.07.17	01:22:49.296	0.93217	0.93230			6
2025.07.17	01:22:49.598		0.93231			4
2025.07.17	01:22:49.901		0.93230			4
2025.07.17	01:22:50.626	0.93216	0.93231			6
2025.07.17	01:22:51.535	0.93214	0.93229			6
2025.07.17	01:22:52.167	0.93213	0.93228			6
2025.07.17	01:22:57.343	0.93215				2
2025.07.17	01:22:57.661	0.93219	0.93232			6
2025.07.17	01:22:58.046		0.93231			4
2025.07.17	01:22:58.347		0.93232			4
2025.07.17	01:22:59.367	0.93218	0.93233			6
2025.07.17	01:22:59.784	0.93219	0.93232			6
2025.07.17	01:23:00.100	0.93218	0.93233			6
2025.07.17	01:23:00.425	0.93219	0.93231			6
2025.07.17	01:23:00.749	0.93218				2
2025.07.17	01:23:01.117		0.93230			4
2025.07.17	01:23:01.418	0.93216	0.93231			6
2025.07.17	01:23:02.463	0.93217	0.93230			6
2025.07.17	01:23:03.039	0.93216	0.93233			6
2025.07.17	01:23:03.928		0.93232			4
2025.07.17	01:23:04.313		0.93233			4
2025.07.17	01:23:05.086	0.93218	0.93231			6
2025.07.17	01:23:05.422	0.93216	0.93233			6
2025.07.17	01:23:06.476	0.93218	0.93231			6
2025.07.17	01:23:06.808	0.93216	0.93233			6
2025.07.17	01:23:08.438	0.93217				2
2025.07.17	01:23:08.741	0.93216				2
2025.07.17	01:23:09.122		0.93232			4
2025.07.17	01:23:09.568		0.93233			4
2025.07.17	01:23:09.958	0.93218	0.93231			6
2025.07.17	01:23:10.274	0.93216	0.93233			6
2025.07.17	01:23:11.831	0.93217	0.93231			6
2025.07.17	01:23:12.139	0.93216	0.93233			6
2025.07.17	01:23:15.665	0.93214	0.93231			6
2025.07.17	01:23:16.377	0.93215	0.93229			6
2025.07.17	01:23:16.725	0.93214	0.93231			6
2025.07.17	01:23:17.556		0.93230			4
2025.07.17	01:23:20.736	0.93213	0.93227			6
2025.07.17	01:23:23.877	0.93212				2
2025.07.17	01:23:30.991		0.93226			4
2025.07.17	01:23:32.878	0.93213				2
2025.07.17	01:23:33.886	0.93212	0.93227			6
2025.07.17	01:23:40.318		0.93226			4
2025.07.17	01:23:41.261		0.93227			4
2025.07.17	01:23:42.403	0.93213	0.93226			6
2025.07.17	01:23:50.199		0.93227			4
2025.07.17	01:23:51.234		0.93228			4
2025.07.17	01:23:51.905		0.93226			4
2025.07.17	01:23:52.219	0.93214	0.93229			6
2025.07.17	01:23:56.045	0.93213				2
2025.07.17	01:23:56.881	0.93211	0.93225			6
2025.07.17	01:23:57.906		0.93224			4
2025.07.17	01:23:58.578	0.93212				2
2025.07.17	01:23:59.768		0.93225			4
2025.07.17	01:24:00.832	0.93212				2
2025.07.17	01:24:02.228	0.93213				2
2025.07.17	01:24:03.278	0.93212	0.93226			6
2025.07.17	01:24:08.066		0.93225			4
2025.07.17	01:24:18.063		0.93226			4
2025.07.17	01:24:19.077	0.93213				2
2025.07.17	01:24:19.697	0.93212				2
2025.07.17	01:24:21.137	0.93213				2
2025.07.17	01:24:21.455	0.93212				2
2025.07.17	01:24:23.513	0.93214	0.93227			6
2025.07.17	01:24:23.818		0.93228			4
2025.07.17	01:24:24.296	0.93207	0.93222			6
2025.07.17	01:24:25.070	0.93206				2
2025.07.17	01:24:26.579	0.93207				2
2025.07.17	01:24:28.440	0.93209				2
2025.07.17	01:24:30.517	0.93210				2
2025.07.17	01:24:31.144		0.93223			4
2025.07.17	01:24:31.528	0.93213	0.93226			6
2025.07.17	01:24:32.353	0.93212				2
2025.07.17	01:24:32.731	0.93213	0.93225			6
2025.07.17	01:24:35.678	0.93212	0.93226			6
2025.07.17	01:24:36.736	0.93213	0.93225			6
2025.07.17	01:24:39.144		0.93226			4
2025.07.17	01:24:39.460		0.93225			4
2025.07.17	01:24:42.335	0.93212				2
2025.07.17	01:24:44.991	0.93209	0.93224			6
2025.07.17	01:24:47.877	0.93210				2
2025.07.17	01:24:49.178	0.93212	0.93225			6
2025.07.17	01:24:51.530	0.93211	0.93226			6
2025.07.17	01:24:53.277	0.93212				2
2025.07.17	01:24:57.778		0.93224			4
2025.07.17	01:25:00.408	0.93211	0.93225			6
2025.07.17	01:25:02.683		0.93224			4
2025.07.17	01:25:07.743	0.93212				2
2025.07.17	01:25:11.681		0.93227			4
2025.07.17	01:25:13.079		0.93228			4
2025.07.17	01:25:14.691	0.93211	0.93226			6
2025.07.17	01:25:21.737		0.93225			4
2025.07.17	01:25:23.317	0.93212	0.93224			6
2025.07.17	01:25:23.778	0.93209	0.93223			6
2025.07.17	01:25:25.103	0.93210				2
2025.07.17	01:25:25.427	0.93211	0.93224			6
2025.07.17	01:25:28.676		0.93223			4
2025.07.17	01:25:29.570		0.93225			4
2025.07.17	01:25:29.897		0.93227			4
2025.07.17	01:25:30.219	0.93212				2
2025.07.17	01:25:31.376		0.93228			4
2025.07.17	01:25:32.223	0.93211	0.93225			6
2025.07.17	01:25:32.593	0.93212	0.93227			6
2025.07.17	01:25:37.826		0.93226			4
2025.07.17	01:25:38.235	0.93211	0.93225			6
2025.07.17	01:25:39.778	0.93212				2
2025.07.17	01:25:40.317	0.93209	0.93222			6
2025.07.17	01:25:40.621		0.93221			4
2025.07.17	01:25:42.649	0.93208				2
2025.07.17	01:25:44.609	0.93209				2
2025.07.17	01:25:45.805		0.93222			4
2025.07.17	01:25:46.843		0.93223			4
2025.07.17	01:25:47.162	0.93217	0.93228			6
2025.07.17	01:25:47.477	0.93214	0.93226			6
2025.07.17	01:25:49.334	0.93213				2
2025.07.17	01:25:51.510	0.93212				2
2025.07.17	01:25:52.136	0.93213				2
2025.07.17	01:25:53.275	0.93212	0.93227			6
2025.07.17	01:25:55.425	0.93213	0.93226			6
2025.07.17	01:25:57.813	0.93220	0.93229			6
2025.07.17	01:25:58.122	0.93214	0.93226			6
2025.07.17	01:26:00.157	0.93213				2
2025.07.17	01:26:00.631	0.93212				2
2025.07.17	01:26:01.756	0.93213	0.93224			6
2025.07.17	01:26:15.176	0.93212				2
2025.07.17	01:26:19.080	0.93211				2
2025.07.17	01:26:29.249	0.93210	0.93225			6
2025.07.17	01:26:30.182	0.93211				2
2025.07.17	01:26:31.252	0.93210				2
2025.07.17	01:26:31.826	0.93211				2
2025.07.17	01:26:34.193	0.93210	0.93223			6
2025.07.17	01:26:37.978		0.93222			4
2025.07.17	01:26:40.602		0.93223			4
2025.07.17	01:26:41.679		0.93222			4
2025.07.17	01:26:43.688		0.93223			4
2025.07.17	01:26:45.259		0.93222			4
2025.07.17	01:26:45.596	0.93211	0.93223			6
2025.07.17	01:26:46.977		0.93222			4
2025.07.17	01:26:51.848	0.93210				2
2025.07.17	01:26:52.971		0.93223			4
2025.07.17	01:26:53.280		0.93222			4
2025.07.17	01:26:54.177	0.93209	0.93223			6
2025.07.17	01:26:55.308		0.93221			4
2025.07.17	01:27:00.316	0.93209				2
2025.07.17	01:27:00.624		0.93222			4
2025.07.17	01:27:02.556		0.93224			4
2025.07.17	01:27:07.678		0.93223			4
2025.07.17	01:27:08.039		0.93222			4
2025.07.17	01:27:08.606	0.93208	0.93221			6
2025.07.17	01:27:09.850	0.93209				2
2025.07.17	01:27:10.773	0.93208				2
2025.07.17	01:27:12.713	0.93209				2
2025.07.17	01:27:15.081	0.93208	0.93220			6
2025.07.17	01:27:17.488	0.93209	0.93221			6
2025.07.17	01:27:20.799		0.93220			4
2025.07.17	01:27:33.536	0.93210	0.93225			6
2025.07.17	01:27:35.017		0.93222			4
2025.07.17	01:27:36.179		0.93221			4
2025.07.17	01:27:37.877		0.93222			4
2025.07.17	01:27:45.378		0.93223			4
2025.07.17	01:27:47.878		0.93222			4
2025.07.17	01:27:49.077		0.93221			4
2025.07.17	01:27:56.613		0.93222			4
2025.07.17	01:27:57.471	0.93209				2
2025.07.17	01:27:58.320		0.93223			4
2025.07.17	01:28:00.178	0.93209	0.93219			6
2025.07.17	01:28:00.536		0.93221			4
2025.07.17	01:28:00.840		0.93219			4
2025.07.17	01:28:03.177		0.93220			4
2025.07.17	01:28:11.411		0.93221			4
2025.07.17	01:28:15.567	0.93208				2
2025.07.17	01:28:15.882	0.93209	0.93220			6
2025.07.17	01:28:16.359	0.93208				2
2025.07.17	01:28:19.077	0.93209	0.93221			6
2025.07.17	01:28:20.468		0.93222			4
2025.07.17	01:28:23.437		0.93221			4
2025.07.17	01:28:26.577		0.93222			4
2025.07.17	01:28:27.974		0.93221			4
2025.07.17	01:28:29.580	0.93208				2
2025.07.17	01:28:31.378	0.93209				2
2025.07.17	01:28:33.452	0.93208	0.93220			6
2025.07.17	01:28:35.839	0.93209	0.93222			6
2025.07.17	01:28:36.223		0.93223			4
2025.07.17	01:28:37.046	0.93210				2
2025.07.17	01:28:41.651		0.93224			4
2025.07.17	01:28:42.017	0.93209				2
2025.07.17	01:28:46.685	0.93210				2
2025.07.17	01:28:48.561	0.93208	0.93220			6
2025.07.17	01:28:49.095	0.93209				2
2025.07.17	01:28:49.639	0.93208				2
2025.07.17	01:28:49.940		0.93218			4
2025.07.17	01:28:52.077		0.93219			4
2025.07.17	01:28:54.080	0.93209	0.93222			6
2025.07.17	01:29:00.296	0.93209	0.93220			6
2025.07.17	01:29:03.888		0.93219			4
2025.07.17	01:29:08.347		0.93222			4
2025.07.17	01:29:08.658	0.93211	0.93223			6
2025.07.17	01:29:08.982	0.93210	0.93222			6
2025.07.17	01:29:10.498	0.93211	0.93223			6
2025.07.17	01:29:10.799		0.93224			4
2025.07.17	01:29:13.379	0.93210				2
2025.07.17	01:29:15.477		0.93223			4
2025.07.17	01:29:19.469		0.93222			4
2025.07.17	01:29:27.724		0.93221			4
2025.07.17	01:29:36.621		0.93222			4
2025.07.17	01:29:46.423	0.93211				2
2025.07.17	01:29:47.876	0.93210	0.93221			6
2025.07.17	01:29:52.677	0.93209	0.93222			6
2025.07.17	01:29:55.515	0.93210	0.93221			6
2025.07.17	01:29:55.820	0.93209	0.93220			6
2025.07.17	01:29:56.552	0.93208				2
2025.07.17	01:30:00.288	0.93208				2
2025.07.17	01:30:01.654	0.93209				2
2025.07.17	01:30:03.212	0.93208				2
2025.07.17	01:30:04.161	0.93209				2
2025.07.17	01:30:04.464	0.93210	0.93221			6
2025.07.17	01:30:05.372	0.93209				2
2025.07.17	01:30:06.587	0.93208	0.93220			6
2025.07.17	01:30:07.899	0.93209	0.93222			6
2025.07.17	01:30:08.375		0.93221			4
2025.07.17	01:30:10.040		0.93220			4
2025.07.17	01:30:11.518	0.93210	0.93223			6
2025.07.17	01:30:11.820		0.93224			4
2025.07.17	01:30:12.352		0.93225			4
2025.07.17	01:30:14.877	0.93209	0.93224			6
2025.07.17	01:30:17.081	0.93210				2
2025.07.17	01:30:17.512		0.93223			4
2025.07.17	01:30:18.123		0.93224			4
2025.07.17	01:30:23.315	0.93211	0.93225			6
2025.07.17	01:30:28.359	0.93210	0.93224			6
2025.07.17	01:30:37.820	0.93211	0.93226			6
2025.07.17	01:30:38.430	0.93209	0.93229			6
2025.07.17	01:30:47.813	0.93210	0.93228			6
2025.07.17	01:30:57.981	0.93209				2
2025.07.17	01:30:59.276	0.93211	0.93226			6
2025.07.17	01:31:00.469	0.93211				2
2025.07.17	01:31:05.299	0.93208	0.93229			6
2025.07.17	01:31:07.079	0.93212	0.93227			6
2025.07.17	01:31:11.163	0.93210	0.93229			6
2025.07.17	01:31:11.751		0.93230			4
2025.07.17	01:31:14.639	0.93212	0.93227			6
2025.07.17	01:31:21.804	0.93208	0.93230			6
2025.07.17	01:31:24.397	0.93212	0.93227			6
2025.07.17	01:31:30.829	0.93210	0.93225			6
2025.07.17	01:31:35.858	0.93211	0.93227			6
2025.07.17	01:31:38.866	0.93210	0.93226			6
2025.07.17	01:31:40.597		0.93224			4
2025.07.17	01:31:45.376		0.93226			4
2025.07.17	01:31:49.283	0.93211				2
2025.07.17	01:31:55.499		0.93222			4
2025.07.17	01:31:57.554		0.93223			4
2025.07.17	01:32:00.507	0.93211	0.93224			6
2025.07.17	01:32:00.809		0.93225			4
2025.07.17	01:32:06.709		0.93224			4
2025.07.17	01:32:26.734		0.93225			4
2025.07.17	01:32:28.988		0.93223			4
2025.07.17	01:32:31.916		0.93225			4
2025.07.17	01:32:35.673		0.93230			4
2025.07.17	01:32:36.684	0.93212	0.93227			6
2025.07.17	01:32:42.478	0.93211	0.93226			6
2025.07.17	01:32:44.577	0.93212	0.93227			6
2025.07.17	01:33:00.314	0.93212				2
2025.07.17	01:33:08.876	0.93211	0.93226			6
2025.07.17	01:33:22.825	0.93212	0.93227			6
2025.07.17	01:33:34.479	0.93214	0.93229			6
2025.07.17	01:33:34.799	0.93219	0.93230			6
2025.07.17	01:33:35.420	0.93216	0.93229			6
2025.07.17	01:33:35.734	0.93215				2
2025.07.17	01:33:36.178		0.93230			4
2025.07.17	01:33:39.974	0.93214	0.93228			6
2025.07.17	01:33:50.108	0.93220	0.93227			6
2025.07.17	01:33:50.429	0.93219	0.93228			6
2025.07.17	01:33:50.749	0.93218				2
2025.07.17	01:34:00.566	0.93218	0.93227			6
2025.07.17	01:34:03.430	0.93217				2
2025.07.17	01:34:06.305	0.93218				2
2025.07.17	01:34:12.177		0.93226			4
2025.07.17	01:34:14.878		0.93227			4
2025.07.17	01:34:18.381		0.93226			4
2025.07.17	01:34:19.605	0.93217				2
2025.07.17	01:34:19.979		0.93227			4
2025.07.17	01:34:30.004		0.93226			4
2025.07.17	01:34:30.460		0.93227			4
2025.07.17	01:34:31.534		0.93226			4
2025.07.17	01:34:35.577		0.93227			4
2025.07.17	01:34:36.898	0.93218	0.93229			6
2025.07.17	01:34:38.577	0.93219	0.93227			6
2025.07.17	01:34:39.569	0.93218				2
2025.07.17	01:34:40.355	0.93219				2
2025.07.17	01:34:44.602	0.93217	0.93226			6
2025.07.17	01:34:44.906		0.93225			4
2025.07.17	01:34:47.615	0.93218				2
2025.07.17	01:34:49.038	0.93219				2
2025.07.17	01:34:50.963	0.93218				2
2025.07.17	01:35:00.778	0.93218				2
2025.07.17	01:35:01.693	0.93219	0.93224			6
2025.07.17	01:35:02.676		0.93225			4
2025.07.17	01:35:04.427		0.93224			4
2025.07.17	01:35:05.558		0.93225			4
2025.07.17	01:35:13.849		0.93226			4
2025.07.17	01:35:14.789		0.93225			4
2025.07.17	01:35:17.346	0.93218				2
2025.07.17	01:35:19.677		0.93224			4
2025.07.17	01:35:20.192	0.93219				2
2025.07.17	01:35:20.518		0.93225			4
2025.07.17	01:35:22.130	0.93218				2
2025.07.17	01:35:24.691		0.93224			4
2025.07.17	01:35:30.534	0.93219				2
2025.07.17	01:35:31.153		0.93225			4
2025.07.17	01:35:31.809		0.93224			4
2025.07.17	01:35:36.380		0.93223			4
2025.07.17	01:35:39.205		0.93224			4
2025.07.17	01:35:40.242		0.93225			4
2025.07.17	01:35:41.710		0.93223			4
2025.07.17	01:35:42.033	0.93220	0.93226			6
2025.07.17	01:35:42.361	0.93219	0.93225			6
2025.07.17	01:35:43.291	0.93208	0.93219			6
2025.07.17	01:35:43.622		0.93215			4
2025.07.17	01:35:44.661	0.93201	0.93213			6
2025.07.17	01:35:45.783		0.93212			4
2025.07.17	01:35:46.300		0.93211			4
2025.07.17	01:35:48.177		0.93212			4
2025.07.17	01:35:49.508	0.93209	0.93224			6
2025.07.17	01:35:50.486	0.93213				2
2025.07.17	01:35:50.801	0.93209				2
2025.07.17	01:35:53.475	0.93206	0.93220			6
2025.07.17	01:36:00.356	0.93206				2
2025.07.17	01:36:01.458		0.93221			4
2025.07.17	01:36:04.676	0.93205	0.93219			6
2025.07.17	01:36:07.376		0.93220			4
2025.07.17	01:36:09.480	0.93209	0.93223			6
2025.07.17	01:36:13.860	0.93206	0.93220			6
2025.07.17	01:36:15.092	0.93205	0.93218			6
2025.07.17	01:36:23.977	0.93207				2
2025.07.17	01:36:24.612	0.93208				2
2025.07.17	01:36:25.419	0.93205				2
2025.07.17	01:36:30.566	0.93206	0.93219			6
2025.07.17	01:36:50.877	0.93207	0.93220			6
2025.07.17	01:37:00.666	0.93206	0.93219			6
2025.07.17	01:37:01.500	0.93207	0.93220			6
2025.07.17	01:37:03.696	0.93206	0.93219			6
2025.07.17	01:37:30.563	0.93207	0.93220			6
2025.07.17	01:37:33.008	0.93203	0.93222			6
2025.07.17	01:37:33.582	0.93205	0.93218			6
2025.07.17	01:37:33.972	0.93206	0.93220			6
2025.07.17	01:37:36.778		0.93219			4
2025.07.17	01:37:37.079	0.93205	0.93218			6
2025.07.17	01:37:43.510	0.93200	0.93219			6
2025.07.17	01:37:44.000	0.93201				2
2025.07.17	01:37:50.370		0.93220			4
2025.07.17	01:37:50.683	0.93200				2
2025.07.17	01:37:52.978		0.93219			4
2025.07.17	01:37:54.974	0.93205				2
2025.07.17	01:38:00.477	0.93205				2
2025.07.17	01:38:00.795		0.93222			4
2025.07.17	01:38:02.635	0.93207	0.93220			6
2025.07.17	01:38:03.811		0.93221			4
2025.07.17	01:38:04.124	0.93206	0.93219			6
2025.07.17	01:38:20.565		0.93220			4
2025.07.17	01:38:40.711	0.93209	0.93223			6
2025.07.17	01:38:41.060	0.93211	0.93225			6
2025.07.17	01:38:41.698		0.93224			4
2025.07.17	01:38:43.178	0.93210				2
2025.07.17	01:38:49.853	0.93207	0.93221			6
2025.07.17	01:39:00.690	0.93207				2
2025.07.17	01:39:04.321		0.93220			4
2025.07.17	01:39:07.076		0.93221			4
2025.07.17	01:39:10.378	0.93206	0.93220			6
2025.07.17	01:39:11.778	0.93207	0.93221			6
2025.07.17	01:39:12.690	0.93205	0.93218			6
2025.07.17	01:39:13.667	0.93206	0.93220			6
2025.07.17	01:39:21.949	0.93213	0.93217			6
2025.07.17	01:39:22.260	0.93206	0.93220			6
2025.07.17	01:39:28.916		0.93219			4
2025.07.17	01:39:39.643	0.93208	0.93218			6
2025.07.17	01:39:39.967	0.93206	0.93220			6
2025.07.17	01:39:47.649	0.93209	0.93223			6
2025.07.17	01:39:56.752	0.93206	0.93220			6
2025.07.17	01:40:01.518	0.93207				2
2025.07.17	01:40:08.349	0.93208	0.93221			6
2025.07.17	01:40:10.687	0.93209	0.93223			6
2025.07.17	01:40:12.566	0.93210	0.93224			6
2025.07.17	01:40:30.566	0.93211				2
2025.07.17	01:40:35.045	0.93210	0.93223			6
2025.07.17	01:40:43.568		0.93224			4
2025.07.17	01:40:44.294		0.93223			4
2025.07.17	01:40:44.711	0.93208	0.93222			6
2025.07.17	01:41:00.017	0.93209	0.93223			6
2025.07.17	01:41:01.099		0.93222			4
2025.07.17	01:41:04.546		0.93221			4
2025.07.17	01:41:07.557	0.93207				2
2025.07.17	01:41:08.008		0.93223			4
2025.07.17	01:41:10.688		0.93222			4
2025.07.17	01:41:11.652	0.93205	0.93221			6
2025.07.17	01:41:14.827	0.93206	0.93223			6
2025.07.17	01:41:27.186	0.93207				2
2025.07.17	01:41:30.335		0.93222			4
2025.07.17	01:41:33.778		0.93223			4
2025.07.17	01:41:43.676		0.93224			4
2025.07.17	01:41:45.375	0.93205	0.93223			6
2025.07.17	01:41:55.438		0.93222			4
2025.07.17	01:41:58.677		0.93223			4
2025.07.17	01:42:00.622	0.93205				2
2025.07.17	01:42:01.976		0.93222			4
2025.07.17	01:42:06.155		0.93221			4
2025.07.17	01:42:07.554		0.93223			4
2025.07.17	01:42:08.877		0.93222			4
2025.07.17	01:42:11.570	0.93208	0.93223			6
2025.07.17	01:42:12.355	0.93210				2
2025.07.17	01:42:13.754		0.93224			4
2025.07.17	01:42:15.954		0.93223			4
2025.07.17	01:42:18.937		0.93224			4
2025.07.17	01:42:19.780		0.93223			4
2025.07.17	01:42:22.043		0.93224			4
2025.07.17	01:42:22.978		0.93223			4
2025.07.17	01:42:26.186		0.93224			4
2025.07.17	01:42:27.088		0.93223			4
2025.07.17	01:42:29.295		0.93224			4
2025.07.17	01:42:30.461		0.93223			4
2025.07.17	01:42:32.405		0.93224			4
2025.07.17	01:42:33.574		0.93223			4
2025.07.17	01:42:35.511		0.93222			4
2025.07.17	01:42:35.815		0.93223			4
2025.07.17	01:42:38.691		0.93222			4
2025.07.17	01:42:40.566		0.93223			4
2025.07.17	01:42:41.160		0.93222			4
2025.07.17	01:42:42.039		0.93223			4
2025.07.17	01:42:42.373		0.93222			4
2025.07.17	01:42:44.447		0.93223			4
2025.07.17	01:42:45.360		0.93222			4
2025.07.17	01:42:46.527		0.93223			4
2025.07.17	01:42:47.594		0.93222			4
2025.07.17	01:42:49.577		0.93223			4
2025.07.17	01:42:56.097		0.93225			4
2025.07.17	01:42:56.686		0.93224			4
2025.07.17	01:42:58.797	0.93212				2
2025.07.17	01:43:00.213	0.93213	0.93225			6
2025.07.17	01:43:00.548	0.93212	0.93226			6
2025.07.17	01:43:00.861		0.93225			4
2025.07.17	01:43:01.330	0.93211				2
2025.07.17	01:43:04.871	0.93208	0.93224			6
2025.07.17	01:43:08.400	0.93211	0.93223			6
2025.07.17	01:43:08.745	0.93208	0.93224			6
2025.07.17	01:43:11.145	0.93211	0.93226			6
2025.07.17	01:43:13.115	0.93209	0.93223			6
2025.07.17	01:43:19.075	0.93210	0.93222			6
2025.07.17	01:43:20.251	0.93209				2
2025.07.17	01:43:25.437		0.93223			4
2025.07.17	01:43:26.553	0.93210	0.93222			6
2025.07.17	01:43:26.861	0.93211	0.93223			6
2025.07.17	01:43:27.576		0.93224			4
2025.07.17	01:43:33.955	0.93209	0.93223			6
2025.07.17	01:43:40.032		0.93222			4
2025.07.17	01:43:42.046		0.93221			4
2025.07.17	01:43:47.262		0.93222			4
2025.07.17	01:43:48.297		0.93221			4
2025.07.17	01:43:55.370		0.93222			4
2025.07.17	01:43:56.588		0.93221			4
2025.07.17	01:44:00.634	0.93209				2
2025.07.17	01:44:07.858		0.93222			4
2025.07.17	01:44:16.147		0.93223			4
2025.07.17	01:44:16.609		0.93222			4
2025.07.17	01:44:19.318		0.93223			4
2025.07.17	01:44:19.717		0.93222			4
2025.07.17	01:44:20.213		0.93221			4
2025.07.17	01:44:20.524		0.93220			4
2025.07.17	01:44:21.477		0.93219			4
2025.07.17	01:44:22.355		0.93220			4
2025.07.17	01:44:22.720		0.93219			4
2025.07.17	01:44:25.654		0.93220			4
2025.07.17	01:44:26.065		0.93219			4
2025.07.17	01:44:27.000		0.93222			4
2025.07.17	01:44:28.677		0.93221			4
2025.07.17	01:44:28.997	0.93203	0.93219			6
2025.07.17	01:44:29.889	0.93205	0.93220			6
2025.07.17	01:44:32.024	0.93211	0.93223			6
2025.07.17	01:44:32.340	0.93210				2
2025.07.17	01:44:33.357	0.93211	0.93224			6
2025.07.17	01:44:37.871	0.93212	0.93223			6
2025.07.17	01:44:38.186		0.93224			4
2025.07.17	01:44:38.551		0.93225			4
2025.07.17	01:44:40.714	0.93211	0.93224			6
2025.07.17	01:44:41.083		0.93223			4
2025.07.17	01:44:42.049		0.93224			4
2025.07.17	01:44:44.874		0.93225			4
2025.07.17	01:44:45.287		0.93224			4
2025.07.17	01:44:47.230		0.93223			4
2025.07.17	01:44:48.262		0.93224			4
2025.07.17	01:44:48.657	0.93213	0.93223			6
2025.07.17	01:44:48.983	0.93211	0.93224			6
2025.07.17	01:44:50.643		0.93226			4
2025.07.17	01:44:59.415	0.93213				2
2025.07.17	01:44:59.745	0.93211	0.93224			6
2025.07.17	01:45:00.066	0.93211				2
2025.07.17	01:45:13.263		0.93223			4
2025.07.17	01:45:14.949	0.93210	0.93226			6
2025.07.17	01:45:15.560		0.93225			4
2025.07.17	01:45:18.376		0.93224			4
2025.07.17	01:45:18.845		0.93225			4
2025.07.17	01:45:25.077		0.93224			4
2025.07.17	01:45:25.441		0.93225			4
2025.07.17	01:45:27.591		0.93226			4
2025.07.17	01:45:30.177		0.93225			4
2025.07.17	01:45:37.991	0.93208	0.93222			6
2025.07.17	01:45:38.911		0.93223			4
2025.07.17	01:45:39.731		0.93222			4
2025.07.17	01:45:48.010	0.93207				2
2025.07.17	01:46:00.458	0.93205	0.93218			6
2025.07.17	01:46:00.761	0.93207	0.93219			6
2025.07.17	01:46:01.698	0.93209	0.93218			6
2025.07.17	01:46:02.020	0.93213	0.93219			6
2025.07.17	01:46:02.342	0.93207	0.93222			6
