<DATE>	<TIME>	<BID>	<ASK>	<LAST>	<VOLUME>	<FLAGS>
2025.02.12	00:00:00.227	0.94595	0.94659			6
2025.02.12	00:00:00.536	0.94552	0.94673			6
2025.02.12	00:00:01.140	0.94600	0.94654			6
2025.02.12	00:00:01.462	0.94463	0.94696			6
2025.02.12	00:00:02.078		0.94691			4
2025.02.12	00:00:02.487		0.94679			4
2025.02.12	00:05:00.143	0.94466	0.94691			6
2025.02.12	00:05:00.457	0.94553				2
2025.02.12	00:06:00.599	0.94554	0.94691			6
2025.02.12	00:06:31.031	0.94559				2
2025.02.12	00:06:57.713	0.94558				2
2025.02.12	00:07:01.204	0.94558	0.94691			6
2025.02.12	00:08:06.355	0.94558	0.94691			6
2025.02.12	00:08:28.096	0.94561				2
2025.02.12	00:09:00.371	0.94561				2
2025.02.12	00:09:08.359		0.94691			4
2025.02.12	00:09:57.713		0.94686			4
2025.02.12	00:10:00.383	0.94561				2
2025.02.12	00:10:03.001		0.94691			4
2025.02.12	00:10:12.111	0.94534	0.94686			6
2025.02.12	00:10:15.757	0.94530				2
2025.02.12	00:10:22.107	0.94538				2
2025.02.12	00:10:49.323	0.94539				2
2025.02.12	00:10:49.625	0.94538				2
2025.02.12	00:11:00.010	0.94538				2
2025.02.12	00:11:01.828	0.94558	0.94691			6
2025.02.12	00:11:03.166		0.94690			4
2025.02.12	00:11:05.705	0.94538	0.94686			6
2025.02.12	00:11:06.612	0.94558	0.94690			6
2025.02.12	00:11:10.664	0.94538	0.94686			6
2025.02.12	00:11:11.601	0.94558	0.94690			6
2025.02.12	00:12:00.302	0.94558				2
2025.02.12	00:12:03.003		0.94691			4
2025.02.12	00:13:01.801	0.94558				2
2025.02.12	00:13:03.104		0.94691			4
2025.02.12	00:13:58.103	0.94557				2
2025.02.12	00:14:01.200	0.94557				2
2025.02.12	00:14:03.902		0.94691			4
2025.02.12	00:14:53.101	0.94558				2
2025.02.12	00:15:00.301	0.94558				2
2025.02.12	00:15:05.700		0.94691			4
2025.02.12	00:16:03.903	0.94558				2
2025.02.12	00:16:06.003		0.94691			4
2025.02.12	00:16:21.601	0.94553	0.94683			6
2025.02.12	00:16:26.024		0.94680			4
2025.02.12	00:17:01.206	0.94553				2
2025.02.12	00:17:26.024		0.94677			4
2025.02.12	00:17:56.440		0.94683			4
2025.02.12	00:17:56.942		0.94677			4
2025.02.12	00:18:00.976	0.94553				2
2025.02.12	00:18:25.940		0.94672			4
2025.02.12	00:19:00.447	0.94553				2
2025.02.12	00:19:10.252	0.94558				2
2025.02.12	00:19:11.206		0.94687			4
2025.02.12	00:19:49.326		0.94680			4
2025.02.12	00:20:01.319	0.94558				2
2025.02.12	00:20:05.484	0.94553				2
2025.02.12	00:20:50.632		0.94680			4
2025.02.12	00:21:00.497	0.94553				2
2025.02.12	00:21:32.630		0.94688			4
2025.02.12	00:21:33.380		0.94677			4
2025.02.12	00:22:12.074	0.94553				2
2025.02.12	00:22:33.377		0.94678			4
2025.02.12	00:23:04.575	0.94553				2
2025.02.12	00:23:36.900		0.94678			4
2025.02.12	00:24:00.983	0.94553				2
2025.02.12	00:24:22.200		0.94683			4
2025.02.12	00:24:28.940		0.94676			4
2025.02.12	00:24:43.994		0.94675			4
2025.02.12	00:24:51.685		0.94688			4
2025.02.12	00:25:00.017	0.94553				2
2025.02.12	00:25:03.929	0.94513	0.94651			6
2025.02.12	00:25:14.113	0.94510				2
2025.02.12	00:25:35.533	0.94530	0.94650			6
2025.02.12	00:26:04.174	0.94530				2
2025.02.12	00:26:15.414	0.94517	0.94644			6
2025.02.12	00:26:17.247	0.94530	0.94650			6
2025.02.12	00:27:00.097	0.94530				2
2025.02.12	00:27:17.433		0.94650			4
2025.02.12	00:28:00.977	0.94530				2
2025.02.12	00:28:17.690		0.94650			4
2025.02.12	00:28:40.997	0.94534	0.94651			6
2025.02.12	00:29:00.985	0.94534				2
2025.02.12	00:29:21.458		0.94645			4
2025.02.12	00:29:30.784		0.94647			4
2025.02.12	00:30:00.384	0.94528	0.94645			6
2025.02.12	00:30:02.111		0.94647			4
2025.02.12	00:30:16.420	0.94534				2
2025.02.12	00:30:44.404		0.94635			4
2025.02.12	00:30:51.212		0.94647			4
2025.02.12	00:31:00.383	0.94534				2
2025.02.12	00:31:11.421	0.94530				2
2025.02.12	00:31:19.831		0.94637			4
2025.02.12	00:31:36.024		0.94647			4
2025.02.12	00:31:39.834	0.94534				2
2025.02.12	00:31:40.432	0.94532				2
2025.02.12	00:31:43.721	0.94534				2
2025.02.12	00:31:55.178	0.94533				2
2025.02.12	00:32:01.272	0.94533				2
2025.02.12	00:32:11.996	0.94534				2
2025.02.12	00:32:36.024		0.94651			4
2025.02.12	00:33:00.004	0.94534				2
2025.02.12	00:33:36.042		0.94651			4
2025.02.12	00:34:00.875	0.94534				2
2025.02.12	00:34:36.604		0.94651			4
2025.02.12	00:35:00.417	0.94534				2
2025.02.12	00:35:42.617		0.94651			4
2025.02.12	00:36:00.137	0.94534				2
2025.02.12	00:36:46.432		0.94651			4
2025.02.12	00:36:59.756	0.94539				2
2025.02.12	00:37:00.268	0.94539				2
2025.02.12	00:37:22.359	0.94537				2
2025.02.12	00:37:24.301	0.94536				2
2025.02.12	00:37:30.613	0.94537				2
2025.02.12	00:37:40.183	0.94538				2
2025.02.12	00:37:45.216	0.94537				2
2025.02.12	00:37:46.521		0.94651			4
2025.02.12	00:37:48.001	0.94538				2
2025.02.12	00:37:50.045	0.94540				2
2025.02.12	00:37:55.716	0.94541				2
2025.02.12	00:37:56.101	0.94540				2
2025.02.12	00:37:58.914	0.94541				2
2025.02.12	00:37:59.403	0.94540				2
2025.02.12	00:38:00.902	0.94540				2
2025.02.12	00:38:06.304	0.94539				2
2025.02.12	00:38:06.968	0.94538				2
2025.02.12	00:38:07.477	0.94539				2
2025.02.12	00:38:12.851	0.94534				2
2025.02.12	00:38:19.202	0.94539				2
2025.02.12	00:38:19.832	0.94534				2
2025.02.12	00:38:21.196		0.94649			4
2025.02.12	00:38:22.802		0.94648			4
2025.02.12	00:38:23.493		0.94650			4
2025.02.12	00:38:50.304		0.94651			4
2025.02.12	00:39:00.000	0.94534				2
2025.02.12	00:39:08.310		0.94649			4
2025.02.12	00:39:17.982		0.94648			4
2025.02.12	00:39:19.242		0.94649			4
2025.02.12	00:39:26.606	0.94557	0.94651			6
2025.02.12	00:39:27.309	0.94556				2
2025.02.12	00:39:27.829	0.94555				2
2025.02.12	00:39:31.957	0.94556				2
2025.02.12	00:39:33.042	0.94557				2
2025.02.12	00:40:00.482	0.94557				2
2025.02.12	00:40:00.814	0.94556				2
2025.02.12	00:40:02.028	0.94558				2
2025.02.12	00:40:03.601	0.94557				2
2025.02.12	00:40:03.908	0.94558				2
2025.02.12	00:40:04.539	0.94555				2
2025.02.12	00:40:06.600	0.94556				2
2025.02.12	00:40:19.502	0.94558				2
2025.02.12	00:40:20.027	0.94557				2
2025.02.12	00:40:20.401	0.94558				2
2025.02.12	00:40:27.509		0.94651			4
2025.02.12	00:40:30.302	0.94557				2
2025.02.12	00:40:34.202	0.94558				2
2025.02.12	00:40:35.402	0.94557				2
2025.02.12	00:40:46.505	0.94558				2
2025.02.12	00:40:52.200		0.94650			4
2025.02.12	00:40:54.938		0.94651			4
2025.02.12	00:41:01.501	0.94558				2
2025.02.12	00:41:09.569		0.94650			4
2025.02.12	00:41:19.049	0.94566	0.94651			6
2025.02.12	00:41:31.200	0.94564				2
2025.02.12	00:41:41.202	0.94565				2
2025.02.12	00:42:00.005	0.94565				2
2025.02.12	00:42:13.806	0.94566				2
2025.02.12	00:42:15.602	0.94559				2
2025.02.12	00:42:19.466		0.94651			4
2025.02.12	00:42:28.317	0.94554				2
2025.02.12	00:42:36.938		0.94664			4
2025.02.12	00:42:59.401	0.94555				2
2025.02.12	00:43:00.905	0.94554				2
2025.02.12	00:43:02.180	0.94555				2
2025.02.12	00:43:02.892		0.94667			4
2025.02.12	00:43:03.703		0.94664			4
2025.02.12	00:43:20.262	0.94557				2
2025.02.12	00:43:33.401	0.94558				2
2025.02.12	00:43:34.202	0.94557				2
2025.02.12	00:43:35.780	0.94558				2
2025.02.12	00:43:36.600	0.94557				2
2025.02.12	00:43:40.500	0.94558				2
2025.02.12	00:43:49.075		0.94658			4
2025.02.12	00:43:53.751		0.94660			4
2025.02.12	00:43:59.101		0.94664			4
2025.02.12	00:44:00.674	0.94558				2
2025.02.12	00:44:15.255		0.94658			4
2025.02.12	00:44:21.939		0.94665			4
2025.02.12	00:44:23.751		0.94658			4
2025.02.12	00:44:52.461	0.94563				2
2025.02.12	00:44:52.772	0.94558				2
2025.02.12	00:44:54.602	0.94563				2
2025.02.12	00:44:58.205	0.94559				2
2025.02.12	00:44:59.242	0.94564				2
2025.02.12	00:44:59.612	0.94559				2
2025.02.12	00:45:02.120	0.94564	0.94685			6
2025.02.12	00:45:03.973	0.94558	0.94656			6
2025.02.12	00:45:07.957	0.94576	0.94638			6
2025.02.12	00:45:09.642	0.94579				2
2025.02.12	00:45:13.661	0.94580				2
2025.02.12	00:45:15.574	0.94574				2
2025.02.12	00:45:19.407	0.94575				2
2025.02.12	00:45:25.505	0.94576				2
2025.02.12	00:45:38.751		0.94643			4
2025.02.12	00:45:52.202	0.94577				2
2025.02.12	00:45:59.090	0.94575	0.94644			6
2025.02.12	00:45:59.957	0.94576				2
2025.02.12	00:46:01.642	0.94576				2
2025.02.12	00:46:18.430		0.94638			4
2025.02.12	00:46:25.144	0.94577				2
2025.02.12	00:46:28.724		0.94639			4
2025.02.12	00:46:49.147		0.94646			4
2025.02.12	00:46:50.409		0.94647			4
2025.02.12	00:46:53.103		0.94646			4
2025.02.12	00:46:59.027		0.94635			4
2025.02.12	00:47:00.300	0.94577				2
2025.02.12	00:47:00.974		0.94639			4
2025.02.12	00:47:02.148	0.94581	0.94666			6
2025.02.12	00:47:03.977	0.94576	0.94639			6
2025.02.12	00:47:06.668		0.94636			4
2025.02.12	00:47:07.253	0.94577				2
2025.02.12	00:47:14.606		0.94639			4
2025.02.12	00:47:28.806		0.94643			4
2025.02.12	00:47:34.134		0.94639			4
2025.02.12	00:48:04.801	0.94577				2
2025.02.12	00:48:09.313	0.94576				2
2025.02.12	00:48:12.071	0.94577				2
2025.02.12	00:48:25.862		0.94643			4
2025.02.12	00:48:28.094	0.94589	0.94635			6
2025.02.12	00:48:51.561	0.94579	0.94629			6
2025.02.12	00:48:52.336	0.94581	0.94628			6
2025.02.12	00:48:52.773		0.94627			4
2025.02.12	00:49:02.367	0.94581				2
2025.02.12	00:49:17.897	0.94585	0.94630			6
2025.02.12	00:49:19.502	0.94581	0.94627			6
2025.02.12	00:49:23.702	0.94586	0.94631			6
2025.02.12	00:49:24.353	0.94585	0.94632			6
2025.02.12	00:49:27.838		0.94633			4
2025.02.12	00:49:31.202	0.94578	0.94630			6
2025.02.12	00:49:32.264	0.94579				2
2025.02.12	00:49:35.102	0.94577	0.94629			6
2025.02.12	00:49:35.406	0.94580	0.94625			6
2025.02.12	00:49:36.355	0.94579				2
2025.02.12	00:49:39.958	0.94563	0.94620			6
2025.02.12	00:49:41.705	0.94562				2
2025.02.12	00:49:45.352	0.94571	0.94621			6
2025.02.12	00:49:47.102	0.94552	0.94614			6
2025.02.12	00:49:47.403		0.94613			4
2025.02.12	00:49:49.719		0.94609			4
2025.02.12	00:49:53.414		0.94605			4
2025.02.12	00:49:55.371		0.94604			4
2025.02.12	00:49:57.004		0.94605			4
2025.02.12	00:50:00.302	0.94552				2
2025.02.12	00:50:00.990	0.94553	0.94604			6
2025.02.12	00:50:01.646	0.94552				2
2025.02.12	00:50:02.101	0.94553	0.94603			6
2025.02.12	00:50:02.803		0.94604			4
2025.02.12	00:50:03.585	0.94555	0.94601			6
2025.02.12	00:50:13.583		0.94602			4
2025.02.12	00:50:31.459	0.94561	0.94641			6
2025.02.12	00:50:33.085	0.94562				2
2025.02.12	00:50:35.023	0.94563				2
2025.02.12	00:50:35.360	0.94562				2
2025.02.12	00:50:36.336	0.94561				2
2025.02.12	00:50:40.363	0.94555				2
2025.02.12	00:50:40.986	0.94556				2
2025.02.12	00:50:43.681	0.94560				2
2025.02.12	00:50:45.287	0.94556				2
2025.02.12	00:50:52.180	0.94557				2
2025.02.12	00:50:58.750	0.94556				2
2025.02.12	00:51:00.162	0.94556				2
2025.02.12	00:51:05.961	0.94557				2
2025.02.12	00:51:18.608	0.94556				2
2025.02.12	00:51:20.701	0.94557				2
2025.02.12	00:51:21.280	0.94556				2
2025.02.12	00:51:24.493		0.94644			4
2025.02.12	00:51:31.640		0.94638			4
2025.02.12	00:51:32.347	0.94557				2
2025.02.12	00:51:40.436	0.94564				2
2025.02.12	00:51:41.514	0.94565				2
2025.02.12	00:51:48.012	0.94564				2
2025.02.12	00:51:49.033	0.94563				2
2025.02.12	00:51:53.327	0.94562				2
2025.02.12	00:51:57.371	0.94561				2
2025.02.12	00:52:00.361	0.94561				2
2025.02.12	00:52:00.742	0.94560				2
2025.02.12	00:52:02.352	0.94561				2
2025.02.12	00:52:03.425	0.94562				2
2025.02.12	00:52:07.686	0.94560				2
2025.02.12	00:52:09.315	0.94561				2
2025.02.12	00:52:19.014	0.94566	0.94642			6
2025.02.12	00:52:19.319	0.94565				2
2025.02.12	00:52:20.359	0.94564				2
2025.02.12	00:52:21.302	0.94565				2
2025.02.12	00:52:28.282	0.94564				2
2025.02.12	00:52:29.108	0.94566				2
2025.02.12	00:52:30.606	0.94567				2
2025.02.12	00:52:37.643	0.94568				2
2025.02.12	00:52:39.007	0.94569				2
2025.02.12	00:52:59.574		0.94647			4
2025.02.12	00:53:01.201	0.94569				2
2025.02.12	00:53:30.659	0.94585	0.94633			6
2025.02.12	00:53:31.801	0.94586	0.94632			6
2025.02.12	00:53:48.729	0.94587	0.94635			6
2025.02.12	00:53:58.176	0.94588	0.94634			6
2025.02.12	00:54:00.004	0.94588				2
2025.02.12	00:54:13.986	0.94589	0.94639			6
2025.02.12	00:54:14.336	0.94587	0.94641			6
2025.02.12	00:54:25.589	0.94594	0.94639			6
2025.02.12	00:54:25.933	0.94586				2
2025.02.12	00:54:27.004	0.94585				2
2025.02.12	00:54:29.702	0.94586				2
2025.02.12	00:54:31.204	0.94585				2
2025.02.12	00:54:31.640	0.94594				2
2025.02.12	00:54:34.159	0.94593				2
2025.02.12	00:54:35.607	0.94585	0.94643			6
2025.02.12	00:54:38.100	0.94595	0.94639			6
2025.02.12	00:54:38.705	0.94585				2
2025.02.12	00:54:43.206	0.94586				2
2025.02.12	00:54:44.401	0.94585				2
2025.02.12	00:54:53.777	0.94595				2
2025.02.12	00:54:56.401	0.94594				2
2025.02.12	00:54:57.563	0.94586				2
2025.02.12	00:55:00.301	0.94586				2
2025.02.12	00:55:01.522	0.94596				2
2025.02.12	00:55:03.673	0.94585				2
2025.02.12	00:55:05.100	0.94584				2
2025.02.12	00:55:05.790	0.94585				2
2025.02.12	00:55:08.382	0.94591	0.94637			6
2025.02.12	00:55:10.829	0.94590				2
2025.02.12	00:55:14.115	0.94594				2
2025.02.12	00:55:14.503	0.94589				2
2025.02.12	00:55:15.233	0.94592				2
2025.02.12	00:55:17.682	0.94581				2
2025.02.12	00:55:18.902	0.94583				2
2025.02.12	00:55:19.552	0.94582				2
2025.02.12	00:55:21.003	0.94583				2
2025.02.12	00:55:23.782	0.94584				2
2025.02.12	00:55:25.908	0.94582				2
2025.02.12	00:55:27.979	0.94584				2
2025.02.12	00:55:29.703	0.94583				2
2025.02.12	00:55:30.044	0.94582				2
2025.02.12	00:55:32.872	0.94572	0.94633			6
2025.02.12	00:55:33.173	0.94571				2
2025.02.12	00:55:33.581	0.94574				2
2025.02.12	00:55:33.923	0.94575				2
2025.02.12	00:55:35.575	0.94572				2
2025.02.12	00:55:35.881	0.94575				2
2025.02.12	00:55:40.207	0.94577	0.94629			6
2025.02.12	00:55:40.776	0.94580	0.94627			6
2025.02.12	00:55:41.167	0.94561	0.94633			6
2025.02.12	00:55:59.661	0.94559				2
2025.02.12	00:56:00.384	0.94559				2
2025.02.12	00:56:03.942	0.94560				2
2025.02.12	00:56:08.400	0.94561				2
2025.02.12	00:56:14.977	0.94562				2
2025.02.12	00:56:24.862	0.94563				2
2025.02.12	00:56:27.337	0.94560				2
2025.02.12	00:56:27.751	0.94559				2
2025.02.12	00:56:28.122	0.94560				2
2025.02.12	00:56:28.598		0.94632			4
2025.02.12	00:56:29.081		0.94633			4
2025.02.12	00:56:30.413	0.94561				2
2025.02.12	00:56:31.803	0.94564				2
2025.02.12	00:56:32.987	0.94565				2
2025.02.12	00:56:34.502	0.94571				2
2025.02.12	00:56:38.763	0.94570				2
2025.02.12	00:56:44.313	0.94569				2
2025.02.12	00:56:52.291	0.94568				2
2025.02.12	00:57:00.149	0.94568				2
2025.02.12	00:57:00.601	0.94567				2
2025.02.12	00:57:01.647	0.94566				2
2025.02.12	00:57:01.962	0.94565				2
2025.02.12	00:57:05.704	0.94564				2
2025.02.12	00:57:10.529	0.94562				2
2025.02.12	00:57:20.773		0.94630			4
2025.02.12	00:57:22.078		0.94631			4
2025.02.12	00:57:27.816	0.94563				2
2025.02.12	00:57:29.746	0.94568				2
2025.02.12	00:57:30.159	0.94567				2
2025.02.12	00:57:30.656	0.94568				2
2025.02.12	00:57:34.022	0.94579	0.94638			6
2025.02.12	00:57:34.324	0.94575	0.94642			6
2025.02.12	00:57:34.780	0.94577				2
2025.02.12	00:57:35.239	0.94581	0.94639			6
2025.02.12	00:57:35.548	0.94577	0.94638			6
2025.02.12	00:57:35.905		0.94640			4
2025.02.12	00:57:36.281	0.94576	0.94644			6
2025.02.12	00:57:37.775	0.94575	0.94645			6
2025.02.12	00:57:38.855	0.94574	0.94646			6
2025.02.12	00:57:39.316	0.94583	0.94637			6
2025.02.12	00:57:39.694	0.94552	0.94655			6
2025.02.12	00:57:40.118	0.94553				2
2025.02.12	00:57:40.439	0.94571	0.94649			6
2025.02.12	00:57:41.278	0.94573	0.94647			6
2025.02.12	00:57:41.583	0.94574	0.94646			6
2025.02.12	00:57:41.920	0.94569	0.94650			6
2025.02.12	00:57:42.227	0.94568	0.94652			6
2025.02.12	00:57:42.567	0.94567	0.94653			6
2025.02.12	00:57:42.871	0.94565	0.94655			6
2025.02.12	00:57:45.004		0.94644			4
2025.02.12	00:57:45.323		0.94655			4
2025.02.12	00:57:45.706	0.94552				2
2025.02.12	00:57:46.802	0.94555				2
2025.02.12	00:57:48.263	0.94557				2
2025.02.12	00:57:48.563	0.94562				2
2025.02.12	00:57:48.868	0.94573	0.94647			6
2025.02.12	00:57:49.175	0.94572				2
2025.02.12	00:57:49.483	0.94573				2
2025.02.12	00:57:49.786	0.94570	0.94650			6
2025.02.12	00:57:50.107	0.94568	0.94652			6
2025.02.12	00:57:50.463	0.94565	0.94655			6
2025.02.12	00:57:50.852		0.94648			4
2025.02.12	00:57:51.201	0.94568				2
2025.02.12	00:57:51.752	0.94569				2
2025.02.12	00:57:52.101	0.94567	0.94646			6
2025.02.12	00:57:52.407	0.94570	0.94648			6
2025.02.12	00:57:52.730	0.94582	0.94638			6
2025.02.12	00:57:53.768	0.94581	0.94639			6
2025.02.12	00:57:54.852	0.94580	0.94640			6
2025.02.12	00:57:55.264	0.94581	0.94641			6
2025.02.12	00:57:55.582	0.94572	0.94643			6
2025.02.12	00:57:55.909	0.94568				2
2025.02.12	00:57:56.522	0.94571				2
2025.02.12	00:58:00.817	0.94571				2
2025.02.12	00:58:01.759	0.94574				2
2025.02.12	00:58:05.100	0.94581	0.94640			6
2025.02.12	00:58:05.402	0.94552	0.94643			6
2025.02.12	00:58:05.708	0.94580				2
2025.02.12	00:58:06.022	0.94579	0.94641			6
2025.02.12	00:58:06.381	0.94577	0.94643			6
2025.02.12	00:58:06.751	0.94578	0.94642			6
2025.02.12	00:58:07.122	0.94577	0.94643			6
2025.02.12	00:58:07.428	0.94579	0.94641			6
2025.02.12	00:58:07.742		0.94642			4
2025.02.12	00:58:08.047	0.94577	0.94643			6
2025.02.12	00:58:08.382	0.94573				2
2025.02.12	00:58:08.692	0.94572				2
2025.02.12	00:58:09.012	0.94570				2
2025.02.12	00:58:09.340	0.94563				2
2025.02.12	00:58:10.018	0.94560				2
2025.02.12	00:58:11.401	0.94559				2
2025.02.12	00:58:12.609	0.94560				2
2025.02.12	00:58:14.925	0.94559				2
2025.02.12	00:58:15.281	0.94557				2
2025.02.12	00:58:16.710	0.94555				2
2025.02.12	00:58:18.084	0.94554				2
2025.02.12	00:58:19.803	0.94555				2
2025.02.12	00:58:20.567	0.94556				2
2025.02.12	00:58:21.467	0.94557				2
2025.02.12	00:58:21.843	0.94555				2
2025.02.12	00:58:22.960	0.94557				2
2025.02.12	00:58:23.264	0.94570				2
2025.02.12	00:58:24.024	0.94571				2
2025.02.12	00:58:24.909	0.94569				2
2025.02.12	00:58:25.473	0.94567				2
2025.02.12	00:58:26.430	0.94566				2
2025.02.12	00:58:27.866	0.94565				2
2025.02.12	00:58:28.483	0.94567				2
2025.02.12	00:58:29.832	0.94568				2
2025.02.12	00:58:30.522	0.94570				2
2025.02.12	00:58:32.333	0.94569				2
2025.02.12	00:58:32.754	0.94568				2
2025.02.12	00:58:34.062	0.94567				2
2025.02.12	00:58:36.242		0.94653			4
2025.02.12	00:58:37.049	0.94570	0.94650			6
2025.02.12	00:58:41.348	0.94569	0.94651			6
2025.02.12	00:58:45.655	0.94570	0.94650			6
2025.02.12	00:58:47.702	0.94571	0.94649			6
2025.02.12	00:58:49.292	0.94572	0.94648			6
2025.02.12	00:58:49.933	0.94570	0.94650			6
2025.02.12	00:58:50.249	0.94568	0.94652			6
2025.02.12	00:58:52.208	0.94569	0.94651			6
2025.02.12	00:58:54.242	0.94572	0.94648			6
2025.02.12	00:58:54.866	0.94564	0.94644			6
2025.02.12	00:58:55.242	0.94571	0.94637			6
2025.02.12	00:58:56.243	0.94569	0.94639			6
2025.02.12	00:58:57.683	0.94573	0.94635			6
2025.02.12	00:58:58.540	0.94577	0.94632			6
2025.02.12	00:58:59.421	0.94580	0.94630			6
2025.02.12	00:59:00.856	0.94580				2
2025.02.12	00:59:01.492		0.94629			4
2025.02.12	00:59:02.065	0.94579	0.94630			6
2025.02.12	00:59:02.823	0.94577	0.94631			6
2025.02.12	00:59:03.359	0.94576	0.94633			6
2025.02.12	00:59:04.830		0.94632			4
2025.02.12	00:59:05.376	0.94575	0.94633			6
2025.02.12	00:59:05.684	0.94576	0.94632			6
2025.02.12	00:59:06.379	0.94577	0.94631			6
2025.02.12	00:59:07.118	0.94580	0.94629			6
2025.02.12	00:59:08.118		0.94630			4
2025.02.12	00:59:08.949	0.94573	0.94636			6
2025.02.12	00:59:10.205	0.94574	0.94635			6
2025.02.12	00:59:10.517	0.94575				2
2025.02.12	00:59:11.006	0.94576	0.94633			6
2025.02.12	00:59:11.411	0.94570	0.94638			6
2025.02.12	00:59:11.834	0.94571	0.94637			6
2025.02.12	00:59:12.156	0.94570	0.94638			6
2025.02.12	00:59:12.930	0.94572	0.94636			6
2025.02.12	00:59:13.493	0.94575	0.94634			6
2025.02.12	00:59:14.029	0.94573	0.94635			6
2025.02.12	00:59:15.234	0.94574	0.94634			6
2025.02.12	00:59:15.703	0.94573	0.94635			6
2025.02.12	00:59:16.008	0.94572	0.94636			6
2025.02.12	00:59:17.889	0.94573	0.94635			6
2025.02.12	00:59:20.001	0.94572	0.94637			6
2025.02.12	00:59:22.036	0.94573				2
2025.02.12	00:59:23.400		0.94636			4
2025.02.12	00:59:24.295	0.94570	0.94638			6
2025.02.12	00:59:28.588	0.94571	0.94639			6
2025.02.12	00:59:29.320	0.94572	0.94637			6
2025.02.12	00:59:29.622	0.94571	0.94638			6
2025.02.12	00:59:30.387	0.94573	0.94636			6
2025.02.12	00:59:30.698	0.94570	0.94639			6
2025.02.12	00:59:31.003	0.94575	0.94635			6
2025.02.12	00:59:31.637	0.94576	0.94634			6
2025.02.12	00:59:32.293	0.94571	0.94639			6
2025.02.12	00:59:32.886	0.94569	0.94640			6
2025.02.12	00:59:34.382	0.94562	0.94638			6
2025.02.12	00:59:35.496	0.94560	0.94636			6
2025.02.12	00:59:36.002	0.94563	0.94633			6
2025.02.12	00:59:37.181	0.94565	0.94634			6
2025.02.12	00:59:37.529		0.94633			4
2025.02.12	00:59:38.384	0.94566				2
2025.02.12	00:59:41.478	0.94565	0.94631			6
2025.02.12	00:59:45.769	0.94563	0.94632			6
2025.02.12	00:59:47.402		0.94631			4
2025.02.12	00:59:49.068	0.94556	0.94628			6
2025.02.12	00:59:51.554	0.94560				2
2025.02.12	00:59:52.728	0.94562	0.94627			6
2025.02.12	00:59:53.043	0.94565	0.94624			6
2025.02.12	00:59:53.739	0.94567	0.94622			6
2025.02.12	00:59:54.247		0.94621			4
2025.02.12	00:59:55.504	0.94568				2
2025.02.12	00:59:57.116	0.94580	0.94624			6
2025.02.12	00:59:59.371	0.94578				2
2025.02.12	00:59:59.769	0.94580				2
2025.02.12	01:00:00.307	0.94576	0.94630			6
2025.02.12	01:00:00.615	0.94577	0.94623			6
2025.02.12	01:00:01.341		0.94626			4
2025.02.12	01:00:01.643	0.94578	0.94627			6
2025.02.12	01:00:01.954	0.94575	0.94625			6
2025.02.12	01:00:02.273	0.94573	0.94623			6
2025.02.12	01:00:02.611	0.94579	0.94628			6
2025.02.12	01:00:02.918	0.94582	0.94630			6
2025.02.12	01:00:03.522	0.94583	0.94631			6
2025.02.12	01:00:04.130	0.94584	0.94632			6
2025.02.12	01:00:04.433	0.94565	0.94629			6
2025.02.12	01:00:05.070	0.94569	0.94633			6
2025.02.12	01:00:05.377	0.94568				2
2025.02.12	01:00:05.683	0.94575				2
2025.02.12	01:00:05.984	0.94574				2
2025.02.12	01:00:06.727	0.94573				2
2025.02.12	01:00:07.560	0.94569				2
2025.02.12	01:00:07.862	0.94575				2
2025.02.12	01:00:08.603	0.94577				2
2025.02.12	01:00:08.904	0.94578				2
2025.02.12	01:00:09.630	0.94582				2
2025.02.12	01:00:09.939	0.94583				2
2025.02.12	01:00:10.340	0.94581				2
2025.02.12	01:00:10.703	0.94580				2
2025.02.12	01:00:11.105	0.94579				2
2025.02.12	01:00:11.531	0.94581				2
2025.02.12	01:00:11.868	0.94579				2
2025.02.12	01:00:12.176	0.94586				2
2025.02.12	01:00:12.533	0.94584				2
2025.02.12	01:00:13.525	0.94590				2
2025.02.12	01:00:13.833	0.94589				2
2025.02.12	01:00:14.689	0.94590				2
2025.02.12	01:00:15.024	0.94591				2
2025.02.12	01:00:15.378	0.94592				2
2025.02.12	01:00:15.944	0.94589				2
2025.02.12	01:00:16.336	0.94576				2
2025.02.12	01:00:16.687	0.94594				2
2025.02.12	01:00:17.341	0.94592				2
2025.02.12	01:00:17.781	0.94593				2
2025.02.12	01:00:19.038	0.94594				2
2025.02.12	01:00:20.437	0.94595				2
2025.02.12	01:00:20.982	0.94593				2
2025.02.12	01:00:21.548	0.94591				2
2025.02.12	01:00:21.996	0.94620				2
2025.02.12	01:00:22.305	0.94619				2
2025.02.12	01:00:23.484	0.94618				2
2025.02.12	01:00:25.045	0.94617				2
2025.02.12	01:00:26.282	0.94616				2
2025.02.12	01:00:27.327	0.94615				2
2025.02.12	01:00:36.013	0.94617				2
2025.02.12	01:00:36.546	0.94608				2
2025.02.12	01:00:39.447		0.94629			4
2025.02.12	01:00:39.752		0.94631			4
2025.02.12	01:00:45.096	0.94609	0.94633			6
2025.02.12	01:00:47.300	0.94608	0.94632			6
2025.02.12	01:00:48.806		0.94633			4
2025.02.12	01:00:49.115	0.94606	0.94632			6
2025.02.12	01:00:49.443	0.94607				2
2025.02.12	01:00:57.003	0.94606				2
2025.02.12	01:01:00.003	0.94606				2
2025.02.12	01:01:02.845	0.94613				2
2025.02.12	01:01:03.356		0.94633			4
2025.02.12	01:01:10.049		0.94632			4
2025.02.12	01:01:17.660		0.94633			4
2025.02.12	01:01:18.404		0.94632			4
2025.02.12	01:01:33.101		0.94633			4
2025.02.12	01:01:33.602		0.94632			4
2025.02.12	01:01:47.176		0.94633			4
2025.02.12	01:01:54.086		0.94630			4
2025.02.12	01:01:57.765	0.94605				2
2025.02.12	01:02:02.259	0.94605				2
2025.02.12	01:02:04.193	0.94608	0.94631			6
2025.02.12	01:02:05.572		0.94627			4
2025.02.12	01:02:06.460		0.94632			4
2025.02.12	01:02:13.913		0.94633			4
2025.02.12	01:02:19.202		0.94632			4
2025.02.12	01:02:35.420		0.94631			4
2025.02.12	01:02:37.802		0.94632			4
2025.02.12	01:02:38.129		0.94633			4
2025.02.12	01:03:01.206	0.94608				2
2025.02.12	01:03:24.813		0.94630			4
2025.02.12	01:03:29.910		0.94632			4
2025.02.12	01:03:31.501		0.94631			4
2025.02.12	01:03:39.528		0.94632			4
2025.02.12	01:03:40.801		0.94631			4
2025.02.12	01:03:41.201		0.94633			4
2025.02.12	01:03:42.901		0.94632			4
2025.02.12	01:03:45.369	0.94605	0.94629			6
2025.02.12	01:03:46.204	0.94606				2
2025.02.12	01:03:58.502	0.94607				2
2025.02.12	01:04:02.701	0.94607				2
2025.02.12	01:04:23.993	0.94606				2
2025.02.12	01:04:25.801	0.94607				2
2025.02.12	01:04:40.123	0.94617	0.94624			6
2025.02.12	01:04:41.968	0.94607	0.94629			6
2025.02.12	01:05:00.401	0.94607	0.94631			6
2025.02.12	01:05:01.335		0.94629			4
2025.02.12	01:05:01.973		0.94630			4
2025.02.12	01:05:20.100		0.94629			4
2025.02.12	01:05:37.343		0.94630			4
2025.02.12	01:05:38.130		0.94629			4
2025.02.12	01:05:38.700	0.94608				2
2025.02.12	01:05:40.204	0.94607				2
2025.02.12	01:05:41.702	0.94608				2
2025.02.12	01:05:45.405		0.94628			4
2025.02.12	01:05:46.061		0.94629			4
2025.02.12	01:05:47.084	0.94607				2
2025.02.12	01:06:00.022	0.94607				2
2025.02.12	01:06:00.561	0.94608	0.94628			6
2025.02.12	01:06:01.630	0.94616	0.94624			6
2025.02.12	01:06:02.268		0.94625			4
2025.02.12	01:06:03.781	0.94608	0.94629			6
2025.02.12	01:06:06.601	0.94607				2
2025.02.12	01:06:16.207		0.94628			4
2025.02.12	01:06:17.403		0.94629			4
2025.02.12	01:06:18.493	0.94609	0.94627			6
2025.02.12	01:06:26.535	0.94608	0.94628			6
2025.02.12	01:06:29.364	0.94609				2
2025.02.12	01:06:46.502		0.94627			4
2025.02.12	01:07:00.902	0.94609				2
2025.02.12	01:07:11.532		0.94628			4
2025.02.12	01:07:22.994	0.94608	0.94629			6
2025.02.12	01:07:23.644	0.94607				2
2025.02.12	01:07:26.791	0.94608	0.94625			6
2025.02.12	01:07:27.101	0.94604				2
2025.02.12	01:07:27.541	0.94608				2
2025.02.12	01:07:27.944	0.94604				2
2025.02.12	01:07:38.389	0.94606				2
2025.02.12	01:07:38.703	0.94608				2
2025.02.12	01:07:39.279	0.94604				2
2025.02.12	01:07:39.581	0.94606				2
2025.02.12	01:07:40.502	0.94608				2
2025.02.12	01:07:41.680	0.94607				2
2025.02.12	01:07:42.002	0.94603	0.94624			6
2025.02.12	01:07:43.524	0.94607				2
2025.02.12	01:07:45.302	0.94606	0.94625			6
2025.02.12	01:07:47.705	0.94607				2
2025.02.12	01:07:52.200	0.94606				2
2025.02.12	01:08:00.602	0.94606				2
2025.02.12	01:08:02.104	0.94607				2
2025.02.12	01:08:02.750	0.94606				2
2025.02.12	01:08:33.327	0.94604	0.94624			6
2025.02.12	01:08:42.584	0.94600				2
2025.02.12	01:08:59.519	0.94599				2
2025.02.12	01:09:00.301	0.94599				2
2025.02.12	01:09:04.801	0.94600	0.94623			6
2025.02.12	01:09:09.430	0.94601	0.94622			6
2025.02.12	01:09:11.087	0.94600				2
2025.02.12	01:09:15.900		0.94621			4
2025.02.12	01:09:18.263	0.94601				2
2025.02.12	01:09:21.003	0.94600	0.94622			6
2025.02.12	01:09:21.334	0.94601				2
2025.02.12	01:09:31.708	0.94600				2
2025.02.12	01:09:42.270		0.94623			4
2025.02.12	01:09:45.851		0.94622			4
2025.02.12	01:09:46.961	0.94601				2
2025.02.12	01:09:48.601		0.94621			4
2025.02.12	01:09:49.910	0.94600				2
2025.02.12	01:09:56.193	0.94599	0.94619			6
2025.02.12	01:09:57.301	0.94605	0.94624			6
2025.02.12	01:10:00.304	0.94605				2
2025.02.12	01:10:05.194	0.94610	0.94628			6
2025.02.12	01:10:05.538	0.94608	0.94629			6
2025.02.12	01:10:06.372	0.94609				2
2025.02.12	01:10:09.708	0.94608				2
2025.02.12	01:10:15.259	0.94609				2
2025.02.12	01:10:20.703		0.94628			4
2025.02.12	01:10:21.490		0.94629			4
2025.02.12	01:10:24.431		0.94628			4
2025.02.12	01:10:25.822		0.94629			4
2025.02.12	01:10:26.593	0.94610	0.94628			6
2025.02.12	01:10:28.353	0.94609	0.94627			6
2025.02.12	01:10:29.701	0.94608	0.94628			6
2025.02.12	01:10:30.928		0.94629			4
2025.02.12	01:10:32.102	0.94609				2
2025.02.12	01:10:51.389		0.94628			4
2025.02.12	01:10:54.718	0.94612	0.94629			6
2025.02.12	01:10:55.206	0.94609	0.94628			6
2025.02.12	01:10:56.221	0.94611				2
2025.02.12	01:10:56.534	0.94608	0.94629			6
2025.02.12	01:10:58.803	0.94609				2
2025.02.12	01:11:00.266	0.94609				2
2025.02.12	01:11:05.101	0.94611	0.94630			6
2025.02.12	01:11:11.707	0.94610	0.94629			6
2025.02.12	01:11:12.038	0.94611				2
2025.02.12	01:11:12.392	0.94610				2
2025.02.12	01:11:14.130		0.94628			4
2025.02.12	01:11:18.172	0.94611	0.94631			6
2025.02.12	01:11:20.228		0.94629			4
2025.02.12	01:11:29.829		0.94627			4
2025.02.12	01:11:30.270	0.94610	0.94626			6
2025.02.12	01:11:30.621		0.94627			4
2025.02.12	01:11:42.902	0.94611				2
2025.02.12	01:11:44.402	0.94610				2
2025.02.12	01:11:46.804	0.94611				2
2025.02.12	01:11:49.698	0.94610	0.94628			6
2025.02.12	01:11:52.325	0.94611	0.94629			6
2025.02.12	01:11:53.578	0.94613	0.94631			6
2025.02.12	01:11:54.991	0.94611	0.94629			6
2025.02.12	01:11:58.223	0.94612				2
2025.02.12	01:11:58.535	0.94611				2
2025.02.12	01:11:58.973	0.94612				2
2025.02.12	01:12:01.228	0.94612				2
2025.02.12	01:12:01.637	0.94611				2
2025.02.12	01:12:04.216	0.94612				2
2025.02.12	01:12:08.608	0.94616	0.94632			6
2025.02.12	01:12:09.583	0.94615				2
2025.02.12	01:12:12.474	0.94612	0.94630			6
2025.02.12	01:12:16.339	0.94618	0.94632			6
2025.02.12	01:12:16.642	0.94616	0.94633			6
2025.02.12	01:12:24.947	0.94619				2
2025.02.12	01:12:30.731	0.94625	0.94640			6
2025.02.12	01:12:31.044	0.94623	0.94639			6
2025.02.12	01:12:31.393	0.94622				2
2025.02.12	01:12:33.300	0.94621	0.94638			6
2025.02.12	01:12:42.009	0.94622				2
2025.02.12	01:12:49.839		0.94639			4
2025.02.12	01:12:51.002	0.94621				2
2025.02.12	01:13:00.429	0.94621				2
2025.02.12	01:13:00.740		0.94638			4
2025.02.12	01:13:01.099	0.94622	0.94640			6
2025.02.12	01:13:11.421	0.94624	0.94639			6
2025.02.12	01:13:11.782	0.94623				2
2025.02.12	01:13:12.918		0.94640			4
2025.02.12	01:13:15.641	0.94622	0.94638			6
2025.02.12	01:13:17.702	0.94621				2
2025.02.12	01:13:19.286	0.94622				2
2025.02.12	01:13:20.739	0.94623				2
2025.02.12	01:13:31.471	0.94622				2
2025.02.12	01:13:33.891	0.94623				2
2025.02.12	01:13:39.593	0.94630	0.94643			6
2025.02.12	01:13:39.905	0.94629				2
2025.02.12	01:13:40.262	0.94630	0.94645			6
2025.02.12	01:13:40.709	0.94627	0.94642			6
2025.02.12	01:13:42.104	0.94630	0.94645			6
2025.02.12	01:13:42.839	0.94632	0.94648			6
2025.02.12	01:13:43.173	0.94634				2
2025.02.12	01:13:47.336	0.94632				2
2025.02.12	01:13:48.347	0.94633	0.94647			6
2025.02.12	01:13:48.664	0.94634	0.94648			6
2025.02.12	01:13:54.048	0.94633				2
2025.02.12	01:13:59.203		0.94649			4
2025.02.12	01:14:00.413	0.94633				2
2025.02.12	01:14:01.502		0.94650			4
2025.02.12	01:14:01.852		0.94649			4
2025.02.12	01:14:12.302		0.94650			4
2025.02.12	01:14:13.271	0.94632	0.94647			6
2025.02.12	01:14:13.654		0.94646			4
2025.02.12	01:14:17.144	0.94630	0.94644			6
2025.02.12	01:14:18.302	0.94629				2
2025.02.12	01:14:20.666	0.94627	0.94642			6
2025.02.12	01:14:20.985	0.94626	0.94641			6
2025.02.12	01:14:21.301	0.94628				2
2025.02.12	01:14:27.803	0.94626				2
2025.02.12	01:14:30.147	0.94630	0.94644			6
2025.02.12	01:14:31.266	0.94632	0.94646			6
2025.02.12	01:14:32.111	0.94633	0.94647			6
2025.02.12	01:14:32.572	0.94634	0.94648			6
2025.02.12	01:14:33.678	0.94633	0.94647			6
2025.02.12	01:14:45.003	0.94632	0.94648			6
2025.02.12	01:14:48.003	0.94633				2
2025.02.12	01:14:48.333	0.94634				2
2025.02.12	01:14:50.365	0.94633				2
2025.02.12	01:14:59.405		0.94647			4
2025.02.12	01:15:00.381	0.94631				2
2025.02.12	01:15:00.687	0.94632	0.94646			6
2025.02.12	01:15:03.606	0.94629				2
2025.02.12	01:15:06.970	0.94628				2
2025.02.12	01:15:07.509		0.94645			4
2025.02.12	01:15:12.029	0.94630	0.94644			6
2025.02.12	01:15:19.964	0.94628	0.94645			6
2025.02.12	01:15:21.146		0.94644			4
2025.02.12	01:15:22.274		0.94643			4
2025.02.12	01:15:23.109		0.94644			4
2025.02.12	01:15:26.743	0.94627	0.94641			6
2025.02.12	01:15:30.302	0.94626	0.94640			6
2025.02.12	01:15:45.620	0.94624	0.94639			6
2025.02.12	01:15:46.934	0.94628	0.94641			6
2025.02.12	01:15:47.251		0.94642			4
2025.02.12	01:15:50.888		0.94641			4
2025.02.12	01:15:52.088	0.94625	0.94639			6
2025.02.12	01:16:00.510	0.94627	0.94643			6
2025.02.12	01:16:03.002		0.94642			4
2025.02.12	01:16:03.471	0.94628				2
2025.02.12	01:16:08.346	0.94627				2
2025.02.12	01:16:09.300	0.94628				2
2025.02.12	01:16:10.401	0.94627				2
2025.02.12	01:16:13.202	0.94628				2
2025.02.12	01:16:18.736	0.94630	0.94643			6
2025.02.12	01:16:20.480		0.94644			4
2025.02.12	01:16:28.201		0.94643			4
2025.02.12	01:16:30.352		0.94644			4
2025.02.12	01:16:34.303	0.94631				2
2025.02.12	01:16:35.301	0.94630				2
2025.02.12	01:16:36.001		0.94643			4
2025.02.12	01:16:38.157	0.94632	0.94646			6
2025.02.12	01:16:50.490	0.94630	0.94644			6
2025.02.12	01:16:56.731	0.94631				2
2025.02.12	01:17:00.023	0.94631				2
2025.02.12	01:17:12.234	0.94630	0.94643			6
2025.02.12	01:17:13.271	0.94629				2
2025.02.12	01:17:13.944	0.94628				2
2025.02.12	01:17:17.572	0.94627	0.94640			6
2025.02.12	01:17:18.383	0.94626	0.94639			6
2025.02.12	01:17:19.501	0.94625	0.94638			6
2025.02.12	01:17:21.901		0.94639			4
2025.02.12	01:17:23.444	0.94628	0.94641			6
2025.02.12	01:17:31.188	0.94630	0.94643			6
2025.02.12	01:17:32.289	0.94631	0.94644			6
2025.02.12	01:17:33.380	0.94629	0.94642			6
2025.02.12	01:17:33.732		0.94643			4
2025.02.12	01:17:35.701	0.94630				2
2025.02.12	01:17:38.101	0.94629	0.94642			6
2025.02.12	01:17:39.914	0.94628				2
2025.02.12	01:17:41.400		0.94641			4
2025.02.12	01:17:42.602		0.94642			4
2025.02.12	01:17:43.749	0.94626	0.94640			6
2025.02.12	01:17:45.361		0.94639			4
2025.02.12	01:17:47.767		0.94640			4
2025.02.12	01:17:49.273		0.94639			4
2025.02.12	01:17:59.806	0.94628	0.94642			6
2025.02.12	01:18:00.111	0.94627	0.94640			6
2025.02.12	01:18:02.027	0.94626	0.94639			6
2025.02.12	01:18:03.302	0.94625	0.94638			6
2025.02.12	01:18:05.231	0.94626	0.94639			6
2025.02.12	01:18:08.402		0.94638			4
2025.02.12	01:18:12.013		0.94639			4
2025.02.12	01:18:15.301	0.94625	0.94638			6
2025.02.12	01:18:20.281	0.94627				2
2025.02.12	01:18:20.997	0.94626				2
2025.02.12	01:18:22.201	0.94627	0.94639			6
2025.02.12	01:18:23.391	0.94625	0.94638			6
2025.02.12	01:18:24.515	0.94627	0.94639			6
2025.02.12	01:18:27.001	0.94626				2
2025.02.12	01:18:28.804	0.94625				2
2025.02.12	01:18:32.316	0.94626				2
2025.02.12	01:18:34.204	0.94625				2
2025.02.12	01:18:38.101	0.94628	0.94644			6
2025.02.12	01:18:38.450		0.94642			4
2025.02.12	01:18:40.889	0.94627				2
2025.02.12	01:18:52.202		0.94641			4
2025.02.12	01:18:54.001		0.94642			4
2025.02.12	01:18:56.552		0.94641			4
2025.02.12	01:18:56.904		0.94642			4
2025.02.12	01:18:57.656		0.94640			4
2025.02.12	01:18:58.285	0.94628	0.94641			6
2025.02.12	01:18:58.618		0.94640			4
2025.02.12	01:19:00.029	0.94628				2
2025.02.12	01:19:00.514	0.94627	0.94642			6
2025.02.12	01:19:01.292	0.94626	0.94639			6
2025.02.12	01:19:12.301		0.94640			4
2025.02.12	01:19:14.400		0.94639			4
2025.02.12	01:19:30.306	0.94625				2
2025.02.12	01:19:30.744	0.94626	0.94638			6
2025.02.12	01:19:32.104		0.94639			4
2025.02.12	01:19:33.602		0.94638			4
2025.02.12	01:19:34.801		0.94639			4
2025.02.12	01:19:37.966	0.94625	0.94638			6
2025.02.12	01:19:38.417	0.94626				2
2025.02.12	01:19:38.726	0.94625	0.94639			6
2025.02.12	01:19:39.603	0.94624	0.94637			6
2025.02.12	01:19:40.050	0.94623	0.94636			6
2025.02.12	01:19:45.301	0.94624				2
2025.02.12	01:19:48.276	0.94623				2
2025.02.12	01:19:49.504	0.94624				2
2025.02.12	01:19:50.732	0.94623				2
2025.02.12	01:19:54.263	0.94625	0.94638			6
2025.02.12	01:19:55.452	0.94626				2
2025.02.12	01:19:58.882		0.94639			4
2025.02.12	01:20:00.163	0.94626				2
2025.02.12	01:20:04.200		0.94638			4
2025.02.12	01:20:07.246	0.94624	0.94637			6
2025.02.12	01:20:10.801		0.94636			4
2025.02.12	01:20:12.586		0.94637			4
2025.02.12	01:20:20.203	0.94626	0.94639			6
2025.02.12	01:20:20.521	0.94625	0.94638			6
2025.02.12	01:20:23.496	0.94626	0.94639			6
2025.02.12	01:20:25.202		0.94638			4
2025.02.12	01:20:32.130	0.94625				2
2025.02.12	01:20:33.005		0.94637			4
2025.02.12	01:20:39.969	0.94626				2
2025.02.12	01:20:41.028		0.94638			4
2025.02.12	01:20:56.120	0.94632	0.94643			6
2025.02.12	01:20:56.445		0.94645			4
2025.02.12	01:20:58.202		0.94644			4
2025.02.12	01:21:03.300	0.94632				2
2025.02.12	01:21:17.644	0.94631	0.94643			6
2025.02.12	01:21:36.252		0.94644			4
2025.02.12	01:21:49.420		0.94643			4
2025.02.12	01:21:53.828	0.94632	0.94644			6
2025.02.12	01:21:54.145		0.94643			4
2025.02.12	01:21:55.441	0.94633				2
2025.02.12	01:21:56.926		0.94644			4
2025.02.12	01:22:01.122	0.94633				2
2025.02.12	01:22:02.739	0.94632				2
2025.02.12	01:22:07.096	0.94633	0.94645			6
2025.02.12	01:22:09.301	0.94636	0.94646			6
2025.02.12	01:22:11.099		0.94645			4
2025.02.12	01:22:11.479		0.94646			4
2025.02.12	01:22:13.376	0.94635				2
2025.02.12	01:22:15.002		0.94645			4
2025.02.12	01:22:15.335	0.94633	0.94644			6
2025.02.12	01:22:20.477	0.94632				2
2025.02.12	01:22:21.273	0.94633				2
2025.02.12	01:22:21.818		0.94645			4
2025.02.12	01:22:22.160	0.94632	0.94644			6
2025.02.12	01:22:36.574	0.94631	0.94642			6
2025.02.12	01:22:54.666	0.94632	0.94644			6
2025.02.12	01:22:55.367		0.94645			4
2025.02.12	01:22:59.806	0.94634	0.94646			6
2025.02.12	01:23:00.113	0.94634				2
2025.02.12	01:23:01.427		0.94647			4
2025.02.12	01:23:02.701		0.94646			4
2025.02.12	01:23:07.332	0.94636	0.94647			6
2025.02.12	01:23:08.770	0.94635	0.94646			6
2025.02.12	01:23:11.364	0.94636				2
2025.02.12	01:23:14.265	0.94635	0.94645			6
2025.02.12	01:23:18.985	0.94634				2
2025.02.12	01:23:20.539	0.94633				2
2025.02.12	01:23:27.391	0.94634				2
2025.02.12	01:23:30.303	0.94633				2
2025.02.12	01:23:33.543	0.94635	0.94646			6
2025.02.12	01:23:39.830	0.94633	0.94645			6
2025.02.12	01:23:44.743	0.94634	0.94646			6
2025.02.12	01:23:45.142	0.94635				2
2025.02.12	01:23:46.772	0.94634				2
2025.02.12	01:23:47.220	0.94635				2
2025.02.12	01:23:47.879	0.94639	0.94651			6
2025.02.12	01:23:48.187	0.94638	0.94653			6
2025.02.12	01:23:48.488	0.94639	0.94655			6
2025.02.12	01:23:48.791	0.94641	0.94654			6
2025.02.12	01:23:49.108	0.94639	0.94655			6
2025.02.12	01:23:49.533		0.94654			4
2025.02.12	01:23:49.888		0.94655			4
2025.02.12	01:23:51.721	0.94640				2
2025.02.12	01:23:54.354	0.94641	0.94654			6
2025.02.12	01:23:54.663	0.94640	0.94655			6
2025.02.12	01:23:56.377		0.94656			4
2025.02.12	01:23:57.769	0.94639				2
2025.02.12	01:24:00.302	0.94639				2
2025.02.12	01:24:02.247	0.94640	0.94655			6
2025.02.12	01:24:02.707		0.94654			4
2025.02.12	01:24:06.970	0.94639				2
2025.02.12	01:24:07.812		0.94655			4
2025.02.12	01:24:10.391		0.94654			4
2025.02.12	01:24:11.354		0.94652			4
2025.02.12	01:24:12.201		0.94650			4
2025.02.12	01:24:14.077		0.94651			4
2025.02.12	01:24:15.901		0.94652			4
2025.02.12	01:24:18.581		0.94650			4
2025.02.12	01:24:24.390		0.94651			4
2025.02.12	01:24:31.389	0.94638				2
2025.02.12	01:24:33.001		0.94652			4
2025.02.12	01:24:33.395	0.94639				2
2025.02.12	01:24:34.047	0.94640	0.94653			6
2025.02.12	01:24:34.364		0.94654			4
2025.02.12	01:24:35.213	0.94639				2
2025.02.12	01:24:39.594	0.94637	0.94652			6
2025.02.12	01:24:48.234	0.94639				2
2025.02.12	01:24:48.854	0.94640				2
2025.02.12	01:24:49.606	0.94641				2
2025.02.12	01:24:49.949		0.94653			4
2025.02.12	01:24:51.301		0.94654			4
2025.02.12	01:24:53.574		0.94653			4
2025.02.12	01:24:53.884		0.94655			4
2025.02.12	01:24:54.193		0.94654			4
2025.02.12	01:24:54.600		0.94653			4
2025.02.12	01:24:56.101		0.94654			4
2025.02.12	01:25:00.327	0.94641	0.94656			6
2025.02.12	01:25:00.650		0.94654			4
2025.02.12	01:25:01.608		0.94655			4
2025.02.12	01:25:02.716		0.94654			4
2025.02.12	01:25:07.040		0.94653			4
2025.02.12	01:25:08.987		0.94654			4
2025.02.12	01:25:12.004		0.94655			4
2025.02.12	01:25:12.809		0.94653			4
2025.02.12	01:25:14.138		0.94654			4
2025.02.12	01:25:14.584		0.94653			4
2025.02.12	01:25:17.121		0.94654			4
2025.02.12	01:25:24.303	0.94648	0.94661			6
2025.02.12	01:25:24.607	0.94650	0.94664			6
2025.02.12	01:25:25.348		0.94663			4
2025.02.12	01:25:26.194		0.94664			4
2025.02.12	01:25:32.346	0.94648	0.94661			6
2025.02.12	01:25:32.690		0.94659			4
2025.02.12	01:25:36.806	0.94647	0.94658			6
2025.02.12	01:25:38.217	0.94645	0.94657			6
2025.02.12	01:25:39.371	0.94643				2
2025.02.12	01:25:39.782	0.94644				2
2025.02.12	01:25:40.150	0.94643				2
2025.02.12	01:25:40.906	0.94644				2
2025.02.12	01:25:43.307	0.94645				2
2025.02.12	01:25:45.515	0.94647	0.94658			6
2025.02.12	01:25:55.257	0.94648	0.94659			6
2025.02.12	01:26:00.004	0.94648				2
2025.02.12	01:26:01.943	0.94649				2
2025.02.12	01:26:06.535	0.94647				2
2025.02.12	01:26:10.564	0.94642	0.94654			6
2025.02.12	01:26:10.971		0.94653			4
2025.02.12	01:26:11.490	0.94641	0.94651			6
2025.02.12	01:26:12.667		0.94653			4
2025.02.12	01:26:13.397		0.94654			4
2025.02.12	01:26:14.442		0.94652			4
2025.02.12	01:26:14.765	0.94642	0.94654			6
2025.02.12	01:26:17.374		0.94653			4
2025.02.12	01:26:21.603		0.94655			4
2025.02.12	01:26:30.301		0.94654			4
2025.02.12	01:26:34.802		0.94655			4
2025.02.12	01:26:47.131	0.94640	0.94650			6
2025.02.12	01:26:49.745		0.94651			4
2025.02.12	01:26:50.741	0.94641				2
2025.02.12	01:26:51.479	0.94640				2
2025.02.12	01:26:51.841		0.94650			4
2025.02.12	01:27:00.000	0.94642	0.94651			6
2025.02.12	01:27:00.303	0.94640	0.94650			6
2025.02.12	01:27:01.393	0.94638	0.94649			6
2025.02.12	01:27:02.218	0.94639				2
2025.02.12	01:27:08.186	0.94638	0.94648			6
2025.02.12	01:27:08.701		0.94651			4
2025.02.12	01:27:09.065		0.94649			4
2025.02.12	01:27:12.574	0.94637	0.94647			6
2025.02.12	01:27:14.041		0.94648			4
2025.02.12	01:27:14.626		0.94649			4
2025.02.12	01:27:26.155	0.94638	0.94648			6
2025.02.12	01:27:26.457	0.94637				2
2025.02.12	01:27:27.085		0.94649			4
2025.02.12	01:27:27.976		0.94648			4
2025.02.12	01:27:29.775	0.94638	0.94649			6
2025.02.12	01:27:41.085	0.94637				2
2025.02.12	01:27:50.302		0.94647			4
2025.02.12	01:27:54.348		0.94648			4
2025.02.12	01:27:55.689		0.94647			4
2025.02.12	01:27:59.888		0.94648			4
2025.02.12	01:28:01.502	0.94637	0.94647			6
2025.02.12	01:28:03.176	0.94634	0.94644			6
2025.02.12	01:28:03.505		0.94643			4
2025.02.12	01:28:03.975		0.94645			4
2025.02.12	01:28:04.411		0.94643			4
2025.02.12	01:28:09.394	0.94633				2
2025.02.12	01:28:09.697		0.94642			4
2025.02.12	01:28:17.162		0.94643			4
2025.02.12	01:28:18.002		0.94642			4
2025.02.12	01:28:24.369	0.94634				2
2025.02.12	01:28:26.102		0.94643			4
2025.02.12	01:28:28.891	0.94633				2
2025.02.12	01:28:34.361	0.94634				2
2025.02.12	01:28:36.789	0.94633				2
2025.02.12	01:28:40.895	0.94634				2
2025.02.12	01:28:44.861	0.94633	0.94642			6
2025.02.12	01:28:46.405	0.94634	0.94643			6
2025.02.12	01:28:52.357	0.94636	0.94647			6
2025.02.12	01:28:53.644	0.94626	0.94635			6
2025.02.12	01:28:55.461	0.94627				2
2025.02.12	01:28:57.647	0.94626	0.94634			6
2025.02.12	01:28:57.948	0.94625				2
2025.02.12	01:29:00.363	0.94625				2
2025.02.12	01:29:02.859	0.94623				2
2025.02.12	01:29:08.689	0.94627	0.94637			6
2025.02.12	01:29:22.671	0.94626				2
2025.02.12	01:29:23.335		0.94636			4
2025.02.12	01:29:58.701	0.94625				2
2025.02.12	01:30:00.304	0.94631	0.94638			6
2025.02.12	01:30:00.624	0.94628	0.94637			6
2025.02.12	01:30:01.961		0.94640			4
2025.02.12	01:30:04.078	0.94629	0.94637			6
2025.02.12	01:30:04.484		0.94639			4
2025.02.12	01:30:04.793		0.94638			4
2025.02.12	01:30:05.360	0.94630				2
2025.02.12	01:30:05.685		0.94639			4
2025.02.12	01:30:07.444		0.94638			4
2025.02.12	01:30:07.801		0.94639			4
2025.02.12	01:30:09.601	0.94631				2
2025.02.12	01:30:23.035	0.94632				2
2025.02.12	01:30:27.300		0.94640			4
2025.02.12	01:30:32.702		0.94639			4
2025.02.12	01:30:43.160		0.94640			4
2025.02.12	01:30:47.126	0.94631				2
2025.02.12	01:30:47.702		0.94639			4
2025.02.12	01:30:49.456	0.94632	0.94640			6
2025.02.12	01:30:50.703		0.94641			4
2025.02.12	01:30:55.535	0.94633	0.94642			6
2025.02.12	01:30:56.182	0.94632	0.94641			6
2025.02.12	01:31:00.324	0.94632				2
2025.02.12	01:31:00.667		0.94642			4
2025.02.12	01:31:01.641	0.94633				2
2025.02.12	01:31:02.703		0.94641			4
2025.02.12	01:31:14.738	0.94632	0.94642			6
2025.02.12	01:31:15.047		0.94641			4
2025.02.12	01:31:24.754	0.94629	0.94639			6
2025.02.12	01:31:25.785	0.94631	0.94640			6
2025.02.12	01:31:26.943	0.94630				2
2025.02.12	01:31:28.924	0.94631				2
2025.02.12	01:31:36.305		0.94641			4
2025.02.12	01:31:42.206		0.94640			4
2025.02.12	01:31:44.401	0.94630	0.94639			6
2025.02.12	01:31:45.902	0.94631	0.94640			6
2025.02.12	01:31:48.901	0.94630	0.94639			6
2025.02.12	01:31:58.577	0.94631				2
2025.02.12	01:32:00.300	0.94631	0.94640			6
2025.02.12	01:32:14.402	0.94632	0.94641			6
2025.02.12	01:32:26.309		0.94642			4
2025.02.12	01:32:27.302	0.94631	0.94641			6
2025.02.12	01:32:31.503	0.94632	0.94640			6
2025.02.12	01:32:38.893		0.94641			4
2025.02.12	01:32:44.765		0.94642			4
2025.02.12	01:32:45.423		0.94641			4
2025.02.12	01:32:47.680		0.94642			4
2025.02.12	01:32:48.796		0.94641			4
2025.02.12	01:32:51.400		0.94642			4
2025.02.12	01:32:52.315		0.94641			4
2025.02.12	01:33:00.186	0.94632				2
2025.02.12	01:33:01.347	0.94633	0.94642			6
2025.02.12	01:33:05.707		0.94641			4
2025.02.12	01:33:12.228		0.94642			4
2025.02.12	01:33:15.356	0.94634	0.94643			6
2025.02.12	01:33:42.267	0.94636	0.94645			6
2025.02.12	01:33:43.630	0.94635	0.94644			6
2025.02.12	01:34:01.019	0.94635				2
2025.02.12	01:34:09.006		0.94643			4
2025.02.12	01:34:13.577	0.94634				2
2025.02.12	01:34:19.149	0.94635	0.94644			6
2025.02.12	01:34:20.400	0.94634				2
2025.02.12	01:34:21.904		0.94643			4
2025.02.12	01:34:26.296	0.94636	0.94645			6
2025.02.12	01:34:26.633	0.94637				2
2025.02.12	01:34:29.585	0.94635	0.94644			6
2025.02.12	01:34:33.605		0.94643			4
2025.02.12	01:34:45.024	0.94634				2
2025.02.12	01:34:47.709	0.94635				2
2025.02.12	01:34:51.181		0.94644			4
2025.02.12	01:34:55.188	0.94636				2
2025.02.12	01:34:56.677		0.94645			4
2025.02.12	01:34:57.901	0.94635	0.94644			6
2025.02.12	01:35:00.441	0.94635				2
2025.02.12	01:35:06.712	0.94636	0.94647			6
2025.02.12	01:35:07.034	0.94637	0.94646			6
2025.02.12	01:35:09.903		0.94645			4
2025.02.12	01:35:11.902	0.94636				2
2025.02.12	01:35:15.364	0.94635				2
2025.02.12	01:35:17.045	0.94638	0.94649			6
2025.02.12	01:35:17.365	0.94640				2
2025.02.12	01:35:21.600	0.94639	0.94648			6
2025.02.12	01:35:28.826	0.94635	0.94646			6
2025.02.12	01:35:33.221	0.94636	0.94647			6
2025.02.12	01:35:37.587		0.94646			4
2025.02.12	01:35:39.903	0.94635				2
2025.02.12	01:35:43.110		0.94647			4
2025.02.12	01:35:44.102		0.94646			4
2025.02.12	01:35:46.501		0.94647			4
2025.02.12	01:35:49.504	0.94636				2
2025.02.12	01:35:58.169	0.94628	0.94641			6
2025.02.12	01:36:00.378	0.94629				2
2025.02.12	01:36:01.391	0.94628				2
2025.02.12	01:36:03.486	0.94629				2
2025.02.12	01:36:05.445	0.94628				2
2025.02.12	01:36:05.950	0.94630	0.94640			6
2025.02.12	01:36:06.938	0.94629	0.94641			6
2025.02.12	01:36:15.245		0.94640			4
2025.02.12	01:36:20.612	0.94630				2
2025.02.12	01:36:33.736		0.94641			4
2025.02.12	01:36:36.005		0.94640			4
2025.02.12	01:36:42.875		0.94639			4
2025.02.12	01:36:44.833		0.94640			4
2025.02.12	01:36:46.504		0.94639			4
2025.02.12	01:36:47.280	0.94631				2
2025.02.12	01:36:49.793	0.94632	0.94642			6
2025.02.12	01:36:50.118	0.94633				2
2025.02.12	01:36:52.155	0.94632				2
2025.02.12	01:36:52.505	0.94635	0.94645			6
2025.02.12	01:36:54.873	0.94638	0.94647			6
2025.02.12	01:36:56.454	0.94637	0.94646			6
2025.02.12	01:37:00.303	0.94637				2
2025.02.12	01:37:01.247		0.94647			4
2025.02.12	01:37:02.384	0.94639	0.94651			6
2025.02.12	01:37:03.614	0.94640	0.94650			6
2025.02.12	01:37:04.533		0.94651			4
2025.02.12	01:37:04.925	0.94642				2
2025.02.12	01:37:08.100	0.94641				2
2025.02.12	01:37:15.634		0.94650			4
2025.02.12	01:37:32.106	0.94640				2
2025.02.12	01:37:37.633	0.94641	0.94651			6
2025.02.12	01:37:38.038	0.94642				2
2025.02.12	01:37:40.801		0.94652			4
2025.02.12	01:37:55.954	0.94641				2
2025.02.12	01:38:00.003	0.94641				2
2025.02.12	01:38:03.137	0.94639	0.94650			6
2025.02.12	01:38:06.004		0.94649			4
2025.02.12	01:38:10.643	0.94635	0.94645			6
2025.02.12	01:38:24.602		0.94646			4
2025.02.12	01:38:26.442	0.94636				2
2025.02.12	01:38:29.691	0.94635	0.94645			6
2025.02.12	01:38:30.927	0.94634				2
2025.02.12	01:38:37.865	0.94633	0.94644			6
2025.02.12	01:38:41.702		0.94643			4
2025.02.12	01:38:44.069	0.94634	0.94644			6
2025.02.12	01:38:45.805	0.94633				2
2025.02.12	01:38:48.196		0.94643			4
2025.02.12	01:38:52.403	0.94632				2
2025.02.12	01:39:00.809	0.94632				2
2025.02.12	01:39:01.797		0.94642			4
2025.02.12	01:39:10.214	0.94634	0.94644			6
2025.02.12	01:39:12.000	0.94633				2
2025.02.12	01:39:12.942	0.94632	0.94642			6
2025.02.12	01:39:15.013	0.94631				2
2025.02.12	01:39:25.981	0.94633	0.94643			6
2025.02.12	01:39:31.561	0.94632	0.94642			6
2025.02.12	01:39:35.700	0.94631				2
2025.02.12	01:39:47.052	0.94630	0.94641			6
2025.02.12	01:39:54.373		0.94640			4
2025.02.12	01:39:56.251		0.94641			4
2025.02.12	01:39:59.490	0.94629	0.94640			6
2025.02.12	01:40:00.364	0.94629				2
2025.02.12	01:40:01.729	0.94630				2
2025.02.12	01:40:04.116	0.94631	0.94641			6
2025.02.12	01:40:09.583	0.94630				2
2025.02.12	01:40:14.961		0.94640			4
2025.02.12	01:40:15.602		0.94641			4
2025.02.12	01:40:17.636	0.94631	0.94640			6
2025.02.12	01:40:17.980		0.94641			4
2025.02.12	01:40:18.901		0.94642			4
2025.02.12	01:40:19.747		0.94641			4
2025.02.12	01:40:21.336		0.94642			4
2025.02.12	01:40:22.995	0.94632	0.94643			6
2025.02.12	01:40:32.919	0.94633				2
2025.02.12	01:40:36.508	0.94632				2
2025.02.12	01:40:40.794	0.94635	0.94646			6
2025.02.12	01:40:45.393	0.94634				2
2025.02.12	01:40:47.407	0.94635				2
2025.02.12	01:40:47.821	0.94636				2
2025.02.12	01:40:48.756	0.94634				2
2025.02.12	01:40:49.203	0.94635				2
2025.02.12	01:40:53.564		0.94645			4
2025.02.12	01:40:54.552		0.94646			4
2025.02.12	01:41:00.820	0.94637	0.94648			6
2025.02.12	01:41:01.124	0.94636				2
2025.02.12	01:41:02.221	0.94637				2
2025.02.12	01:41:13.257	0.94638				2
2025.02.12	01:41:16.612	0.94637				2
2025.02.12	01:41:34.335	0.94638				2
2025.02.12	01:41:35.051	0.94639	0.94650			6
2025.02.12	01:41:35.707	0.94640	0.94651			6
2025.02.12	01:41:39.901	0.94639				2
2025.02.12	01:41:40.811	0.94640	0.94652			6
2025.02.12	01:41:42.199	0.94641				2
2025.02.12	01:41:46.802	0.94642				2
2025.02.12	01:41:49.057	0.94641				2
2025.02.12	01:41:51.950	0.94640				2
2025.02.12	01:41:54.301		0.94651			4
2025.02.12	01:42:00.315	0.94640				2
2025.02.12	01:42:10.810		0.94652			4
2025.02.12	01:42:22.705	0.94641	0.94651			6
2025.02.12	01:42:25.167	0.94637	0.94649			6
2025.02.12	01:42:25.473	0.94636	0.94646			6
2025.02.12	01:42:25.931		0.94648			4
2025.02.12	01:42:32.703		0.94647			4
2025.02.12	01:42:33.402	0.94634	0.94645			6
2025.02.12	01:42:35.701	0.94633	0.94644			6
2025.02.12	01:42:37.483		0.94643			4
2025.02.12	01:43:00.640	0.94633				2
2025.02.12	01:43:10.528	0.94634				2
2025.02.12	01:43:33.395		0.94644			4
2025.02.12	01:43:40.082		0.94645			4
2025.02.12	01:43:40.386		0.94646			4
2025.02.12	01:43:40.819	0.94636	0.94647			6
2025.02.12	01:43:42.399	0.94637	0.94649			6
2025.02.12	01:43:45.250	0.94638				2
2025.02.12	01:43:45.640	0.94637	0.94648			6
2025.02.12	01:44:00.497	0.94637				2
2025.02.12	01:44:00.990		0.94649			4
2025.02.12	01:44:01.455	0.94639				2
2025.02.12	01:44:01.794	0.94638				2
2025.02.12	01:44:02.103	0.94639	0.94650			6
2025.02.12	01:44:18.905	0.94637				2
2025.02.12	01:44:19.563	0.94639				2
2025.02.12	01:44:23.386	0.94640	0.94651			6
2025.02.12	01:44:27.187	0.94641				2
2025.02.12	01:44:37.236		0.94652			4
2025.02.12	01:44:54.276	0.94640				2
2025.02.12	01:44:54.585	0.94641				2
2025.02.12	01:44:55.291	0.94640				2
2025.02.12	01:45:00.027	0.94642	0.94649			6
2025.02.12	01:45:00.349		0.94648			4
2025.02.12	01:45:01.859	0.94641	0.94652			6
2025.02.12	01:45:06.012		0.94651			4
2025.02.12	01:45:06.578		0.94652			4
2025.02.12	01:45:10.884		0.94650			4
2025.02.12	01:45:17.484	0.94636				2
2025.02.12	01:45:18.222	0.94640				2
2025.02.12	01:45:20.106	0.94639				2
2025.02.12	01:45:31.671	0.94638				2
2025.02.12	01:45:32.202	0.94639				2
2025.02.12	01:45:47.667	0.94638	0.94649			6
2025.02.12	01:46:00.058	0.94638				2
2025.02.12	01:46:06.321	0.94637	0.94650			6
2025.02.12	01:46:08.412	0.94638	0.94652			6
2025.02.12	01:46:23.721		0.94650			4
2025.02.12	01:46:24.024	0.94637	0.94649			6
2025.02.12	01:46:27.711	0.94638				2
2025.02.12	01:46:28.785		0.94650			4
2025.02.12	01:46:29.146	0.94639				2
2025.02.12	01:46:30.611		0.94651			4
2025.02.12	01:46:31.896		0.94652			4
2025.02.12	01:46:37.037	0.94640				2
2025.02.12	01:46:43.545		0.94653			4
2025.02.12	01:46:47.045		0.94651			4
2025.02.12	01:46:49.390		0.94653			4
2025.02.12	01:46:53.376	0.94639	0.94651			6
2025.02.12	01:46:58.586	0.94631	0.94644			6
2025.02.12	01:46:58.955	0.94632				2
2025.02.12	01:46:59.384	0.94633	0.94645			6
2025.02.12	01:47:00.256	0.94632				2
2025.02.12	01:47:00.568		0.94644			4
2025.02.12	01:47:01.398	0.94630	0.94643			6
2025.02.12	01:47:04.777	0.94631				2
2025.02.12	01:47:05.730	0.94630				2
2025.02.12	01:47:13.935	0.94631				2
2025.02.12	01:47:14.968	0.94630				2
2025.02.12	01:47:17.937		0.94642			4
2025.02.12	01:47:19.614	0.94626	0.94640			6
2025.02.12	01:47:29.521	0.94627				2
2025.02.12	01:47:40.502		0.94639			4
2025.02.12	01:47:55.652		0.94640			4
2025.02.12	01:47:58.766	0.94628	0.94641			6
2025.02.12	01:48:00.245	0.94628				2
2025.02.12	01:48:01.433		0.94640			4
2025.02.12	01:48:05.458	0.94629				2
2025.02.12	01:48:05.947	0.94628				2
2025.02.12	01:48:10.152		0.94639			4
2025.02.12	01:48:10.604	0.94627	0.94638			6
2025.02.12	01:48:10.905	0.94626				2
2025.02.12	01:48:12.362	0.94625	0.94637			6
2025.02.12	01:48:13.007		0.94636			4
2025.02.12	01:48:15.622	0.94626				2
2025.02.12	01:48:30.671		0.94637			4
2025.02.12	01:48:34.500		0.94636			4
2025.02.12	01:48:35.625	0.94625				2
2025.02.12	01:48:36.091	0.94626				2
2025.02.12	01:48:39.132		0.94638			4
2025.02.12	01:48:39.551	0.94625	0.94636			6
2025.02.12	01:48:42.645	0.94626				2
2025.02.12	01:48:43.644	0.94625				2
2025.02.12	01:48:45.625	0.94626				2
2025.02.12	01:48:51.494	0.94625				2
2025.02.12	01:49:02.396	0.94625				2
2025.02.12	01:49:05.979		0.94637			4
2025.02.12	01:49:09.837	0.94626	0.94638			6
2025.02.12	01:49:42.840	0.94627				2
2025.02.12	01:49:52.203		0.94637			4
2025.02.12	01:49:54.088	0.94626				2
2025.02.12	01:49:54.644	0.94625				2
2025.02.12	01:49:56.090		0.94636			4
2025.02.12	01:50:01.394	0.94625	0.94637			6
2025.02.12	01:50:02.890		0.94636			4
2025.02.12	01:50:05.493	0.94624				2
2025.02.12	01:50:06.872	0.94625				2
2025.02.12	01:50:07.479	0.94624				2
2025.02.12	01:50:12.165	0.94622				2
2025.02.12	01:50:26.181	0.94623				2
2025.02.12	01:50:36.944		0.94635			4
2025.02.12	01:50:39.455		0.94636			4
2025.02.12	01:50:43.562	0.94624				2
2025.02.12	01:50:45.035	0.94622	0.94635			6
2025.02.12	01:50:46.505		0.94634			4
2025.02.12	01:51:00.622	0.94622				2
2025.02.12	01:51:11.390	0.94625	0.94635			6
2025.02.12	01:51:15.902		0.94634			4
2025.02.12	01:51:19.200	0.94623				2
2025.02.12	01:51:24.649		0.94633			4
2025.02.12	01:51:25.001	0.94621				2
2025.02.12	01:51:27.080	0.94623	0.94635			6
2025.02.12	01:51:27.751		0.94634			4
2025.02.12	01:51:36.643	0.94624	0.94636			6
2025.02.12	01:51:53.106	0.94626				2
2025.02.12	01:51:55.594	0.94624				2
2025.02.12	01:51:56.213		0.94635			4
2025.02.12	01:52:00.148	0.94624	0.94636			6
2025.02.12	01:52:11.980		0.94637			4
2025.02.12	01:52:15.868		0.94636			4
2025.02.12	01:52:16.561	0.94627	0.94639			6
2025.02.12	01:52:17.100		0.94638			4
2025.02.12	01:52:20.764	0.94626				2
2025.02.12	01:52:21.755		0.94637			4
2025.02.12	01:52:31.801		0.94638			4
2025.02.12	01:52:33.059	0.94627				2
2025.02.12	01:52:35.961	0.94626				2
2025.02.12	01:52:46.258	0.94628	0.94640			6
2025.02.12	01:52:47.658	0.94627				2
2025.02.12	01:52:53.203		0.94639			4
2025.02.12	01:53:04.507	0.94627				2
2025.02.12	01:53:38.914		0.94638			4
2025.02.12	01:53:54.237		0.94639			4
2025.02.12	01:54:00.108	0.94627				2
2025.02.12	01:54:01.704		0.94638			4
2025.02.12	01:54:02.142	0.94626				2
2025.02.12	01:54:05.594		0.94639			4
2025.02.12	01:54:11.357	0.94628				2
2025.02.12	01:54:12.071		0.94638			4
2025.02.12	01:54:14.216	0.94626	0.94637			6
2025.02.12	01:54:14.749	0.94627				2
2025.02.12	01:54:22.346	0.94628	0.94636			6
2025.02.12	01:54:23.339	0.94626	0.94637			6
2025.02.12	01:54:44.665	0.94628	0.94638			6
2025.02.12	01:54:50.410	0.94627				2
2025.02.12	01:55:00.525	0.94627				2
2025.02.12	01:55:10.150	0.94624	0.94635			6
2025.02.12	01:55:10.453	0.94625	0.94634			6
2025.02.12	01:55:10.765		0.94635			4
2025.02.12	01:55:11.736		0.94634			4
2025.02.12	01:55:14.560	0.94622	0.94632			6
2025.02.12	01:55:15.594	0.94623	0.94633			6
2025.02.12	01:55:19.213	0.94622	0.94632			6
2025.02.12	01:55:31.246		0.94631			4
2025.02.12	01:55:33.201	0.94628	0.94637			6
2025.02.12	01:55:34.158	0.94627				2
2025.02.12	01:55:45.559	0.94626				2
2025.02.12	01:55:47.701		0.94638			4
2025.02.12	01:55:54.943		0.94637			4
2025.02.12	01:56:00.390	0.94626				2
2025.02.12	01:56:18.638	0.94628	0.94638			6
2025.02.12	01:56:25.501		0.94637			4
2025.02.12	01:56:26.862	0.94629	0.94639			6
2025.02.12	01:56:27.164		0.94640			4
2025.02.12	01:56:28.104	0.94631				2
2025.02.12	01:56:29.901	0.94629	0.94639			6
2025.02.12	01:56:32.690		0.94638			4
2025.02.12	01:56:39.151	0.94631	0.94640			6
2025.02.12	01:56:40.693		0.94641			4
2025.02.12	01:56:42.372	0.94630	0.94640			6
2025.02.12	01:56:44.978	0.94631	0.94641			6
2025.02.12	01:56:47.364	0.94630				2
2025.02.12	01:56:53.389	0.94631				2
2025.02.12	01:56:55.810		0.94640			4
2025.02.12	01:57:00.691	0.94631	0.94639			6
2025.02.12	01:57:09.387		0.94640			4
2025.02.12	01:57:30.282	0.94629	0.94639			6
2025.02.12	01:57:31.574	0.94630				2
2025.02.12	01:57:46.308	0.94628				2
2025.02.12	01:57:50.222	0.94630				2
2025.02.12	01:57:51.637	0.94628	0.94638			6
2025.02.12	01:58:03.401	0.94628				2
2025.02.12	01:58:32.144	0.94627				2
2025.02.12	01:58:43.560	0.94628				2
2025.02.12	01:58:44.902		0.94637			4
2025.02.12	01:58:46.107	0.94627	0.94636			6
2025.02.12	01:58:48.116	0.94626				2
2025.02.12	01:58:48.816	0.94628				2
2025.02.12	01:58:50.228		0.94637			4
2025.02.12	01:58:52.482	0.94629	0.94638			6
2025.02.12	01:59:02.662	0.94628				2
2025.02.12	01:59:05.935		0.94637			4
2025.02.12	01:59:06.861	0.94625	0.94633			6
2025.02.12	01:59:09.793	0.94624				2
2025.02.12	01:59:12.192	0.94621	0.94630			6
2025.02.12	01:59:17.402		0.94629			4
2025.02.12	01:59:22.202	0.94620	0.94628			6
2025.02.12	01:59:22.503	0.94622	0.94630			6
2025.02.12	01:59:26.780		0.94631			4
2025.02.12	01:59:29.314	0.94621	0.94630			6
2025.02.12	01:59:36.640	0.94620				2
2025.02.12	01:59:39.746	0.94621				2
2025.02.12	01:59:41.117	0.94620				2
2025.02.12	01:59:46.416		0.94629			4
2025.02.12	01:59:51.509		0.94630			4
2025.02.12	01:59:55.160		0.94631			4
2025.02.12	01:59:56.379	0.94622	0.94632			6
2025.02.12	01:59:57.731	0.94621				2
2025.02.12	01:59:59.870		0.94631			4
2025.02.12	02:00:00.375	0.94630	0.94640			6
2025.02.12	02:00:01.003	0.94628	0.94639			6
2025.02.12	02:00:06.578	0.94630	0.94641			6
2025.02.12	02:00:07.532	0.94629	0.94639			6
2025.02.12	02:00:07.846	0.94630				2
2025.02.12	02:00:08.977		0.94640			4
2025.02.12	02:00:12.116	0.94633	0.94642			6
2025.02.12	02:00:12.728	0.94629	0.94639			6
2025.02.12	02:00:13.043	0.94630	0.94640			6
2025.02.12	02:00:14.353	0.94631				2
2025.02.12	02:00:15.741	0.94629	0.94639			6
2025.02.12	02:00:25.541		0.94638			4
2025.02.12	02:00:28.037	0.94628	0.94637			6
2025.02.12	02:00:28.344	0.94625	0.94633			6
2025.02.12	02:00:29.094		0.94634			4
2025.02.12	02:00:32.379	0.94624	0.94633			6
2025.02.12	02:00:33.441		0.94632			4
2025.02.12	02:00:33.755	0.94621	0.94631			6
2025.02.12	02:00:34.406		0.94629			4
2025.02.12	02:00:35.977	0.94620				2
2025.02.12	02:00:37.977		0.94630			4
2025.02.12	02:00:42.553	0.94623	0.94631			6
2025.02.12	02:00:42.924	0.94621				2
2025.02.12	02:00:43.712	0.94620	0.94630			6
2025.02.12	02:00:44.021	0.94624	0.94633			6
2025.02.12	02:00:44.344	0.94622	0.94631			6
2025.02.12	02:00:47.622		0.94632			4
2025.02.12	02:00:47.991	0.94620	0.94631			6
2025.02.12	02:00:50.354	0.94619	0.94630			6
2025.02.12	02:00:51.563	0.94620	0.94631			6
2025.02.12	02:00:52.174	0.94619				2
2025.02.12	02:00:53.399	0.94618	0.94629			6
2025.02.12	02:00:53.971	0.94617				2
2025.02.12	02:00:54.917		0.94628			4
2025.02.12	02:00:57.557	0.94618				2
2025.02.12	02:00:59.359		0.94629			4
2025.02.12	02:01:00.353	0.94618				2
2025.02.12	02:01:01.517		0.94628			4
2025.02.12	02:01:02.493	0.94613	0.94624			6
2025.02.12	02:01:03.291	0.94614	0.94625			6
2025.02.12	02:01:03.598	0.94615	0.94626			6
2025.02.12	02:01:04.359	0.94614				2
2025.02.12	02:01:05.623	0.94620	0.94632			6
2025.02.12	02:01:07.907	0.94622				2
2025.02.12	02:01:08.220	0.94619	0.94631			6
2025.02.12	02:01:10.313	0.94620				2
2025.02.12	02:01:12.995	0.94619				2
2025.02.12	02:01:13.296	0.94620				2
2025.02.12	02:01:15.389	0.94619	0.94630			6
2025.02.12	02:01:15.712	0.94615	0.94625			6
2025.02.12	02:01:16.077	0.94614				2
2025.02.12	02:01:16.393	0.94613				2
2025.02.12	02:01:21.273		0.94624			4
2025.02.12	02:01:21.805	0.94616	0.94625			6
2025.02.12	02:01:22.126		0.94626			4
2025.02.12	02:01:23.141	0.94617	0.94627			6
2025.02.12	02:01:23.476		0.94628			4
2025.02.12	02:01:27.389		0.94627			4
2025.02.12	02:01:30.855		0.94628			4
2025.02.12	02:01:31.390		0.94627			4
2025.02.12	02:01:32.945		0.94628			4
2025.02.12	02:01:34.851		0.94627			4
2025.02.12	02:01:40.759	0.94618	0.94629			6
2025.02.12	02:01:41.107		0.94628			4
2025.02.12	02:01:44.279		0.94629			4
2025.02.12	02:01:45.448	0.94620	0.94630			6
2025.02.12	02:01:45.774	0.94621				2
2025.02.12	02:01:46.268		0.94629			4
2025.02.12	02:01:47.598	0.94622				2
2025.02.12	02:01:49.128		0.94631			4
2025.02.12	02:01:50.401		0.94630			4
2025.02.12	02:01:51.098	0.94621	0.94632			6
2025.02.12	02:01:52.038		0.94631			4
2025.02.12	02:01:53.326		0.94632			4
2025.02.12	02:01:53.702		0.94631			4
2025.02.12	02:02:00.378	0.94621				2
2025.02.12	02:02:04.833	0.94623				2
2025.02.12	02:02:05.333	0.94621	0.94630			6
2025.02.12	02:02:06.492		0.94631			4
2025.02.12	02:02:06.876		0.94630			4
2025.02.12	02:02:07.427		0.94631			4
2025.02.12	02:02:09.397	0.94620	0.94629			6
2025.02.12	02:02:10.375		0.94630			4
2025.02.12	02:02:11.678		0.94629			4
2025.02.12	02:02:12.999	0.94619	0.94627			6
2025.02.12	02:02:13.365	0.94620	0.94628			6
2025.02.12	02:02:13.923		0.94629			4
2025.02.12	02:02:15.762	0.94621	0.94630			6
2025.02.12	02:02:16.065	0.94620	0.94629			6
2025.02.12	02:02:20.314	0.94619				2
2025.02.12	02:02:21.678	0.94620				2
2025.02.12	02:02:22.616		0.94630			4
2025.02.12	02:02:25.862	0.94623	0.94633			6
2025.02.12	02:02:27.107	0.94624				2
2025.02.12	02:02:27.412	0.94620	0.94630			6
2025.02.12	02:02:27.860	0.94619				2
2025.02.12	02:02:28.350		0.94631			4
2025.02.12	02:02:29.722	0.94620				2
2025.02.12	02:02:30.424	0.94618	0.94629			6
2025.02.12	02:02:35.052	0.94619				2
2025.02.12	02:02:35.355	0.94618				2
2025.02.12	02:02:39.680	0.94619				2
2025.02.12	02:02:40.064	0.94618				2
2025.02.12	02:02:40.586	0.94619				2
2025.02.12	02:02:41.257	0.94618				2
2025.02.12	02:02:44.081	0.94619	0.94628			6
2025.02.12	02:02:45.005		0.94629			4
2025.02.12	02:02:45.348		0.94628			4
2025.02.12	02:02:50.636		0.94627			4
2025.02.12	02:02:51.067		0.94628			4
2025.02.12	02:03:00.064	0.94619				2
2025.02.12	02:03:04.354		0.94629			4
2025.02.12	02:03:05.874	0.94618	0.94628			6
2025.02.12	02:03:08.304	0.94619				2
2025.02.12	02:03:11.742	0.94618				2
2025.02.12	02:03:19.627	0.94619	0.94629			6
2025.02.12	02:03:22.479	0.94618	0.94628			6
2025.02.12	02:03:23.305		0.94629			4
2025.02.12	02:03:24.416	0.94619				2
2025.02.12	02:03:26.137	0.94618				2
2025.02.12	02:03:28.156		0.94628			4
2025.02.12	02:03:30.260		0.94629			4
2025.02.12	02:03:39.980	0.94619	0.94630			6
2025.02.12	02:03:41.267		0.94629			4
2025.02.12	02:03:43.426	0.94620				2
2025.02.12	02:03:44.190		0.94631			4
2025.02.12	02:03:44.692	0.94619				2
2025.02.12	02:03:45.022	0.94620				2
2025.02.12	02:03:45.621	0.94623	0.94633			6
2025.02.12	02:03:46.346	0.94622				2
2025.02.12	02:03:47.589	0.94621				2
2025.02.12	02:03:50.690	0.94623	0.94635			6
2025.02.12	02:03:51.234	0.94624	0.94636			6
2025.02.12	02:03:51.922		0.94635			4
2025.02.12	02:03:52.299	0.94629	0.94640			6
2025.02.12	02:03:53.010	0.94630	0.94641			6
2025.02.12	02:03:53.448	0.94631	0.94642			6
2025.02.12	02:03:54.247	0.94629				2
2025.02.12	02:03:54.961	0.94630				2
2025.02.12	02:03:55.361	0.94631				2
2025.02.12	02:03:56.347	0.94633				2
2025.02.12	02:03:57.068	0.94632				2
2025.02.12	02:03:57.388		0.94644			4
2025.02.12	02:03:57.703		0.94643			4
2025.02.12	02:03:59.769		0.94644			4
2025.02.12	02:04:00.110	0.94632	0.94643			6
2025.02.12	02:04:00.860		0.94644			4
2025.02.12	02:04:01.450	0.94633				2
2025.02.12	02:04:02.706		0.94643			4
2025.02.12	02:04:05.943	0.94628	0.94637			6
2025.02.12	02:04:09.083		0.94638			4
2025.02.12	02:04:15.083	0.94626	0.94637			6
2025.02.12	02:04:15.406	0.94627				2
2025.02.12	02:04:16.685	0.94623	0.94633			6
2025.02.12	02:04:17.289	0.94624	0.94634			6
2025.02.12	02:04:18.348	0.94622	0.94631			6
2025.02.12	02:04:18.735		0.94630			4
2025.02.12	02:04:21.416	0.94621				2
2025.02.12	02:04:24.835		0.94631			4
2025.02.12	02:04:25.146	0.94622				2
2025.02.12	02:04:26.355		0.94630			4
2025.02.12	02:04:26.655	0.94621				2
2025.02.12	02:04:27.081	0.94622				2
2025.02.12	02:04:35.243	0.94621				2
2025.02.12	02:04:35.695		0.94629			4
2025.02.12	02:04:36.578		0.94630			4
2025.02.12	02:04:40.795	0.94622				2
2025.02.12	02:04:41.256	0.94621				2
2025.02.12	02:04:41.581		0.94629			4
2025.02.12	02:04:42.544		0.94630			4
2025.02.12	02:04:45.627		0.94631			4
2025.02.12	02:04:47.112		0.94630			4
2025.02.12	02:04:49.244		0.94631			4
2025.02.12	02:04:54.729		0.94630			4
2025.02.12	02:04:58.465	0.94620	0.94627			6
2025.02.12	02:04:59.490	0.94619	0.94626			6
2025.02.12	02:05:00.381	0.94619	0.94627			6
2025.02.12	02:05:01.043	0.94618				2
2025.02.12	02:05:02.268	0.94617	0.94626			6
2025.02.12	02:05:02.585		0.94625			4
2025.02.12	02:05:08.347	0.94619	0.94627			6
2025.02.12	02:05:08.648	0.94617	0.94626			6
2025.02.12	02:05:08.968	0.94616	0.94627			6
2025.02.12	02:05:09.315		0.94626			4
2025.02.12	02:05:09.624	0.94614	0.94623			6
2025.02.12	02:05:10.392		0.94622			4
2025.02.12	02:05:11.662		0.94623			4
2025.02.12	02:05:13.293	0.94611	0.94619			6
2025.02.12	02:05:14.076	0.94612				2
2025.02.12	02:05:17.766	0.94611	0.94618			6
2025.02.12	02:05:21.626		0.94619			4
2025.02.12	02:05:25.466		0.94618			4
2025.02.12	02:05:27.125	0.94610				2
2025.02.12	02:05:33.218	0.94609	0.94617			6
2025.02.12	02:05:45.754		0.94618			4
2025.02.12	02:05:51.202	0.94608				2
2025.02.12	02:05:58.365		0.94617			4
2025.02.12	02:06:00.596	0.94608	0.94618			6
2025.02.12	02:06:01.052		0.94617			4
2025.02.12	02:06:01.886	0.94611	0.94620			6
2025.02.12	02:06:04.801		0.94619			4
2025.02.12	02:06:09.334	0.94610				2
2025.02.12	02:06:28.241		0.94620			4
2025.02.12	02:06:28.548		0.94619			4
2025.02.12	02:06:30.059	0.94609				2
2025.02.12	02:06:31.750	0.94610	0.94618			6
2025.02.12	02:06:32.121	0.94608				2
2025.02.12	02:06:32.450	0.94609	0.94617			6
2025.02.12	02:06:33.360	0.94606	0.94616			6
2025.02.12	02:06:34.404	0.94607				2
2025.02.12	02:06:35.177	0.94608				2
2025.02.12	02:06:36.749	0.94606				2
2025.02.12	02:06:37.596	0.94607				2
2025.02.12	02:06:50.198		0.94615			4
2025.02.12	02:06:51.275	0.94609	0.94617			6
2025.02.12	02:06:51.584		0.94618			4
2025.02.12	02:06:52.205		0.94619			4
2025.02.12	02:06:52.507		0.94618			4
2025.02.12	02:06:53.372	0.94608				2
2025.02.12	02:06:54.044	0.94609				2
2025.02.12	02:06:54.394	0.94607	0.94616			6
2025.02.12	02:06:55.297	0.94608				2
2025.02.12	02:06:57.092	0.94606	0.94615			6
2025.02.12	02:06:57.476	0.94605	0.94614			6
2025.02.12	02:06:58.102		0.94615			4
2025.02.12	02:06:58.404	0.94606				2
2025.02.12	02:07:00.232	0.94606				2
2025.02.12	02:07:02.511	0.94607				2
2025.02.12	02:07:04.185	0.94609	0.94619			6
2025.02.12	02:07:05.569		0.94618			4
2025.02.12	02:07:19.586	0.94608	0.94617			6
2025.02.12	02:07:20.456		0.94618			4
2025.02.12	02:07:20.768	0.94609	0.94619			6
2025.02.12	02:07:21.094		0.94618			4
2025.02.12	02:07:22.166	0.94608				2
2025.02.12	02:07:23.795		0.94617			4
2025.02.12	02:07:29.816	0.94607				2
2025.02.12	02:07:31.363		0.94616			4
2025.02.12	02:07:31.713	0.94608				2
2025.02.12	02:07:32.031		0.94617			4
2025.02.12	02:07:35.617		0.94618			4
2025.02.12	02:07:38.493	0.94616	0.94625			6
2025.02.12	02:07:38.818		0.94626			4
2025.02.12	02:07:40.023	0.94617				2
2025.02.12	02:07:40.336	0.94615	0.94627			6
2025.02.12	02:07:44.295		0.94628			4
2025.02.12	02:07:46.345	0.94618	0.94627			6
2025.02.12	02:07:46.735	0.94617	0.94626			6
2025.02.12	02:07:47.447	0.94618	0.94629			6
2025.02.12	02:07:50.628	0.94619				2
2025.02.12	02:07:53.876		0.94628			4
2025.02.12	02:07:54.318	0.94618	0.94627			6
2025.02.12	02:07:54.751	0.94617	0.94625			6
2025.02.12	02:07:56.149	0.94618	0.94629			6
2025.02.12	02:07:56.473	0.94620				2
2025.02.12	02:07:57.554	0.94621				2
2025.02.12	02:08:01.292	0.94621				2
2025.02.12	02:08:01.747		0.94630			4
2025.02.12	02:08:05.957	0.94617	0.94626			6
2025.02.12	02:08:06.484	0.94616	0.94625			6
2025.02.12	02:08:06.806		0.94626			4
2025.02.12	02:08:07.598		0.94624			4
2025.02.12	02:08:09.002	0.94615	0.94623			6
2025.02.12	02:08:09.681		0.94625			4
2025.02.12	02:08:13.671		0.94624			4
2025.02.12	02:08:16.218		0.94623			4
2025.02.12	02:08:18.896	0.94616	0.94624			6
2025.02.12	02:08:21.316		0.94625			4
2025.02.12	02:08:31.073	0.94615				2
2025.02.12	02:08:38.486	0.94619	0.94627			6
2025.02.12	02:08:39.201	0.94618	0.94626			6
2025.02.12	02:08:39.503	0.94617				2
2025.02.12	02:08:40.088	0.94618	0.94627			6
2025.02.12	02:08:40.498	0.94617				2
2025.02.12	02:08:41.069	0.94618				2
2025.02.12	02:08:45.346	0.94619				2
2025.02.12	02:08:46.774		0.94628			4
2025.02.12	02:08:55.136	0.94618	0.94627			6
2025.02.12	02:08:56.245	0.94617	0.94626			6
2025.02.12	02:09:02.514	0.94617				2
2025.02.12	02:09:18.500	0.94614	0.94623			6
2025.02.12	02:09:23.170	0.94613	0.94622			6
2025.02.12	02:09:24.344	0.94614	0.94623			6
2025.02.12	02:09:26.277	0.94613				2
2025.02.12	02:09:28.195	0.94614				2
2025.02.12	02:09:31.048	0.94616	0.94626			6
2025.02.12	02:09:33.694		0.94625			4
2025.02.12	02:09:34.130	0.94615	0.94624			6
2025.02.12	02:09:46.577	0.94616				2
2025.02.12	02:09:46.974	0.94615				2
2025.02.12	02:09:47.684	0.94613	0.94621			6
2025.02.12	02:09:48.031	0.94612				2
2025.02.12	02:09:50.348	0.94613				2
2025.02.12	02:09:52.378	0.94612				2
2025.02.12	02:10:00.381	0.94612				2
2025.02.12	02:10:04.232	0.94613				2
2025.02.12	02:10:05.178		0.94622			4
2025.02.12	02:10:11.101	0.94612	0.94621			6
2025.02.12	02:10:15.334	0.94613	0.94622			6
2025.02.12	02:10:16.147	0.94612				2
2025.02.12	02:10:17.748		0.94621			4
2025.02.12	02:10:23.996		0.94622			4
2025.02.12	02:10:28.802		0.94621			4
2025.02.12	02:10:30.207		0.94622			4
2025.02.12	02:10:32.585		0.94621			4
2025.02.12	02:10:32.967	0.94613				2
2025.02.12	02:10:33.311	0.94612				2
2025.02.12	02:10:34.575	0.94613				2
2025.02.12	02:10:35.835		0.94622			4
2025.02.12	02:10:37.516	0.94612	0.94621			6
2025.02.12	02:10:39.183	0.94613	0.94620			6
2025.02.12	02:10:39.494	0.94612	0.94621			6
2025.02.12	02:10:40.504	0.94611				2
2025.02.12	02:10:41.351		0.94620			4
2025.02.12	02:10:43.609	0.94610	0.94619			6
2025.02.12	02:10:43.962		0.94620			4
2025.02.12	02:10:44.279		0.94619			4
2025.02.12	02:10:45.405		0.94620			4
2025.02.12	02:10:46.195		0.94619			4
2025.02.12	02:10:46.595	0.94611	0.94620			6
2025.02.12	02:10:47.978	0.94612	0.94621			6
2025.02.12	02:10:48.283	0.94611	0.94620			6
2025.02.12	02:10:48.686	0.94615	0.94623			6
2025.02.12	02:10:49.182	0.94614				2
2025.02.12	02:10:52.283		0.94622			4
2025.02.12	02:10:52.985	0.94613	0.94621			6
2025.02.12	02:10:53.572	0.94614				2
2025.02.12	02:10:54.840		0.94622			4
2025.02.12	02:10:56.488	0.94615	0.94623			6
2025.02.12	02:11:01.512	0.94616				2
2025.02.12	02:11:02.914	0.94615				2
2025.02.12	02:11:03.714	0.94614				2
2025.02.12	02:11:05.389	0.94615				2
2025.02.12	02:11:06.790	0.94614				2
2025.02.12	02:11:08.173		0.94621			4
2025.02.12	02:11:08.520	0.94612				2
2025.02.12	02:11:09.190	0.94613	0.94622			6
2025.02.12	02:11:10.786	0.94612	0.94621			6
2025.02.12	02:11:11.094	0.94614				2
2025.02.12	02:11:11.453	0.94613	0.94622			6
2025.02.12	02:11:12.583	0.94612	0.94621			6
2025.02.12	02:11:18.079	0.94613				2
2025.02.12	02:11:19.887	0.94612				2
2025.02.12	02:11:20.380	0.94614				2
2025.02.12	02:11:20.692	0.94613				2
2025.02.12	02:11:21.202	0.94612				2
2025.02.12	02:11:26.259		0.94622			4
2025.02.12	02:11:31.801		0.94621			4
2025.02.12	02:11:36.059	0.94610				2
2025.02.12	02:11:37.017	0.94609	0.94620			6
2025.02.12	02:11:38.898		0.94619			4
2025.02.12	02:11:39.203	0.94608	0.94618			6
2025.02.12	02:11:40.587		0.94619			4
2025.02.12	02:11:40.968		0.94618			4
2025.02.12	02:11:43.371	0.94611	0.94620			6
2025.02.12	02:11:44.346	0.94612				2
2025.02.12	02:11:45.526	0.94608	0.94617			6
2025.02.12	02:11:46.685		0.94619			4
2025.02.12	02:11:51.732		0.94617			4
2025.02.12	02:11:52.058	0.94609				2
2025.02.12	02:11:52.376		0.94618			4
2025.02.12	02:11:54.197	0.94608	0.94619			6
2025.02.12	02:11:55.811	0.94607	0.94616			6
2025.02.12	02:11:56.834		0.94617			4
2025.02.12	02:12:00.629	0.94607				2
2025.02.12	02:12:06.646		0.94616			4
2025.02.12	02:12:10.800	0.94608	0.94617			6
2025.02.12	02:12:11.110	0.94609				2
2025.02.12	02:12:11.461	0.94608				2
2025.02.12	02:12:11.855	0.94609				2
2025.02.12	02:12:12.357	0.94608				2
2025.02.12	02:12:12.663		0.94618			4
2025.02.12	02:12:13.778	0.94607	0.94617			6
2025.02.12	02:12:16.349		0.94618			4
2025.02.12	02:12:17.884		0.94617			4
2025.02.12	02:12:19.814	0.94608				2
2025.02.12	02:12:31.619	0.94604	0.94613			6
2025.02.12	02:12:32.410	0.94606	0.94615			6
2025.02.12	02:12:37.060	0.94605				2
2025.02.12	02:12:40.309		0.94616			4
2025.02.12	02:12:41.486	0.94607	0.94617			6
2025.02.12	02:12:54.711		0.94616			4
2025.02.12	02:12:56.603	0.94605	0.94614			6
2025.02.12	02:12:57.391	0.94608	0.94617			6
2025.02.12	02:12:59.980	0.94607	0.94618			6
2025.02.12	02:13:00.385	0.94607	0.94617			6
2025.02.12	02:13:00.831		0.94618			4
2025.02.12	02:13:03.833	0.94608				2
2025.02.12	02:13:06.697		0.94617			4
2025.02.12	02:13:07.080		0.94618			4
2025.02.12	02:13:11.318		0.94616			4
2025.02.12	02:13:12.075		0.94617			4
2025.02.12	02:13:14.482		0.94616			4
2025.02.12	02:13:14.877		0.94617			4
2025.02.12	02:13:32.236		0.94616			4
2025.02.12	02:13:32.543	0.94607	0.94617			6
2025.02.12	02:13:34.457	0.94606	0.94616			6
2025.02.12	02:13:44.877		0.94615			4
2025.02.12	02:13:46.347		0.94616			4
2025.02.12	02:13:53.331	0.94609	0.94618			6
2025.02.12	02:13:58.351		0.94620			4
2025.02.12	02:14:00.413	0.94606	0.94617			6
2025.02.12	02:14:12.567	0.94602	0.94613			6
2025.02.12	02:14:13.093	0.94608	0.94617			6
2025.02.12	02:14:15.344	0.94607				2
2025.02.12	02:14:24.858		0.94618			4
2025.02.12	02:14:27.427	0.94606	0.94617			6
2025.02.12	02:14:28.855		0.94616			4
2025.02.12	02:14:38.515	0.94604	0.94615			6
2025.02.12	02:14:40.110	0.94606	0.94616			6
2025.02.12	02:14:44.948	0.94604	0.94614			6
2025.02.12	02:14:46.685	0.94605				2
2025.02.12	02:14:53.157	0.94607	0.94616			6
2025.02.12	02:14:54.979	0.94606	0.94615			6
2025.02.12	02:14:56.339	0.94604				2
2025.02.12	02:14:58.370		0.94614			4
2025.02.12	02:15:00.116	0.94606	0.94615			6
2025.02.12	02:15:03.036	0.94605				2
2025.02.12	02:15:11.153		0.94614			4
2025.02.12	02:15:13.378		0.94615			4
2025.02.12	02:15:16.472	0.94606	0.94617			6
2025.02.12	02:15:32.465	0.94607				2
2025.02.12	02:15:34.176	0.94606				2
2025.02.12	02:15:34.517	0.94605	0.94616			6
2025.02.12	02:15:38.382		0.94615			4
2025.02.12	02:15:44.705	0.94606				2
2025.02.12	02:15:50.275	0.94605				2
2025.02.12	02:15:51.687	0.94606				2
2025.02.12	02:15:52.539		0.94616			4
2025.02.12	02:15:53.563	0.94604	0.94615			6
2025.02.12	02:15:54.727		0.94613			4
2025.02.12	02:16:01.717	0.94604	0.94614			6
2025.02.12	02:16:04.202	0.94605	0.94615			6
2025.02.12	02:16:06.121		0.94614			4
2025.02.12	02:16:07.325	0.94604				2
2025.02.12	02:16:22.804		0.94613			4
2025.02.12	02:16:28.311	0.94603	0.94614			6
2025.02.12	02:16:29.834	0.94604	0.94613			6
2025.02.12	02:16:34.459	0.94607	0.94616			6
2025.02.12	02:16:34.879	0.94606				2
2025.02.12	02:16:38.005	0.94607				2
2025.02.12	02:16:42.513	0.94606				2
2025.02.12	02:16:44.911	0.94607				2
2025.02.12	02:16:47.201	0.94605	0.94615			6
2025.02.12	02:16:47.589	0.94604	0.94614			6
2025.02.12	02:16:47.903	0.94605	0.94615			6
2025.02.12	02:16:55.501	0.94606				2
2025.02.12	02:17:00.727	0.94606				2
2025.02.12	02:17:02.105	0.94607	0.94617			6
2025.02.12	02:17:02.481	0.94609	0.94619			6
2025.02.12	02:17:04.639		0.94618			4
2025.02.12	02:17:05.011	0.94608				2
2025.02.12	02:17:05.853	0.94607	0.94617			6
2025.02.12	02:17:07.775	0.94609	0.94619			6
2025.02.12	02:17:09.998	0.94610				2
2025.02.12	02:17:10.479	0.94608				2
2025.02.12	02:17:15.027	0.94607				2
2025.02.12	02:17:15.733		0.94617			4
2025.02.12	02:17:18.282		0.94616			4
2025.02.12	02:17:19.394	0.94606				2
2025.02.12	02:17:21.403	0.94607	0.94617			6
2025.02.12	02:17:25.672	0.94606				2
2025.02.12	02:17:27.103	0.94607				2
2025.02.12	02:17:40.184	0.94606				2
2025.02.12	02:17:41.421	0.94607	0.94616			6
2025.02.12	02:17:43.211	0.94608				2
2025.02.12	02:17:56.959	0.94609	0.94615			6
2025.02.12	02:18:00.164	0.94608	0.94614			6
2025.02.12	02:18:02.981		0.94615			4
2025.02.12	02:18:05.724	0.94607	0.94613			6
2025.02.12	02:18:15.755	0.94606	0.94611			6
2025.02.12	02:18:16.126	0.94605				2
2025.02.12	02:18:16.801		0.94610			4
2025.02.12	02:18:26.827	0.94606				2
2025.02.12	02:18:28.718	0.94605				2
2025.02.12	02:18:29.039	0.94608	0.94612			6
2025.02.12	02:18:30.581	0.94607				2
2025.02.12	02:18:35.028	0.94606				2
2025.02.12	02:18:35.485		0.94611			4
2025.02.12	02:18:37.117	0.94607	0.94613			6
2025.02.12	02:18:37.440	0.94605	0.94612			6
2025.02.12	02:18:38.372	0.94606				2
2025.02.12	02:18:38.839	0.94605				2
2025.02.12	02:18:40.686	0.94603				2
2025.02.12	02:18:52.379		0.94613			4
2025.02.12	02:18:59.899		0.94614			4
2025.02.12	02:19:00.326	0.94602				2
2025.02.12	02:19:02.333	0.94603				2
2025.02.12	02:19:02.642		0.94612			4
2025.02.12	02:19:09.298		0.94613			4
2025.02.12	02:19:13.803	0.94602				2
2025.02.12	02:19:16.329		0.94612			4
2025.02.12	02:19:17.036		0.94613			4
2025.02.12	02:19:18.919	0.94603				2
2025.02.12	02:19:24.625	0.94602				2
2025.02.12	02:19:36.001	0.94603	0.94612			6
2025.02.12	02:19:38.112	0.94602	0.94611			6
2025.02.12	02:19:40.498	0.94603	0.94612			6
2025.02.12	02:19:42.726	0.94600	0.94611			6
2025.02.12	02:19:43.122		0.94610			4
2025.02.12	02:19:46.173	0.94599	0.94609			6
2025.02.12	02:19:46.495	0.94598				2
2025.02.12	02:19:49.452	0.94599				2
2025.02.12	02:19:50.812		0.94608			4
2025.02.12	02:19:54.632	0.94598	0.94607			6
2025.02.12	02:19:58.879	0.94599	0.94608			6
2025.02.12	02:20:00.430	0.94599	0.94609			6
2025.02.12	02:20:01.081	0.94600				2
2025.02.12	02:20:02.205		0.94610			4
2025.02.12	02:20:06.832	0.94601				2
2025.02.12	02:20:07.235	0.94600	0.94609			6
2025.02.12	02:20:07.829	0.94599				2
2025.02.12	02:20:13.079	0.94600				2
2025.02.12	02:20:14.378	0.94599	0.94608			6
2025.02.12	02:20:27.433		0.94610			4
2025.02.12	02:20:28.261	0.94601				2
2025.02.12	02:20:29.489	0.94603	0.94612			6
2025.02.12	02:20:30.012	0.94602				2
2025.02.12	02:20:30.378	0.94601	0.94611			6
2025.02.12	02:20:33.590		0.94610			4
2025.02.12	02:20:36.521	0.94600	0.94611			6
2025.02.12	02:20:40.550		0.94610			4
2025.02.12	02:20:40.866		0.94611			4
2025.02.12	02:20:42.217		0.94609			4
2025.02.12	02:20:45.196	0.94599				2
2025.02.12	02:20:51.269	0.94598	0.94608			6
2025.02.12	02:20:54.295		0.94609			4
2025.02.12	02:20:55.132	0.94599				2
2025.02.12	02:20:55.537		0.94608			4
2025.02.12	02:20:56.448		0.94609			4
2025.02.12	02:21:00.567	0.94599				2
2025.02.12	02:21:03.629	0.94598	0.94608			6
2025.02.12	02:21:13.687		0.94607			4
2025.02.12	02:21:17.196		0.94606			4
2025.02.12	02:21:18.877		0.94607			4
2025.02.12	02:21:24.202		0.94606			4
2025.02.12	02:21:29.020		0.94607			4
2025.02.12	02:21:34.502		0.94608			4
2025.02.12	02:21:36.186	0.94597				2
2025.02.12	02:21:37.683	0.94598				2
2025.02.12	02:21:38.026	0.94597				2
2025.02.12	02:21:40.557	0.94598				2
2025.02.12	02:21:41.551	0.94597	0.94607			6
2025.02.12	02:21:43.189		0.94608			4
2025.02.12	02:21:44.657		0.94607			4
2025.02.12	02:21:52.876	0.94595	0.94605			6
2025.02.12	02:21:53.264	0.94594				2
2025.02.12	02:21:53.831	0.94595				2
2025.02.12	02:21:54.183	0.94594				2
2025.02.12	02:21:54.627		0.94604			4
2025.02.12	02:21:54.934		0.94603			4
2025.02.12	02:21:56.946	0.94597	0.94605			6
2025.02.12	02:21:58.085	0.94598	0.94607			6
2025.02.12	02:22:00.113	0.94598				2
2025.02.12	02:22:04.355		0.94606			4
2025.02.12	02:22:09.344	0.94599	0.94607			6
2025.02.12	02:22:10.214	0.94600				2
2025.02.12	02:22:15.033	0.94599				2
2025.02.12	02:22:16.096	0.94598	0.94606			6
2025.02.12	02:22:19.407	0.94597				2
2025.02.12	02:22:21.266		0.94605			4
2025.02.12	02:22:24.649	0.94596				2
2025.02.12	02:22:24.957	0.94597	0.94606			6
2025.02.12	02:22:26.401		0.94605			4
2025.02.12	02:22:27.054		0.94606			4
2025.02.12	02:22:28.346	0.94596				2
2025.02.12	02:22:33.000	0.94595				2
2025.02.12	02:22:33.317	0.94596				2
2025.02.12	02:22:45.753	0.94595				2
2025.02.12	02:22:50.447	0.94596				2
2025.02.12	02:22:53.282	0.94595				2
2025.02.12	02:22:54.476	0.94596				2
2025.02.12	02:22:57.677	0.94597				2
2025.02.12	02:23:00.583	0.94597				2
2025.02.12	02:23:01.555	0.94595	0.94605			6
2025.02.12	02:23:03.706	0.94596				2
2025.02.12	02:23:07.584	0.94595				2
2025.02.12	02:23:12.012	0.94596				2
2025.02.12	02:23:18.202	0.94597				2
2025.02.12	02:23:19.124	0.94598	0.94607			6
2025.02.12	02:23:19.458		0.94605			4
2025.02.12	02:23:21.389		0.94606			4
2025.02.12	02:23:22.432	0.94599				2
2025.02.12	02:23:25.011	0.94598	0.94607			6
2025.02.12	02:23:25.477	0.94600				2
2025.02.12	02:23:25.992	0.94599				2
2025.02.12	02:23:27.212	0.94600				2
2025.02.12	02:23:27.955		0.94608			4
2025.02.12	02:23:28.706		0.94607			4
2025.02.12	02:23:31.593		0.94608			4
2025.02.12	02:23:33.169		0.94607			4
2025.02.12	02:23:46.552	0.94601	0.94610			6
2025.02.12	02:23:46.861		0.94609			4
2025.02.12	02:23:47.361		0.94608			4
2025.02.12	02:23:48.014		0.94607			4
2025.02.12	02:23:48.387	0.94600				2
2025.02.12	02:23:49.430		0.94608			4
2025.02.12	02:23:50.374	0.94598	0.94607			6
2025.02.12	02:23:50.801		0.94608			4
2025.02.12	02:23:52.620	0.94599	0.94609			6
2025.02.12	02:23:53.228		0.94607			4
2025.02.12	02:23:53.581		0.94608			4
2025.02.12	02:23:54.324	0.94598	0.94607			6
2025.02.12	02:23:57.803	0.94597	0.94605			6
2025.02.12	02:24:00.852	0.94597				2
2025.02.12	02:24:01.840	0.94594	0.94603			6
2025.02.12	02:24:02.209		0.94604			4
2025.02.12	02:24:04.318	0.94595	0.94603			6
2025.02.12	02:24:11.181	0.94596				2
2025.02.12	02:24:16.310	0.94597	0.94604			6
2025.02.12	02:24:21.901		0.94603			4
2025.02.12	02:24:31.952		0.94604			4
2025.02.12	02:24:54.065	0.94596				2
2025.02.12	02:24:56.845	0.94594	0.94603			6
2025.02.12	02:24:57.476	0.94595				2
2025.02.12	02:25:04.017	0.94596	0.94604			6
2025.02.12	02:25:05.529	0.94595	0.94603			6
2025.02.12	02:25:15.640	0.94594				2
2025.02.12	02:25:17.933		0.94602			4
2025.02.12	02:25:22.409		0.94605			4
2025.02.12	02:25:27.786		0.94604			4
2025.02.12	02:25:33.063		0.94603			4
2025.02.12	02:25:35.594	0.94590	0.94600			6
2025.02.12	02:25:38.648	0.94589				2
2025.02.12	02:25:39.877	0.94590	0.94599			6
2025.02.12	02:25:45.246		0.94600			4
2025.02.12	02:25:49.225	0.94589				2
2025.02.12	02:25:51.390	0.94590	0.94601			6
2025.02.12	02:26:00.486	0.94590	0.94600			6
2025.02.12	02:26:03.556	0.94589				2
2025.02.12	02:26:05.919	0.94590	0.94601			6
2025.02.12	02:26:06.238	0.94587	0.94598			6
2025.02.12	02:26:08.357	0.94588				2
2025.02.12	02:26:14.055	0.94587	0.94597			6
2025.02.12	02:26:19.981		0.94598			4
2025.02.12	02:26:22.437		0.94594			4
2025.02.12	02:26:22.743	0.94585				2
2025.02.12	02:26:28.009	0.94586	0.94595			6
2025.02.12	02:26:28.485		0.94596			4
2025.02.12	02:26:28.810	0.94587				2
2025.02.12	02:26:29.896	0.94586				2
2025.02.12	02:26:32.827	0.94587				2
2025.02.12	02:26:33.143	0.94586				2
2025.02.12	02:26:33.556		0.94594			4
2025.02.12	02:26:38.607		0.94596			4
2025.02.12	02:26:39.695	0.94587				2
2025.02.12	02:26:51.082	0.94586				2
2025.02.12	02:26:55.275	0.94587				2
2025.02.12	02:27:03.697	0.94586				2
2025.02.12	02:27:04.766	0.94588	0.94599			6
2025.02.12	02:27:05.121		0.94598			4
2025.02.12	02:27:06.347		0.94599			4
2025.02.12	02:27:07.575	0.94591	0.94600			6
2025.02.12	02:27:07.891		0.94601			4
2025.02.12	02:27:09.832	0.94590				2
2025.02.12	02:27:11.612		0.94602			4
2025.02.12	02:27:12.345		0.94600			4
2025.02.12	02:27:12.834	0.94592	0.94601			6
2025.02.12	02:27:13.642	0.94591				2
2025.02.12	02:27:14.601	0.94593	0.94603			6
2025.02.12	02:27:15.351	0.94592	0.94602			6
2025.02.12	02:27:20.241	0.94593				2
2025.02.12	02:27:20.543	0.94591	0.94600			6
2025.02.12	02:27:20.847	0.94592	0.94601			6
2025.02.12	02:27:21.566	0.94591				2
2025.02.12	02:27:22.104	0.94589	0.94599			6
2025.02.12	02:27:23.461		0.94597			4
2025.02.12	02:27:24.338	0.94588	0.94598			6
2025.02.12	02:27:25.076	0.94587				2
2025.02.12	02:27:27.439	0.94588	0.94599			6
2025.02.12	02:27:28.577	0.94587	0.94598			6
2025.02.12	02:27:29.465	0.94588				2
2025.02.12	02:27:32.525		0.94599			4
2025.02.12	02:27:38.219	0.94589				2
2025.02.12	02:27:38.524	0.94588				2
2025.02.12	02:27:38.886	0.94589	0.94600			6
2025.02.12	02:27:45.186		0.94599			4
2025.02.12	02:27:55.040		0.94600			4
2025.02.12	02:27:55.343		0.94599			4
2025.02.12	02:28:00.266	0.94587	0.94598			6
2025.02.12	02:28:01.380	0.94588	0.94599			6
2025.02.12	02:28:05.150	0.94587	0.94598			6
2025.02.12	02:28:22.342		0.94599			4
2025.02.12	02:28:23.516	0.94588				2
2025.02.12	02:28:28.604		0.94600			4
2025.02.12	02:28:34.519	0.94589				2
2025.02.12	02:28:36.495		0.94599			4
2025.02.12	02:28:38.726		0.94600			4
2025.02.12	02:28:43.828	0.94591	0.94601			6
2025.02.12	02:28:44.246		0.94600			4
2025.02.12	02:28:46.515		0.94601			4
2025.02.12	02:28:46.823		0.94600			4
2025.02.12	02:28:48.585	0.94592	0.94603			6
2025.02.12	02:28:48.891	0.94593				2
2025.02.12	02:28:49.251	0.94592				2
2025.02.12	02:28:49.812	0.94593				2
2025.02.12	02:28:50.120	0.94594	0.94605			6
2025.02.12	02:28:50.451	0.94593				2
2025.02.12	02:28:53.499		0.94606			4
2025.02.12	02:28:56.025		0.94605			4
2025.02.12	02:28:56.353	0.94594	0.94606			6
2025.02.12	02:28:57.038		0.94605			4
2025.02.12	02:28:58.610		0.94603			4
2025.02.12	02:29:01.108	0.94592	0.94599			6
2025.02.12	02:29:06.345	0.94590				2
2025.02.12	02:29:08.269		0.94600			4
2025.02.12	02:29:16.427		0.94601			4
2025.02.12	02:29:17.719		0.94600			4
2025.02.12	02:29:30.901	0.94591				2
2025.02.12	02:29:34.802	0.94590	0.94599			6
2025.02.12	02:29:35.442	0.94591	0.94602			6
2025.02.12	02:29:35.849		0.94603			4
2025.02.12	02:29:36.239	0.94593				2
2025.02.12	02:29:38.652		0.94604			4
2025.02.12	02:29:40.285	0.94594				2
2025.02.12	02:29:41.264	0.94593	0.94603			6
2025.02.12	02:29:43.577	0.94594				2
2025.02.12	02:29:46.482	0.94592	0.94601			6
2025.02.12	02:29:50.591	0.94589	0.94599			6
2025.02.12	02:29:54.724	0.94588	0.94596			6
2025.02.12	02:29:55.035	0.94587				2
2025.02.12	02:29:57.845	0.94588	0.94597			6
2025.02.12	02:29:58.306		0.94598			4
2025.02.12	02:30:00.217	0.94589				2
2025.02.12	02:30:01.568	0.94587	0.94597			6
2025.02.12	02:30:05.542	0.94588				2
2025.02.12	02:30:07.856	0.94587				2
2025.02.12	02:30:08.162	0.94586				2
2025.02.12	02:30:14.617		0.94596			4
2025.02.12	02:30:14.969	0.94587	0.94597			6
2025.02.12	02:30:17.037	0.94586				2
2025.02.12	02:30:18.462		0.94596			4
2025.02.12	02:30:21.795	0.94587				2
2025.02.12	02:30:22.122		0.94597			4
2025.02.12	02:30:22.925		0.94596			4
2025.02.12	02:30:26.799	0.94586	0.94597			6
2025.02.12	02:30:27.567	0.94587	0.94596			6
2025.02.12	02:30:29.277		0.94597			4
2025.02.12	02:30:30.601		0.94596			4
2025.02.12	02:30:35.701		0.94597			4
2025.02.12	02:30:41.177		0.94596			4
2025.02.12	02:30:41.797	0.94588	0.94597			6
2025.02.12	02:30:46.600		0.94598			4
2025.02.12	02:30:49.855	0.94586	0.94596			6
2025.02.12	02:30:50.896		0.94597			4
2025.02.12	02:30:52.676	0.94587	0.94596			6
2025.02.12	02:31:00.409	0.94587	0.94597			6
2025.02.12	02:31:03.288		0.94596			4
2025.02.12	02:31:06.178	0.94586				2
2025.02.12	02:31:07.245	0.94587				2
2025.02.12	02:31:14.767		0.94597			4
2025.02.12	02:31:15.665	0.94586	0.94595			6
2025.02.12	02:31:23.244		0.94596			4
2025.02.12	02:31:30.529	0.94585				2
2025.02.12	02:31:32.700	0.94586				2
2025.02.12	02:31:39.518	0.94585	0.94594			6
2025.02.12	02:31:42.344		0.94593			4
2025.02.12	02:31:43.246		0.94594			4
2025.02.12	02:31:45.625	0.94584				2
2025.02.12	02:31:46.201		0.94593			4
2025.02.12	02:31:46.613	0.94586	0.94594			6
2025.02.12	02:31:47.558		0.94593			4
2025.02.12	02:31:53.669	0.94584				2
2025.02.12	02:32:00.100	0.94584	0.94594			6
2025.02.12	02:32:01.280	0.94586	0.94595			6
2025.02.12	02:32:01.625		0.94596			4
2025.02.12	02:32:02.775	0.94588	0.94598			6
2025.02.12	02:32:03.900		0.94599			4
2025.02.12	02:32:04.351		0.94600			4
2025.02.12	02:32:05.373		0.94598			4
2025.02.12	02:32:06.343	0.94587				2
2025.02.12	02:32:08.287		0.94597			4
2025.02.12	02:32:08.887		0.94596			4
2025.02.12	02:32:11.906	0.94588	0.94598			6
2025.02.12	02:32:15.326	0.94587	0.94597			6
2025.02.12	02:32:16.647		0.94596			4
2025.02.12	02:32:17.082		0.94597			4
2025.02.12	02:32:19.260		0.94596			4
2025.02.12	02:32:22.201	0.94586				2
2025.02.12	02:32:22.504		0.94597			4
2025.02.12	02:32:25.610	0.94585	0.94596			6
2025.02.12	02:32:27.791	0.94586	0.94597			6
2025.02.12	02:32:29.921		0.94596			4
2025.02.12	02:32:32.422		0.94597			4
2025.02.12	02:32:36.325	0.94585	0.94594			6
2025.02.12	02:32:36.943		0.94593			4
2025.02.12	02:32:39.433		0.94592			4
2025.02.12	02:32:40.003		0.94593			4
2025.02.12	02:32:45.554		0.94594			4
2025.02.12	02:32:46.087		0.94593			4
2025.02.12	02:32:49.947		0.94594			4
2025.02.12	02:32:54.247		0.94593			4
2025.02.12	02:32:54.902		0.94591			4
2025.02.12	02:32:55.717	0.94581	0.94590			6
2025.02.12	02:33:00.620	0.94581				2
2025.02.12	02:33:01.984	0.94580				2
2025.02.12	02:33:02.667	0.94581	0.94591			6
2025.02.12	02:33:03.086	0.94580	0.94590			6
2025.02.12	02:33:05.083		0.94591			4
2025.02.12	02:33:05.721	0.94579	0.94590			6
2025.02.12	02:33:06.057	0.94578	0.94588			6
2025.02.12	02:33:07.598	0.94579				2
2025.02.12	02:33:09.217		0.94589			4
2025.02.12	02:33:09.883		0.94590			4
2025.02.12	02:33:10.326		0.94589			4
2025.02.12	02:33:12.472	0.94577	0.94588			6
2025.02.12	02:33:15.030		0.94587			4
2025.02.12	02:33:16.505		0.94588			4
2025.02.12	02:33:16.868		0.94587			4
2025.02.12	02:33:18.369		0.94588			4
2025.02.12	02:33:20.441		0.94587			4
2025.02.12	02:33:23.838		0.94588			4
2025.02.12	02:33:24.361		0.94587			4
2025.02.12	02:33:25.163	0.94576				2
2025.02.12	02:33:26.287	0.94580	0.94589			6
2025.02.12	02:33:27.017	0.94583	0.94593			6
2025.02.12	02:33:28.349		0.94594			4
2025.02.12	02:33:29.162		0.94593			4
2025.02.12	02:33:29.784	0.94582	0.94594			6
2025.02.12	02:33:31.841		0.94592			4
2025.02.12	02:33:33.381	0.94583				2
2025.02.12	02:33:34.261	0.94584	0.94595			6
2025.02.12	02:33:34.568		0.94593			4
2025.02.12	02:33:36.486	0.94583	0.94592			6
2025.02.12	02:33:41.485	0.94582	0.94591			6
2025.02.12	02:33:42.031	0.94581	0.94590			6
2025.02.12	02:33:44.961	0.94580	0.94589			6
2025.02.12	02:33:50.275	0.94581	0.94592			6
2025.02.12	02:33:50.580	0.94583				2
2025.02.12	02:33:50.895	0.94584	0.94593			6
2025.02.12	02:33:51.295	0.94583				2
2025.02.12	02:33:51.604		0.94592			4
2025.02.12	02:33:52.743	0.94582	0.94591			6
2025.02.12	02:33:59.583	0.94581				2
2025.02.12	02:33:59.959	0.94582				2
2025.02.12	02:34:00.387	0.94582				2
2025.02.12	02:34:01.115	0.94583	0.94592			6
2025.02.12	02:34:01.792	0.94582	0.94590			6
2025.02.12	02:34:03.459		0.94591			4
2025.02.12	02:34:08.368	0.94581				2
2025.02.12	02:34:09.790	0.94582				2
2025.02.12	02:34:14.548		0.94592			4
2025.02.12	02:34:16.809	0.94581	0.94591			6
2025.02.12	02:34:21.070	0.94583	0.94593			6
2025.02.12	02:34:21.386	0.94584	0.94594			6
2025.02.12	02:34:22.750		0.94593			4
2025.02.12	02:34:23.103	0.94583	0.94592			6
2025.02.12	02:34:26.628	0.94584	0.94593			6
2025.02.12	02:34:30.131	0.94583	0.94592			6
2025.02.12	02:34:31.762	0.94581	0.94590			6
2025.02.12	02:34:32.701	0.94580				2
2025.02.12	02:34:33.176		0.94589			4
2025.02.12	02:34:36.345	0.94581				2
2025.02.12	02:34:40.800		0.94590			4
2025.02.12	02:34:42.937	0.94580				2
2025.02.12	02:34:49.025	0.94581	0.94589			6
2025.02.12	02:34:55.379		0.94590			4
2025.02.12	02:34:56.892	0.94583	0.94591			6
2025.02.12	02:35:00.166	0.94583				2
2025.02.12	02:35:01.125	0.94582				2
2025.02.12	02:35:01.882	0.94584	0.94592			6
2025.02.12	02:35:02.205		0.94593			4
2025.02.12	02:35:02.519	0.94585				2
2025.02.12	02:35:05.626	0.94584	0.94592			6
2025.02.12	02:35:06.023		0.94591			4
2025.02.12	02:35:07.621	0.94583				2
2025.02.12	02:35:08.180		0.94592			4
2025.02.12	02:35:08.483		0.94591			4
2025.02.12	02:35:09.446	0.94582				2
2025.02.12	02:35:15.597	0.94583	0.94592			6
2025.02.12	02:35:15.909	0.94582	0.94591			6
2025.02.12	02:35:16.479		0.94592			4
2025.02.12	02:35:16.903	0.94583				2
2025.02.12	02:35:24.423		0.94593			4
2025.02.12	02:35:25.109	0.94584	0.94592			6
2025.02.12	02:35:26.082	0.94583				2
2025.02.12	02:35:27.877		0.94591			4
2025.02.12	02:35:28.184		0.94590			4
2025.02.12	02:35:30.655	0.94582	0.94592			6
2025.02.12	02:35:30.964	0.94583				2
2025.02.12	02:35:37.279		0.94593			4
2025.02.12	02:35:38.237	0.94581	0.94590			6
2025.02.12	02:35:38.596	0.94582				2
2025.02.12	02:35:39.001	0.94581				2
2025.02.12	02:35:40.509	0.94577	0.94586			6
2025.02.12	02:35:40.822	0.94576	0.94585			6
2025.02.12	02:35:41.171	0.94574	0.94584			6
2025.02.12	02:35:41.821		0.94582			4
2025.02.12	02:35:42.123	0.94575	0.94584			6
2025.02.12	02:35:42.455	0.94572	0.94583			6
2025.02.12	02:35:43.127	0.94575	0.94587			6
2025.02.12	02:35:43.475		0.94586			4
2025.02.12	02:35:44.326		0.94585			4
2025.02.12	02:35:44.716	0.94573				2
2025.02.12	02:35:45.026		0.94584			4
2025.02.12	02:35:45.471		0.94585			4
2025.02.12	02:35:45.801		0.94583			4
2025.02.12	02:35:46.152	0.94576	0.94585			6
2025.02.12	02:35:46.586	0.94575	0.94584			6
2025.02.12	02:35:48.080	0.94574	0.94583			6
2025.02.12	02:35:50.400		0.94584			4
2025.02.12	02:35:51.084		0.94583			4
2025.02.12	02:35:56.623		0.94584			4
2025.02.12	02:35:57.478	0.94575				2
2025.02.12	02:35:58.252	0.94574	0.94583			6
2025.02.12	02:35:59.250	0.94575	0.94584			6
2025.02.12	02:36:00.014	0.94575				2
2025.02.12	02:36:10.803	0.94574	0.94583			6
2025.02.12	02:36:11.258	0.94575	0.94584			6
2025.02.12	02:36:14.916	0.94576	0.94585			6
2025.02.12	02:36:15.958	0.94574	0.94583			6
2025.02.12	02:36:20.160		0.94582			4
2025.02.12	02:36:21.267	0.94573	0.94583			6
2025.02.12	02:36:28.763		0.94581			4
2025.02.12	02:36:29.074	0.94574	0.94584			6
2025.02.12	02:36:29.660		0.94583			4
2025.02.12	02:36:32.331		0.94582			4
2025.02.12	02:36:32.888	0.94573				2
2025.02.12	02:36:34.820		0.94579			4
2025.02.12	02:36:35.127		0.94581			4
2025.02.12	02:36:35.929	0.94572	0.94580			6
2025.02.12	02:36:36.523	0.94571	0.94581			6
2025.02.12	02:36:37.316		0.94580			4
2025.02.12	02:36:38.345	0.94573				2
2025.02.12	02:36:39.090	0.94571	0.94579			6
2025.02.12	02:36:39.455	0.94570				2
2025.02.12	02:36:42.327		0.94577			4
2025.02.12	02:36:42.870	0.94569	0.94579			6
2025.02.12	02:36:45.121	0.94571				2
2025.02.12	02:36:49.020	0.94572	0.94580			6
2025.02.12	02:36:49.323	0.94571				2
2025.02.12	02:36:50.808	0.94572	0.94581			6
2025.02.12	02:36:58.343	0.94571				2
2025.02.12	02:36:58.648	0.94572				2
2025.02.12	02:37:00.272	0.94573				2
2025.02.12	02:37:06.465		0.94582			4
2025.02.12	02:37:16.835		0.94583			4
2025.02.12	02:37:19.509	0.94575				2
2025.02.12	02:37:22.619		0.94581			4
2025.02.12	02:37:23.291		0.94582			4
2025.02.12	02:37:25.701	0.94576	0.94583			6
2025.02.12	02:37:46.142		0.94582			4
2025.02.12	02:37:52.566		0.94583			4
2025.02.12	02:38:00.038	0.94574				2
2025.02.12	02:38:01.439	0.94573	0.94581			6
2025.02.12	02:38:04.800	0.94572				2
2025.02.12	02:38:12.260	0.94574	0.94583			6
2025.02.12	02:38:23.101	0.94573				2
2025.02.12	02:38:25.195	0.94574				2
2025.02.12	02:38:26.351	0.94576	0.94585			6
2025.02.12	02:38:28.411	0.94575				2
2025.02.12	02:38:32.180		0.94584			4
2025.02.12	02:38:43.725	0.94576	0.94585			6
2025.02.12	02:38:45.707	0.94574	0.94583			6
2025.02.12	02:38:49.801	0.94575				2
2025.02.12	02:38:55.245	0.94574				2
2025.02.12	02:39:01.958	0.94574				2
2025.02.12	02:39:08.483	0.94573				2
2025.02.12	02:39:12.345	0.94574	0.94582			6
2025.02.12	02:39:21.268	0.94575				2
2025.02.12	02:39:25.692	0.94574				2
2025.02.12	02:39:28.876		0.94581			4
2025.02.12	02:39:29.190	0.94572	0.94582			6
2025.02.12	02:39:29.496	0.94573				2
2025.02.12	02:39:29.800	0.94574				2
2025.02.12	02:39:33.751		0.94583			4
2025.02.12	02:39:34.121		0.94581			4
2025.02.12	02:39:34.591		0.94583			4
2025.02.12	02:39:39.283	0.94575				2
2025.02.12	02:39:41.528	0.94573				2
2025.02.12	02:39:43.066	0.94572	0.94582			6
2025.02.12	02:39:44.355	0.94571				2
2025.02.12	02:39:47.042	0.94572	0.94583			6
2025.02.12	02:39:47.374		0.94582			4
2025.02.12	02:39:49.787	0.94573				2
2025.02.12	02:39:53.522		0.94581			4
2025.02.12	02:39:59.643		0.94582			4
2025.02.12	02:40:00.479	0.94574				2
2025.02.12	02:40:01.122	0.94573				2
2025.02.12	02:40:01.705	0.94574				2
2025.02.12	02:40:02.065		0.94581			4
2025.02.12	02:40:05.678	0.94573				2
