<DATE>	<TIME>	<BID>	<ASK>	<LAST>	<VOLUME>	<FLAGS>
2025.10.14	00:03:30.898	0.92989	0.93091			6
2025.10.14	00:04:04.236	0.92989				2
2025.10.14	00:04:50.356		0.93091			4
2025.10.14	00:05:05.832	0.92989				2
2025.10.14	00:05:50.358		0.93091			4
2025.10.14	00:06:00.355	0.92989				2
2025.10.14	00:06:52.385		0.93091			4
2025.10.14	00:07:04.348	0.92989				2
2025.10.14	00:08:01.123	0.92989	0.93091			6
2025.10.14	00:09:00.441	0.92989				2
2025.10.14	00:09:02.347		0.93091			4
2025.10.14	00:10:00.324	0.92989				2
2025.10.14	00:10:01.606	0.92948	0.93132			6
2025.10.14	00:10:11.751	0.92944	0.93138			6
2025.10.14	00:11:00.050	0.92944				2
2025.10.14	00:11:04.868	0.92989	0.93091			6
2025.10.14	00:11:05.847	0.92944	0.93138			6
2025.10.14	00:11:06.528	0.92989	0.93091			6
2025.10.14	00:11:12.522	0.92944	0.93138			6
2025.10.14	00:11:13.155	0.92989	0.93091			6
2025.10.14	00:11:19.232	0.92944	0.93138			6
2025.10.14	00:11:19.883	0.92989	0.93091			6
2025.10.14	00:11:25.886	0.92944	0.93138			6
2025.10.14	00:11:26.561	0.92989	0.93091			6
2025.10.14	00:11:32.552	0.92944	0.93138			6
2025.10.14	00:11:33.183	0.92989	0.93091			6
2025.10.14	00:12:00.355	0.92989				2
2025.10.14	00:12:33.529		0.93091			4
2025.10.14	00:13:06.231	0.92989				2
2025.10.14	00:13:36.530		0.93091			4
2025.10.14	00:14:00.354	0.92989				2
2025.10.14	00:14:37.130		0.93091			4
2025.10.14	00:15:00.854	0.92989				2
2025.10.14	00:15:40.351		0.93091			4
2025.10.14	00:16:00.829	0.92989				2
2025.10.14	00:16:40.355		0.93091			4
2025.10.14	00:17:01.627	0.92989				2
2025.10.14	00:17:41.648		0.93091			4
2025.10.14	00:18:02.730	0.92989				2
2025.10.14	00:18:42.348		0.93091			4
2025.10.14	00:19:00.280	0.92989				2
2025.10.14	00:19:46.352		0.93091			4
2025.10.14	00:20:07.050	0.92989				2
2025.10.14	00:20:47.974		0.93091			4
2025.10.14	00:20:57.575	0.92971	0.93110			6
2025.10.14	00:21:00.355	0.92971				2
2025.10.14	00:22:01.430	0.92971	0.93110			6
2025.10.14	00:23:02.731	0.92971	0.93110			6
2025.10.14	00:24:01.101	0.92971				2
2025.10.14	00:24:04.353		0.93110			4
2025.10.14	00:25:00.311	0.92971				2
2025.10.14	00:25:11.125		0.93110			4
2025.10.14	00:26:02.728	0.92971				2
2025.10.14	00:26:08.663	0.92940	0.93146			6
2025.10.14	00:26:17.629	0.92939				2
2025.10.14	00:26:29.029		0.93147			4
2025.10.14	00:26:30.786	0.92941	0.93152			6
2025.10.14	00:26:35.328	0.92940				2
2025.10.14	00:26:40.893		0.93153			4
2025.10.14	00:26:44.961		0.93152			4
2025.10.14	00:26:56.930		0.93153			4
2025.10.14	00:27:00.706	0.92939				2
2025.10.14	00:27:20.329		0.93154			4
2025.10.14	00:27:26.031	0.92938				2
2025.10.14	00:28:02.730	0.92938				2
2025.10.14	00:28:05.467	0.92937	0.93148			6
2025.10.14	00:28:33.829		0.93149			4
2025.10.14	00:29:01.129	0.92937				2
2025.10.14	00:29:13.903	0.92938	0.93162			6
2025.10.14	00:29:15.004		0.93164			4
2025.10.14	00:29:16.430		0.93163			4
2025.10.14	00:29:34.197		0.93160			4
2025.10.14	00:29:43.023		0.93162			4
2025.10.14	00:29:44.446		0.93161			4
2025.10.14	00:30:00.377	0.92971	0.93110			6
2025.10.14	00:30:00.680	0.92973	0.93105			6
2025.10.14	00:30:09.354	0.92971				2
2025.10.14	00:30:11.948	0.92972	0.93096			6
2025.10.14	00:30:12.656	0.92971	0.93105			6
2025.10.14	00:30:21.360	0.92965	0.93111			6
2025.10.14	00:30:35.968	0.92963	0.93117			6
2025.10.14	00:31:00.237	0.92963				2
2025.10.14	00:31:23.932		0.93116			4
2025.10.14	00:31:29.634		0.93115			4
2025.10.14	00:31:39.970		0.93116			4
2025.10.14	00:31:41.028		0.93115			4
2025.10.14	00:31:44.629		0.93114			4
2025.10.14	00:31:50.931		0.93113			4
2025.10.14	00:31:59.631		0.93112			4
2025.10.14	00:32:03.088	0.92963	0.93111			6
2025.10.14	00:32:06.531		0.93110			4
2025.10.14	00:32:28.431		0.93109			4
2025.10.14	00:32:45.229		0.93108			4
2025.10.14	00:33:03.072	0.92963				2
2025.10.14	00:33:13.730		0.93107			4
2025.10.14	00:33:39.949		0.93108			4
2025.10.14	00:33:45.531		0.93107			4
2025.10.14	00:33:49.789		0.93106			4
2025.10.14	00:33:55.731		0.93105			4
2025.10.14	00:33:57.115		0.93104			4
2025.10.14	00:34:00.634	0.92963	0.93105			6
2025.10.14	00:34:29.031		0.93104			4
2025.10.14	00:34:45.301		0.93105			4
2025.10.14	00:34:58.431		0.93104			4
2025.10.14	00:35:00.056	0.92963				2
2025.10.14	00:35:03.713		0.93103			4
2025.10.14	00:35:05.631		0.93102			4
2025.10.14	00:35:09.229		0.93103			4
2025.10.14	00:35:18.672		0.93102			4
2025.10.14	00:35:34.810		0.93101			4
2025.10.14	00:35:37.437		0.93100			4
2025.10.14	00:35:38.171	0.92964				2
2025.10.14	00:35:39.050		0.93099			4
2025.10.14	00:35:39.376	0.92965				2
2025.10.14	00:35:40.445	0.92967	0.93092			6
2025.10.14	00:35:44.931	0.92965	0.93099			6
2025.10.14	00:35:48.538		0.93098			4
2025.10.14	00:35:49.731		0.93099			4
2025.10.14	00:35:51.530		0.93098			4
2025.10.14	00:35:52.424		0.93096			4
2025.10.14	00:35:54.831		0.93097			4
2025.10.14	00:35:58.347		0.93096			4
2025.10.14	00:36:00.185	0.92965				2
2025.10.14	00:36:07.431		0.93094			4
2025.10.14	00:36:09.232		0.93093			4
2025.10.14	00:36:20.929		0.93092			4
2025.10.14	00:36:21.992		0.93094			4
2025.10.14	00:36:23.172		0.93093			4
2025.10.14	00:36:25.132		0.93094			4
2025.10.14	00:36:26.329		0.93093			4
2025.10.14	00:36:27.829		0.93094			4
2025.10.14	00:36:31.849	0.92967				2
2025.10.14	00:36:33.830		0.93093			4
2025.10.14	00:36:37.429		0.93092			4
2025.10.14	00:36:41.629	0.92972				2
2025.10.14	00:36:42.655	0.92973	0.93091			6
2025.10.14	00:36:43.731	0.92972	0.93092			6
2025.10.14	00:36:49.436	0.92973	0.93091			6
2025.10.14	00:36:51.529	0.92976				2
2025.10.14	00:36:52.726	0.92978				2
2025.10.14	00:36:53.330		0.93090			4
2025.10.14	00:36:54.055	0.92975				2
2025.10.14	00:36:54.363	0.92977				2
2025.10.14	00:36:56.931	0.92978	0.93089			6
2025.10.14	00:37:00.257	0.92969				2
2025.10.14	00:37:00.783	0.92967				2
2025.10.14	00:37:03.603	0.92977				2
2025.10.14	00:37:06.993	0.92976	0.93090			6
2025.10.14	00:37:08.170	0.92979				2
2025.10.14	00:37:09.231	0.92980				2
2025.10.14	00:37:10.430		0.93089			4
2025.10.14	00:37:14.457		0.93090			4
2025.10.14	00:37:15.055	0.92979				2
2025.10.14	00:37:17.930	0.92980				2
2025.10.14	00:37:19.130	0.92979				2
2025.10.14	00:37:21.049	0.92980				2
2025.10.14	00:37:29.029	0.92979				2
2025.10.14	00:37:29.931	0.92980				2
2025.10.14	00:37:32.930	0.92979				2
2025.10.14	00:37:37.429	0.92978				2
2025.10.14	00:37:38.347	0.92968				2
2025.10.14	00:37:39.830	0.92969				2
2025.10.14	00:37:50.332		0.93089			4
2025.10.14	00:37:51.992		0.93090			4
2025.10.14	00:37:52.580		0.93089			4
2025.10.14	00:37:58.168	0.92983				2
2025.10.14	00:38:00.830	0.92983				2
2025.10.14	00:38:01.694	0.92980				2
2025.10.14	00:38:02.330	0.92981				2
2025.10.14	00:38:03.310		0.93088			4
2025.10.14	00:38:04.590		0.93089			4
2025.10.14	00:38:05.404	0.92980				2
2025.10.14	00:38:08.931	0.92981				2
2025.10.14	00:38:09.958	0.92980				2
2025.10.14	00:38:11.630	0.92981	0.93088			6
2025.10.14	00:38:14.330	0.92980	0.93089			6
2025.10.14	00:38:16.131	0.92981				2
2025.10.14	00:38:18.344	0.92982				2
2025.10.14	00:38:23.332		0.93088			4
2025.10.14	00:38:27.919	0.92983				2
2025.10.14	00:38:33.343	0.92982				2
2025.10.14	00:38:35.403	0.92980				2
2025.10.14	00:38:35.778	0.92974				2
2025.10.14	00:38:36.502	0.92984				2
2025.10.14	00:38:37.086	0.92985				2
2025.10.14	00:38:43.756	0.92983				2
2025.10.14	00:38:45.528	0.92984	0.93087			6
2025.10.14	00:38:48.426	0.92985				2
2025.10.14	00:38:51.734	0.92984				2
2025.10.14	00:38:52.130	0.92985				2
2025.10.14	00:38:55.760	0.92983				2
2025.10.14	00:38:57.113	0.92987				2
2025.10.14	00:38:58.337	0.92983				2
2025.10.14	00:39:00.550	0.92983				2
2025.10.14	00:39:04.428		0.93086			4
2025.10.14	00:39:08.330		0.93087			4
2025.10.14	00:39:11.329		0.93086			4
2025.10.14	00:39:13.129	0.92978				2
2025.10.14	00:39:18.172	0.92975				2
2025.10.14	00:39:19.431		0.93085			4
2025.10.14	00:39:20.763		0.93086			4
2025.10.14	00:39:22.330	0.92976				2
2025.10.14	00:39:28.597	0.92977	0.93085			6
2025.10.14	00:39:33.428	0.92974				2
2025.10.14	00:39:38.628		0.93086			4
2025.10.14	00:39:40.128		0.93085			4
2025.10.14	00:39:43.811	0.92973				2
2025.10.14	00:39:45.016	0.92974				2
2025.10.14	00:39:47.031		0.93084			4
2025.10.14	00:39:47.949		0.93085			4
2025.10.14	00:39:51.657	0.92979				2
2025.10.14	00:39:53.606	0.92978				2
2025.10.14	00:39:58.004	0.92979	0.93084			6
2025.10.14	00:39:58.729		0.93085			4
2025.10.14	00:40:01.125	0.92979				2
2025.10.14	00:40:01.431	0.92974				2
2025.10.14	00:40:08.303	0.92973				2
2025.10.14	00:40:11.931		0.93084			4
2025.10.14	00:40:18.197	0.92975				2
2025.10.14	00:40:21.531	0.92974				2
2025.10.14	00:40:23.329	0.92975				2
2025.10.14	00:40:29.630	0.92982				2
2025.10.14	00:40:36.869	0.92999	0.93107			6
2025.10.14	00:40:42.230	0.92987	0.93085			6
2025.10.14	00:40:44.677	0.92993	0.93087			6
2025.10.14	00:40:46.431	0.92994				2
2025.10.14	00:40:46.805		0.93086			4
2025.10.14	00:40:47.148	0.92991				2
2025.10.14	00:40:47.629	0.92990				2
2025.10.14	00:40:50.148	0.92989				2
2025.10.14	00:40:51.785	0.92985	0.93085			6
2025.10.14	00:40:54.948	0.92989	0.93086			6
2025.10.14	00:40:55.729	0.92988				2
2025.10.14	00:41:00.177	0.92988				2
2025.10.14	00:41:02.156	0.92967	0.93083			6
2025.10.14	00:41:23.696	0.92974				2
2025.10.14	00:41:25.020	0.92978				2
2025.10.14	00:41:38.029	0.92979				2
2025.10.14	00:41:43.836	0.92995	0.93087			6
2025.10.14	00:41:45.530	0.92996	0.93086			6
2025.10.14	00:41:47.330	0.92995	0.93087			6
2025.10.14	00:41:49.129	0.92996				2
2025.10.14	00:41:50.629		0.93086			4
2025.10.14	00:41:52.347		0.93087			4
2025.10.14	00:41:53.930		0.93086			4
2025.10.14	00:41:55.003		0.93088			4
2025.10.14	00:41:59.330		0.93087			4
2025.10.14	00:42:00.761	0.92996				2
2025.10.14	00:42:05.926	0.92995	0.93085			6
2025.10.14	00:42:15.530	0.92994				2
2025.10.14	00:42:20.029		0.93086			4
2025.10.14	00:42:30.830	0.92993				2
2025.10.14	00:42:32.347	0.92994				2
2025.10.14	00:42:41.703	0.92993				2
2025.10.14	00:42:42.231	0.92992				2
2025.10.14	00:42:46.729	0.92991				2
2025.10.14	00:42:48.229	0.92992				2
2025.10.14	00:42:52.783		0.93085			4
2025.10.14	00:43:01.430	0.92992				2
2025.10.14	00:43:21.683	0.92993				2
2025.10.14	00:43:26.631	0.92994				2
2025.10.14	00:43:31.682	0.92992				2
2025.10.14	00:43:33.230		0.93084			4
2025.10.14	00:43:35.029	0.92993				2
2025.10.14	00:43:52.131	0.92992				2
2025.10.14	00:43:55.130	0.92993				2
2025.10.14	00:43:56.330	0.92992				2
2025.10.14	00:44:00.352	0.92992				2
2025.10.14	00:44:04.730	0.92993	0.93083			6
2025.10.14	00:44:07.730		0.93084			4
2025.10.14	00:44:10.428		0.93083			4
2025.10.14	00:44:13.693	0.92992				2
2025.10.14	00:44:16.428	0.92991	0.93084			6
2025.10.14	00:44:18.230	0.92992	0.93083			6
2025.10.14	00:44:22.203	0.92995				2
2025.10.14	00:44:38.031	0.92996				2
2025.10.14	00:44:41.629	0.92995				2
2025.10.14	00:44:47.028	0.92996				2
2025.10.14	00:44:55.466	0.92994				2
2025.10.14	00:44:56.030		0.93082			4
2025.10.14	00:44:58.912	0.92993	0.93083			6
2025.10.14	00:45:00.230	0.92994				2
2025.10.14	00:45:03.166	0.92982	0.93101			6
2025.10.14	00:45:06.337	0.92996	0.93082			6
2025.10.14	00:45:10.652	0.93014	0.93064			6
2025.10.14	00:45:19.862	0.93011				2
2025.10.14	00:45:21.685	0.93013				2
2025.10.14	00:45:24.130	0.93012	0.93065			6
2025.10.14	00:45:24.473	0.93019	0.93069			6
2025.10.14	00:45:24.778		0.93068			4
2025.10.14	00:45:26.931	0.93018				2
2025.10.14	00:45:28.130	0.93019				2
2025.10.14	00:45:31.657		0.93066			4
2025.10.14	00:45:44.331		0.93065			4
2025.10.14	00:45:51.728		0.93072			4
2025.10.14	00:45:58.937		0.93075			4
2025.10.14	00:46:02.630	0.93020	0.93074			6
2025.10.14	00:46:17.194	0.93015	0.93065			6
2025.10.14	00:46:18.528	0.93014				2
2025.10.14	00:46:22.130	0.93013				2
2025.10.14	00:46:26.543	0.93011				2
2025.10.14	00:46:32.330	0.93012				2
2025.10.14	00:46:40.730		0.93064			4
2025.10.14	00:46:47.493	0.93013				2
2025.10.14	00:46:48.172	0.93018				2
2025.10.14	00:46:51.798	0.93017	0.93065			6
2025.10.14	00:46:59.382	0.93012	0.93062			6
2025.10.14	00:47:00.530	0.93012	0.93063			6
2025.10.14	00:47:03.173	0.93000	0.93083			6
2025.10.14	00:47:06.403	0.93013	0.93063			6
2025.10.14	00:47:14.458	0.93012				2
2025.10.14	00:47:14.837	0.93013				2
2025.10.14	00:47:17.930	0.93014				2
2025.10.14	00:47:21.530	0.93013				2
2025.10.14	00:47:23.687	0.93015				2
2025.10.14	00:47:26.349	0.93014				2
2025.10.14	00:47:28.268	0.93011				2
2025.10.14	00:47:29.827	0.93013	0.93062			6
2025.10.14	00:47:31.131		0.93063			4
2025.10.14	00:47:31.613	0.93017				2
2025.10.14	00:47:33.415	0.93014				2
2025.10.14	00:47:36.832	0.93013				2
2025.10.14	00:47:39.529	0.93014				2
2025.10.14	00:47:41.681	0.93015				2
2025.10.14	00:47:48.176	0.93016				2
2025.10.14	00:47:51.688	0.93014				2
2025.10.14	00:47:57.942	0.93017	0.93062			6
2025.10.14	00:47:58.381	0.93016	0.93061			6
2025.10.14	00:48:03.830	0.93016				2
2025.10.14	00:48:12.943		0.93062			4
2025.10.14	00:48:15.237	0.93017				2
2025.10.14	00:48:21.682	0.93018				2
2025.10.14	00:48:23.330		0.93061			4
2025.10.14	00:48:31.431	0.93017				2
2025.10.14	00:48:33.743	0.93019	0.93062			6
2025.10.14	00:48:48.231		0.93061			4
2025.10.14	00:48:53.930		0.93062			4
2025.10.14	00:48:59.629	0.93020	0.93061			6
2025.10.14	00:49:00.261	0.93020				2
2025.10.14	00:49:02.213	0.93016				2
2025.10.14	00:49:05.629	0.93015	0.93062			6
2025.10.14	00:49:17.930	0.93016				2
2025.10.14	00:49:19.730		0.93061			4
2025.10.14	00:49:25.415		0.93062			4
2025.10.14	00:49:28.302	0.93015	0.93061			6
2025.10.14	00:49:29.331	0.93016				2
2025.10.14	00:49:41.631	0.93018				2
2025.10.14	00:49:43.731		0.93060			4
2025.10.14	00:49:51.653	0.93016				2
2025.10.14	00:49:57.953		0.93061			4
2025.10.14	00:50:00.830	0.93016	0.93060			6
2025.10.14	00:50:16.428	0.93015	0.93061			6
2025.10.14	00:50:17.443	0.93016	0.93060			6
2025.10.14	00:50:19.430	0.93015	0.93061			6
2025.10.14	00:50:23.031	0.93016				2
2025.10.14	00:50:27.947	0.93017	0.93060			6
2025.10.14	00:50:31.656	0.93018				2
2025.10.14	00:50:41.656	0.93016				2
2025.10.14	00:50:59.388	0.93014				2
2025.10.14	00:51:00.359	0.93014				2
2025.10.14	00:51:01.130	0.93015				2
2025.10.14	00:51:01.678	0.93016				2
2025.10.14	00:51:03.530	0.93017				2
2025.10.14	00:51:04.730	0.93016	0.93061			6
2025.10.14	00:51:11.676	0.93015				2
2025.10.14	00:51:12.948	0.93017	0.93060			6
2025.10.14	00:51:20.930		0.93059			4
2025.10.14	00:51:21.661	0.93018				2
2025.10.14	00:51:26.838	0.93017	0.93060			6
2025.10.14	00:51:41.658	0.93018				2
2025.10.14	00:51:50.330	0.93017				2
2025.10.14	00:51:50.883	0.93015				2
2025.10.14	00:51:51.664	0.93013				2
2025.10.14	00:51:57.948	0.93014				2
2025.10.14	00:51:59.329	0.93013				2
2025.10.14	00:52:00.355	0.93013				2
2025.10.14	00:52:01.131	0.93014				2
2025.10.14	00:52:01.684	0.93015				2
2025.10.14	00:52:02.930	0.93014	0.93061			6
2025.10.14	00:52:11.691	0.93017	0.93060			6
2025.10.14	00:52:12.319	0.93019	0.93059			6
2025.10.14	00:52:13.730	0.93018				2
2025.10.14	00:52:14.457	0.93017	0.93060			6
2025.10.14	00:52:16.065	0.93014				2
2025.10.14	00:52:19.071	0.93017	0.93061			6
2025.10.14	00:52:19.697	0.93014				2
2025.10.14	00:52:20.072	0.93011				2
2025.10.14	00:52:21.529	0.93014	0.93060			6
2025.10.14	00:52:22.110	0.93019				2
2025.10.14	00:53:00.059	0.93019				2
2025.10.14	00:53:19.730	0.93020	0.93059			6
2025.10.14	00:53:28.697	0.93017	0.93060			6
2025.10.14	00:53:29.881		0.93059			4
2025.10.14	00:53:31.027	0.93019				2
2025.10.14	00:53:32.111	0.93018	0.93060			6
2025.10.14	00:53:52.960	0.93021				2
2025.10.14	00:53:55.703		0.93062			4
2025.10.14	00:53:56.269		0.93060			4
2025.10.14	00:53:58.457		0.93062			4
2025.10.14	00:54:00.530	0.93021				2
2025.10.14	00:54:14.635		0.93060			4
2025.10.14	00:54:18.172		0.93062			4
2025.10.14	00:54:24.356		0.93061			4
2025.10.14	00:54:30.763		0.93062			4
2025.10.14	00:54:42.348	0.93022				2
2025.10.14	00:54:43.390	0.93020	0.93060			6
2025.10.14	00:55:04.456	0.93020				2
2025.10.14	00:55:08.168	0.93018				2
2025.10.14	00:55:09.686	0.93020				2
2025.10.14	00:55:31.685	0.93022				2
2025.10.14	00:55:41.656	0.93020				2
2025.10.14	00:55:43.430		0.93060			4
2025.10.14	00:56:03.231	0.93020				2
2025.10.14	00:56:09.416	0.93018				2
2025.10.14	00:56:11.480	0.93020				2
2025.10.14	00:56:22.723	0.92988	0.93088			6
2025.10.14	00:56:27.309	0.92992				2
2025.10.14	00:56:45.830	0.92993				2
2025.10.14	00:56:47.931	0.92994				2
2025.10.14	00:56:49.592		0.93087			4
2025.10.14	00:56:52.130	0.92995				2
2025.10.14	00:56:53.115	0.92996	0.93088			6
2025.10.14	00:56:57.230	0.92998				2
2025.10.14	00:57:00.198	0.92999				2
2025.10.14	00:57:02.253	0.93000				2
2025.10.14	00:57:04.255	0.93001				2
2025.10.14	00:57:06.144		0.93098			4
2025.10.14	00:57:11.930	0.93002				2
2025.10.14	00:57:14.030	0.93003				2
2025.10.14	00:57:15.764	0.93004	0.93088			6
2025.10.14	00:57:35.787	0.93003	0.93098			6
2025.10.14	00:57:45.765		0.93088			4
2025.10.14	00:57:46.428	0.93002				2
2025.10.14	00:57:49.411	0.93003				2
2025.10.14	00:57:54.230	0.93002				2
2025.10.14	00:57:57.228	0.93003				2
2025.10.14	00:57:59.631	0.93011				2
2025.10.14	00:58:00.246	0.93011				2
2025.10.14	00:58:02.369	0.93005	0.93067			6
2025.10.14	00:58:04.144	0.93007	0.93044			6
2025.10.14	00:58:04.480	0.93006	0.93037			6
2025.10.14	00:58:06.303		0.93033			4
2025.10.14	00:58:14.083		0.93032			4
2025.10.14	00:58:14.502	0.93008	0.93086			6
2025.10.14	00:58:18.169	0.93003	0.93038			6
2025.10.14	00:58:18.676	0.93006				2
2025.10.14	00:58:19.146	0.93004	0.93034			6
2025.10.14	00:58:20.451	0.93005	0.93036			6
2025.10.14	00:58:24.530	0.93004				2
2025.10.14	00:58:36.346	0.93007	0.93086			6
2025.10.14	00:58:36.677	0.93008				2
2025.10.14	00:58:38.167	0.93004	0.93047			6
2025.10.14	00:58:38.543		0.93044			4
2025.10.14	00:58:40.217	0.93007	0.93078			6
2025.10.14	00:58:50.351	0.93008				2
2025.10.14	00:59:02.293	0.93008				2
2025.10.14	00:59:05.640		0.93082			4
2025.10.14	00:59:25.904		0.93088			4
2025.10.14	00:59:26.331	0.93007				2
2025.10.14	01:00:00.304	0.93010	0.93082			6
2025.10.14	01:00:00.608	0.93011				2
2025.10.14	01:00:00.926	0.93012				2
2025.10.14	01:00:01.340	0.93011	0.93073			6
2025.10.14	01:00:01.713	0.93012	0.93075			6
2025.10.14	01:00:02.324	0.93000	0.93073			6
2025.10.14	01:00:02.701	0.92997				2
2025.10.14	01:00:03.013	0.93018	0.93064			6
2025.10.14	01:00:03.385	0.93004	0.93080			6
2025.10.14	01:00:04.665		0.93078			4
2025.10.14	01:00:04.971	0.93003	0.93077			6
2025.10.14	01:00:05.316	0.93004	0.93078			6
2025.10.14	01:00:06.919	0.93018	0.93062			6
2025.10.14	01:00:08.774	0.93016				2
2025.10.14	01:00:14.030	0.93019				2
2025.10.14	01:00:17.393	0.93022				2
2025.10.14	01:00:18.817	0.93020				2
2025.10.14	01:00:19.119	0.93022	0.93060			6
2025.10.14	01:00:21.291	0.93020				2
2025.10.14	01:00:21.875	0.93018				2
2025.10.14	01:00:26.175	0.93008				2
2025.10.14	01:00:26.478	0.93018				2
2025.10.14	01:00:28.015		0.93062			4
2025.10.14	01:00:30.754		0.93060			4
2025.10.14	01:00:31.081	0.93016	0.93056			6
2025.10.14	01:00:31.410		0.93060			4
2025.10.14	01:00:32.357	0.93015				2
2025.10.14	01:00:33.188		0.93059			4
2025.10.14	01:00:35.031	0.93012	0.93053			6
2025.10.14	01:00:37.229	0.93013	0.93052			6
2025.10.14	01:00:37.657	0.93011	0.93050			6
2025.10.14	01:00:38.355		0.93052			4
2025.10.14	01:00:41.941		0.93042			4
2025.10.14	01:00:42.422	0.93007				2
2025.10.14	01:00:50.331	0.93010				2
2025.10.14	01:00:56.559	0.93013				2
2025.10.14	01:00:56.943		0.93048			4
2025.10.14	01:00:57.536	0.93014				2
2025.10.14	01:00:58.348	0.93013				2
2025.10.14	01:01:00.309	0.93011	0.93053			6
2025.10.14	01:01:03.009		0.93054			4
2025.10.14	01:01:03.358	0.93015				2
2025.10.14	01:01:11.627	0.93014				2
2025.10.14	01:01:13.053		0.93049			4
2025.10.14	01:01:14.073	0.93013				2
2025.10.14	01:01:15.370		0.93047			4
2025.10.14	01:01:17.442		0.93052			4
2025.10.14	01:01:18.555	0.93016	0.93048			6
2025.10.14	01:01:21.531	0.93018				2
2025.10.14	01:01:28.152		0.93053			4
2025.10.14	01:01:31.136	0.93028	0.93058			6
2025.10.14	01:01:32.431	0.93024				2
2025.10.14	01:01:32.832	0.93027	0.93059			6
2025.10.14	01:01:35.931		0.93058			4
2025.10.14	01:01:37.213	0.93025	0.93059			6
2025.10.14	01:01:37.546	0.93024				2
2025.10.14	01:01:45.405	0.93023	0.93056			6
2025.10.14	01:01:45.713		0.93055			4
2025.10.14	01:01:46.028	0.93019	0.93052			6
2025.10.14	01:01:53.718	0.93018	0.93051			6
2025.10.14	01:01:54.130		0.93052			4
2025.10.14	01:01:55.382		0.93051			4
2025.10.14	01:01:56.476		0.93048			4
2025.10.14	01:01:59.675	0.93019	0.93047			6
2025.10.14	01:02:00.356	0.93018				2
2025.10.14	01:02:01.809	0.93019	0.93041			6
2025.10.14	01:02:02.495	0.93018				2
2025.10.14	01:02:03.021	0.93017	0.93048			6
2025.10.14	01:02:03.351	0.93018	0.93046			6
2025.10.14	01:02:03.672	0.93017				2
2025.10.14	01:02:04.039	0.93018				2
2025.10.14	01:02:04.539	0.93017				2
2025.10.14	01:02:05.515	0.93018				2
2025.10.14	01:02:05.959	0.93014	0.93045			6
2025.10.14	01:02:08.160		0.93043			4
2025.10.14	01:02:08.878		0.93042			4
2025.10.14	01:02:11.543	0.93016	0.93039			6
2025.10.14	01:02:11.946		0.93035			4
2025.10.14	01:02:12.298	0.93015	0.93034			6
2025.10.14	01:02:15.530		0.93032			4
2025.10.14	01:02:19.861		0.93031			4
2025.10.14	01:02:21.067	0.93014	0.93042			6
2025.10.14	01:02:21.406	0.93016	0.93041			6
2025.10.14	01:02:23.293		0.93042			4
2025.10.14	01:02:24.365	0.93015	0.93046			6
2025.10.14	01:02:25.497		0.93047			4
2025.10.14	01:02:29.190	0.93014				2
2025.10.14	01:02:29.882		0.93046			4
2025.10.14	01:02:38.030	0.93016	0.93044			6
2025.10.14	01:02:38.362	0.93018	0.93043			6
2025.10.14	01:02:39.497	0.93017	0.93046			6
2025.10.14	01:03:00.462	0.93017	0.93048			6
2025.10.14	01:03:03.468		0.93047			4
2025.10.14	01:03:08.333		0.93050			4
2025.10.14	01:03:08.930		0.93049			4
2025.10.14	01:03:11.030		0.93050			4
2025.10.14	01:03:12.231		0.93049			4
2025.10.14	01:03:20.285		0.93048			4
2025.10.14	01:03:20.655		0.93047			4
2025.10.14	01:03:21.375		0.93046			4
2025.10.14	01:03:22.270		0.93045			4
2025.10.14	01:03:23.357		0.93046			4
2025.10.14	01:03:32.066	0.93016				2
2025.10.14	01:03:33.514	0.93017	0.93042			6
2025.10.14	01:03:35.987		0.93043			4
2025.10.14	01:03:37.268	0.93018	0.93041			6
2025.10.14	01:03:37.582	0.93017	0.93049			6
2025.10.14	01:03:47.330	0.93016	0.93047			6
2025.10.14	01:03:49.315		0.93045			4
2025.10.14	01:03:50.329	0.93015	0.93050			6
2025.10.14	01:03:51.965		0.93046			4
2025.10.14	01:03:54.602		0.93047			4
2025.10.14	01:03:54.917		0.93049			4
2025.10.14	01:03:56.583		0.93047			4
2025.10.14	01:04:00.355	0.93015				2
2025.10.14	01:04:07.730	0.93018	0.93049			6
2025.10.14	01:04:11.325	0.93016	0.93050			6
2025.10.14	01:04:11.630	0.93017	0.93049			6
2025.10.14	01:04:14.124	0.93018				2
2025.10.14	01:04:21.986		0.93047			4
2025.10.14	01:04:22.305		0.93052			4
2025.10.14	01:04:22.774		0.93050			4
2025.10.14	01:04:28.168		0.93048			4
2025.10.14	01:04:29.287		0.93047			4
2025.10.14	01:04:31.983		0.93051			4
2025.10.14	01:04:33.008		0.93052			4
2025.10.14	01:04:34.000		0.93046			4
2025.10.14	01:04:35.003		0.93045			4
2025.10.14	01:04:36.021		0.93044			4
2025.10.14	01:04:36.475		0.93043			4
2025.10.14	01:04:36.778		0.93041			4
2025.10.14	01:04:37.301	0.93017	0.93040			6
2025.10.14	01:04:37.629	0.93018	0.93039			6
2025.10.14	01:04:38.401	0.93028	0.93049			6
2025.10.14	01:04:38.806	0.93027				2
2025.10.14	01:04:53.428		0.93051			4
2025.10.14	01:04:55.516	0.93028	0.93053			6
2025.10.14	01:05:00.428	0.93028				2
2025.10.14	01:05:04.515	0.93024				2
2025.10.14	01:05:04.818	0.93021				2
2025.10.14	01:05:05.692	0.93020				2
2025.10.14	01:05:06.071		0.93052			4
2025.10.14	01:05:10.148	0.93018	0.93048			6
2025.10.14	01:05:10.523	0.93020				2
2025.10.14	01:05:10.975	0.93023	0.93046			6
2025.10.14	01:05:12.354	0.93017	0.93043			6
2025.10.14	01:05:12.672	0.93015				2
2025.10.14	01:05:13.492	0.93014	0.93042			6
2025.10.14	01:05:14.659	0.93015	0.93040			6
2025.10.14	01:05:16.357	0.93014	0.93042			6
2025.10.14	01:05:17.514		0.93040			4
2025.10.14	01:05:17.828	0.93015	0.93039			6
2025.10.14	01:05:19.510	0.93016				2
2025.10.14	01:05:20.356	0.93014	0.93043			6
2025.10.14	01:05:22.519	0.93015	0.93040			6
2025.10.14	01:05:22.834	0.93014				2
2025.10.14	01:05:25.361	0.93012	0.93041			6
2025.10.14	01:05:26.029		0.93042			4
2025.10.14	01:05:27.336	0.93014	0.93041			6
2025.10.14	01:05:35.561	0.93013	0.93043			6
2025.10.14	01:05:37.524		0.93040			4
2025.10.14	01:05:37.835		0.93038			4
2025.10.14	01:05:38.201	0.93015	0.93036			6
2025.10.14	01:05:39.530	0.93017				2
2025.10.14	01:05:42.577	0.93016	0.93044			6
2025.10.14	01:05:43.307	0.93015				2
2025.10.14	01:05:44.330	0.93016	0.93036			6
2025.10.14	01:05:44.946	0.93015	0.93045			6
2025.10.14	01:05:46.960		0.93043			4
2025.10.14	01:05:47.502	0.93016	0.93041			6
2025.10.14	01:05:47.931		0.93038			4
2025.10.14	01:05:49.912		0.93036			4
2025.10.14	01:05:50.415	0.93017				2
2025.10.14	01:05:52.452	0.93012	0.93040			6
2025.10.14	01:05:52.760	0.93013	0.93044			6
2025.10.14	01:05:53.801	0.93012				2
2025.10.14	01:05:58.171	0.93013	0.93039			6
2025.10.14	01:05:58.600	0.93014	0.93037			6
2025.10.14	01:05:59.239		0.93038			4
2025.10.14	01:05:59.542		0.93036			4
2025.10.14	01:06:00.355	0.93014				2
2025.10.14	01:06:01.424	0.93007				2
2025.10.14	01:06:04.020	0.93011	0.93042			6
2025.10.14	01:06:05.753	0.93015	0.93044			6
2025.10.14	01:06:06.191	0.93014				2
2025.10.14	01:06:06.509	0.93015	0.93037			6
2025.10.14	01:06:07.373	0.93016	0.93036			6
2025.10.14	01:06:09.146	0.93014	0.93044			6
2025.10.14	01:06:10.510	0.93015	0.93043			6
2025.10.14	01:06:10.816		0.93039			4
2025.10.14	01:06:11.365		0.93038			4
2025.10.14	01:06:11.683	0.93016	0.93036			6
2025.10.14	01:06:18.351		0.93037			4
2025.10.14	01:06:18.657	0.93015				2
2025.10.14	01:06:19.612	0.93014	0.93043			6
2025.10.14	01:06:21.401	0.93015	0.93036			6
2025.10.14	01:06:22.300	0.93017				2
2025.10.14	01:06:23.511	0.93016				2
2025.10.14	01:06:30.871		0.93042			4
2025.10.14	01:06:31.903	0.93015	0.93043			6
2025.10.14	01:06:34.131	0.93014				2
2025.10.14	01:06:36.344	0.93015	0.93040			6
2025.10.14	01:06:36.658		0.93039			4
2025.10.14	01:06:37.298		0.93044			4
2025.10.14	01:06:39.773		0.93043			4
2025.10.14	01:06:40.587	0.93017				2
2025.10.14	01:06:40.898	0.93015				2
2025.10.14	01:06:42.093	0.93017				2
2025.10.14	01:06:42.866		0.93044			4
2025.10.14	01:06:43.182	0.93019	0.93045			6
2025.10.14	01:06:44.451	0.93018	0.93043			6
2025.10.14	01:06:44.764	0.93017	0.93042			6
2025.10.14	01:06:45.088		0.93040			4
2025.10.14	01:06:45.411	0.93016	0.93039			6
2025.10.14	01:06:46.042	0.93017				2
2025.10.14	01:06:51.657	0.93016	0.93041			6
2025.10.14	01:06:51.979	0.93018	0.93044			6
2025.10.14	01:06:53.800	0.93017				2
2025.10.14	01:06:56.639	0.93016				2
2025.10.14	01:06:57.230		0.93045			4
2025.10.14	01:06:58.171		0.93041			4
2025.10.14	01:06:58.497		0.93040			4
2025.10.14	01:06:58.935	0.93015				2
2025.10.14	01:06:59.241		0.93039			4
2025.10.14	01:06:59.551	0.93016				2
2025.10.14	01:07:00.190	0.93018	0.93043			6
2025.10.14	01:07:01.051		0.93042			4
2025.10.14	01:07:02.930		0.93043			4
2025.10.14	01:07:03.517	0.93015	0.93042			6
2025.10.14	01:07:04.525	0.93016				2
2025.10.14	01:07:10.173		0.93038			4
2025.10.14	01:07:10.515		0.93041			4
2025.10.14	01:07:11.471		0.93042			4
2025.10.14	01:07:17.529	0.93015				2
2025.10.14	01:07:18.128	0.93014	0.93043			6
2025.10.14	01:07:21.515	0.93015	0.93040			6
2025.10.14	01:07:22.514	0.93014	0.93043			6
2025.10.14	01:07:23.458	0.93015				2
2025.10.14	01:07:26.329	0.93014				2
2025.10.14	01:07:29.883	0.93015	0.93042			6
2025.10.14	01:07:30.265		0.93043			4
2025.10.14	01:07:36.390		0.93041			4
2025.10.14	01:07:37.036	0.93014	0.93043			6
2025.10.14	01:07:39.527	0.93015	0.93041			6
2025.10.14	01:07:40.514	0.93014	0.93043			6
2025.10.14	01:07:46.944	0.93015	0.93041			6
2025.10.14	01:07:47.252		0.93039			4
2025.10.14	01:07:48.126	0.93014	0.93043			6
2025.10.14	01:07:49.129	0.93020	0.93049			6
2025.10.14	01:07:49.448	0.93021				2
2025.10.14	01:07:50.357	0.93020				2
2025.10.14	01:07:51.111	0.93014	0.93043			6
2025.10.14	01:07:58.172	0.93015	0.93039			6
2025.10.14	01:08:00.350	0.93015				2
2025.10.14	01:08:02.331	0.93014	0.93041			6
2025.10.14	01:08:03.230		0.93042			4
2025.10.14	01:08:19.446		0.93041			4
2025.10.14	01:08:24.647	0.93013	0.93040			6
2025.10.14	01:08:24.957		0.93041			4
2025.10.14	01:08:26.630	0.93014	0.93039			6
2025.10.14	01:08:27.516	0.93013	0.93041			6
2025.10.14	01:08:32.353	0.93015				2
2025.10.14	01:08:32.697	0.93014				2
2025.10.14	01:08:35.771	0.93013				2
2025.10.14	01:08:36.285	0.93014	0.93039			6
2025.10.14	01:08:38.157		0.93038			4
2025.10.14	01:08:39.589		0.93037			4
2025.10.14	01:08:41.330		0.93038			4
2025.10.14	01:08:42.987		0.93037			4
2025.10.14	01:08:44.722		0.93036			4
2025.10.14	01:08:46.715		0.93041			4
2025.10.14	01:08:54.523	0.93013				2
2025.10.14	01:09:00.356	0.93013				2
2025.10.14	01:09:01.561	0.93014				2
2025.10.14	01:09:07.549		0.93040			4
2025.10.14	01:09:08.852		0.93042			4
2025.10.14	01:09:09.162	0.93016	0.93041			6
2025.10.14	01:09:18.166		0.93039			4
2025.10.14	01:09:19.377		0.93038			4
2025.10.14	01:09:23.229		0.93041			4
2025.10.14	01:09:26.631		0.93040			4
2025.10.14	01:09:28.828		0.93039			4
2025.10.14	01:09:29.138	0.93018				2
2025.10.14	01:09:29.854	0.93016				2
2025.10.14	01:09:30.541		0.93040			4
2025.10.14	01:09:37.520		0.93041			4
2025.10.14	01:09:37.935	0.93015	0.93040			6
2025.10.14	01:09:38.526		0.93039			4
2025.10.14	01:09:38.830		0.93038			4
2025.10.14	01:09:39.770	0.93016				2
2025.10.14	01:09:40.429		0.93037			4
2025.10.14	01:09:41.880	0.93018	0.93041			6
2025.10.14	01:09:42.810	0.93017				2
2025.10.14	01:09:45.296	0.93016				2
2025.10.14	01:09:48.171	0.93015	0.93040			6
2025.10.14	01:09:48.483		0.93039			4
2025.10.14	01:09:50.186		0.93041			4
2025.10.14	01:09:58.168	0.93016	0.93040			6
2025.10.14	01:09:59.246		0.93039			4
2025.10.14	01:10:00.250	0.93016	0.93042			6
2025.10.14	01:10:05.330	0.93017	0.93041			6
2025.10.14	01:10:05.929	0.93018	0.93040			6
2025.10.14	01:10:06.460	0.93017	0.93039			6
2025.10.14	01:10:07.015	0.93019				2
2025.10.14	01:10:10.356	0.93017	0.93038			6
2025.10.14	01:10:13.523	0.93018				2
2025.10.14	01:10:14.268	0.93017				2
2025.10.14	01:10:25.601	0.93018	0.93036			6
2025.10.14	01:10:27.040	0.93016				2
2025.10.14	01:10:27.522	0.93018				2
2025.10.14	01:10:31.363	0.93019	0.93041			6
2025.10.14	01:10:34.143		0.93042			4
2025.10.14	01:10:35.630		0.93043			4
2025.10.14	01:10:36.380	0.93018	0.93042			6
2025.10.14	01:10:41.619	0.93020	0.93043			6
2025.10.14	01:10:51.445	0.93018	0.93040			6
2025.10.14	01:10:51.910	0.93019	0.93042			6
2025.10.14	01:10:55.438	0.93018				2
2025.10.14	01:10:58.172		0.93039			4
2025.10.14	01:10:58.530		0.93041			4
2025.10.14	01:11:00.525	0.93018				2
2025.10.14	01:11:01.131		0.93042			4
2025.10.14	01:11:01.555	0.93020	0.93044			6
2025.10.14	01:11:03.379	0.93019				2
2025.10.14	01:11:03.802	0.93017	0.93043			6
2025.10.14	01:11:05.931		0.93044			4
2025.10.14	01:11:08.490	0.93019				2
2025.10.14	01:11:09.528	0.93018	0.93042			6
2025.10.14	01:11:09.944	0.93019	0.93041			6
2025.10.14	01:11:10.570	0.93018				2
2025.10.14	01:11:12.529		0.93040			4
2025.10.14	01:11:16.371	0.93022	0.93044			6
2025.10.14	01:11:17.146	0.93024	0.93045			6
2025.10.14	01:11:17.482	0.93026	0.93046			6
2025.10.14	01:11:17.812	0.93022	0.93045			6
2025.10.14	01:11:18.172		0.93043			4
2025.10.14	01:11:28.736		0.93045			4
2025.10.14	01:11:31.844	0.93020	0.93043			6
2025.10.14	01:11:32.630	0.93024	0.93048			6
2025.10.14	01:11:33.820	0.93025	0.93047			6
2025.10.14	01:11:35.447	0.93022	0.93046			6
2025.10.14	01:11:50.776		0.93045			4
2025.10.14	01:11:51.569	0.93023				2
2025.10.14	01:11:52.674	0.93024	0.93046			6
2025.10.14	01:12:00.230	0.93024				2
2025.10.14	01:12:04.155		0.93044			4
2025.10.14	01:12:10.352		0.93045			4
2025.10.14	01:12:11.629		0.93044			4
2025.10.14	01:12:13.131	0.93025				2
2025.10.14	01:12:15.771		0.93043			4
2025.10.14	01:12:20.330	0.93023				2
2025.10.14	01:12:26.629	0.93022	0.93044			6
2025.10.14	01:12:28.703	0.93023	0.93043			6
2025.10.14	01:12:35.329	0.93024	0.93044			6
2025.10.14	01:12:35.640	0.93026				2
2025.10.14	01:12:38.613	0.93025	0.93045			6
2025.10.14	01:12:41.031	0.93026				2
2025.10.14	01:12:49.655	0.93023				2
2025.10.14	01:12:51.229	0.93025				2
2025.10.14	01:12:56.030	0.93026	0.93044			6
2025.10.14	01:12:58.182	0.93025				2
2025.10.14	01:13:00.230	0.93025				2
2025.10.14	01:13:04.429	0.93024				2
2025.10.14	01:13:12.352		0.93043			4
2025.10.14	01:13:19.468		0.93044			4
2025.10.14	01:13:21.830	0.93025	0.93043			6
2025.10.14	01:13:25.537	0.93027	0.93045			6
2025.10.14	01:13:37.256	0.93026	0.93044			6
2025.10.14	01:13:39.502	0.93027				2
2025.10.14	01:13:43.387	0.93026				2
2025.10.14	01:13:47.291	0.93027				2
2025.10.14	01:13:49.730	0.93026				2
2025.10.14	01:13:50.932	0.93027				2
2025.10.14	01:13:51.546		0.93043			4
2025.10.14	01:13:52.111	0.93026				2
2025.10.14	01:13:53.936	0.93027				2
2025.10.14	01:13:58.167	0.93025	0.93044			6
2025.10.14	01:13:59.486	0.93024				2
2025.10.14	01:14:00.185	0.93026				2
2025.10.14	01:14:01.903	0.93027				2
2025.10.14	01:14:04.404	0.93026	0.93043			6
2025.10.14	01:14:06.770		0.93045			4
2025.10.14	01:14:07.894	0.93027	0.93044			6
2025.10.14	01:14:08.871	0.93028				2
2025.10.14	01:14:09.205	0.93027				2
2025.10.14	01:14:12.659	0.93029				2
2025.10.14	01:14:13.462	0.93026	0.93042			6
2025.10.14	01:14:21.957	0.93028	0.93044			6
2025.10.14	01:14:29.126	0.93029	0.93045			6
2025.10.14	01:14:29.551		0.93044			4
2025.10.14	01:14:33.570	0.93030	0.93046			6
2025.10.14	01:14:35.379	0.93031				2
2025.10.14	01:14:35.945	0.93032	0.93049			6
2025.10.14	01:14:52.483	0.93028	0.93043			6
2025.10.14	01:15:00.443	0.93028				2
2025.10.14	01:15:00.795		0.93044			4
2025.10.14	01:15:01.118		0.93043			4
2025.10.14	01:15:01.605	0.93029				2
2025.10.14	01:15:03.833	0.93028				2
2025.10.14	01:15:04.918		0.93044			4
2025.10.14	01:15:06.003	0.93029	0.93043			6
2025.10.14	01:15:08.032	0.93028				2
2025.10.14	01:15:09.902	0.93029				2
2025.10.14	01:15:13.218	0.93028				2
2025.10.14	01:15:14.194	0.93029				2
2025.10.14	01:15:18.568	0.93028				2
2025.10.14	01:15:19.968	0.93030	0.93044			6
2025.10.14	01:15:20.629		0.93045			4
2025.10.14	01:15:21.025	0.93029	0.93046			6
2025.10.14	01:15:21.682		0.93045			4
2025.10.14	01:15:22.430		0.93046			4
2025.10.14	01:15:28.049		0.93045			4
2025.10.14	01:15:29.396		0.93046			4
2025.10.14	01:15:38.165	0.93030	0.93045			6
2025.10.14	01:15:39.230	0.93034	0.93049			6
2025.10.14	01:15:39.539		0.93050			4
2025.10.14	01:15:40.347	0.93033	0.93049			6
2025.10.14	01:15:41.440	0.93035				2
2025.10.14	01:15:41.748	0.93037	0.93051			6
2025.10.14	01:15:42.050	0.93036				2
2025.10.14	01:15:42.608	0.93037				2
2025.10.14	01:15:42.988	0.93035	0.93052			6
2025.10.14	01:15:43.369	0.93036				2
2025.10.14	01:15:43.769	0.93037				2
2025.10.14	01:15:44.205	0.93036	0.93051			6
2025.10.14	01:15:44.802		0.93052			4
2025.10.14	01:15:46.232		0.93051			4
2025.10.14	01:15:46.688	0.93037				2
2025.10.14	01:15:47.024		0.93052			4
2025.10.14	01:15:47.337		0.93053			4
2025.10.14	01:15:47.910	0.93036				2
2025.10.14	01:15:48.380	0.93038	0.93056			6
2025.10.14	01:15:48.684	0.93039	0.93054			6
2025.10.14	01:15:52.132		0.93053			4
2025.10.14	01:15:52.635		0.93054			4
2025.10.14	01:15:53.230		0.93055			4
2025.10.14	01:15:58.143	0.93038	0.93053			6
2025.10.14	01:15:58.470		0.93054			4
2025.10.14	01:16:00.356	0.93038				2
2025.10.14	01:16:09.486	0.93036	0.93049			6
2025.10.14	01:16:10.160		0.93051			4
2025.10.14	01:16:10.472	0.93037				2
2025.10.14	01:16:10.817		0.93050			4
2025.10.14	01:16:12.650	0.93036	0.93049			6
2025.10.14	01:16:13.266		0.93050			4
2025.10.14	01:16:13.729		0.93049			4
2025.10.14	01:16:15.308	0.93037	0.93051			6
2025.10.14	01:16:15.829	0.93038				2
2025.10.14	01:16:16.358		0.93053			4
2025.10.14	01:16:16.715	0.93039	0.93052			6
2025.10.14	01:16:20.534		0.93053			4
2025.10.14	01:16:20.850	0.93037	0.93054			6
2025.10.14	01:16:21.175	0.93038	0.93053			6
2025.10.14	01:16:22.025	0.93039				2
2025.10.14	01:16:23.126		0.93052			4
2025.10.14	01:16:25.499		0.93053			4
2025.10.14	01:16:26.275		0.93052			4
2025.10.14	01:16:27.920		0.93053			4
2025.10.14	01:16:28.434		0.93052			4
2025.10.14	01:16:38.376	0.93038	0.93053			6
2025.10.14	01:16:38.679	0.93039	0.93052			6
2025.10.14	01:16:39.456	0.93037				2
2025.10.14	01:16:39.758	0.93038	0.93053			6
2025.10.14	01:16:40.128	0.93037				2
2025.10.14	01:16:42.231	0.93038				2
2025.10.14	01:16:43.698	0.93037				2
2025.10.14	01:16:44.330	0.93038				2
2025.10.14	01:16:45.387		0.93052			4
2025.10.14	01:16:45.797	0.93037	0.93053			6
2025.10.14	01:16:46.456	0.93038	0.93052			6
2025.10.14	01:16:46.802	0.93037	0.93053			6
2025.10.14	01:16:47.161	0.93036	0.93049			6
2025.10.14	01:16:50.314	0.93039	0.93052			6
2025.10.14	01:16:51.352	0.93038	0.93053			6
2025.10.14	01:16:52.985	0.93039	0.93052			6
2025.10.14	01:16:53.388	0.93040				2
2025.10.14	01:16:57.280	0.93039	0.93053			6
2025.10.14	01:16:57.625	0.93040	0.93052			6
2025.10.14	01:16:58.325	0.93039	0.93053			6
2025.10.14	01:16:58.663	0.93040	0.93052			6
2025.10.14	01:16:59.371	0.93039	0.93053			6
2025.10.14	01:16:59.701	0.93040	0.93052			6
2025.10.14	01:17:00.087	0.93040				2
2025.10.14	01:17:01.455	0.93039	0.93053			6
2025.10.14	01:17:01.761	0.93040	0.93052			6
2025.10.14	01:17:02.498	0.93039	0.93053			6
2025.10.14	01:17:02.808		0.93052			4
2025.10.14	01:17:03.780	0.93040				2
2025.10.14	01:17:19.977	0.93039	0.93053			6
2025.10.14	01:17:21.388	0.93040	0.93052			6
2025.10.14	01:17:22.102	0.93039	0.93053			6
2025.10.14	01:17:26.565	0.93040	0.93052			6
2025.10.14	01:17:27.283	0.93039	0.93053			6
2025.10.14	01:17:28.638	0.93040	0.93052			6
2025.10.14	01:17:29.357	0.93039	0.93053			6
2025.10.14	01:17:30.500	0.93037	0.93050			6
2025.10.14	01:17:30.802		0.93049			4
2025.10.14	01:17:31.272	0.93036	0.93048			6
2025.10.14	01:17:32.089		0.93049			4
2025.10.14	01:17:32.750	0.93039	0.93052			6
2025.10.14	01:17:34.230	0.93038	0.93053			6
2025.10.14	01:17:34.549	0.93039	0.93052			6
2025.10.14	01:17:39.553	0.93038	0.93053			6
2025.10.14	01:17:39.977	0.93039	0.93052			6
2025.10.14	01:17:40.494	0.93038	0.93053			6
2025.10.14	01:17:40.813	0.93039	0.93052			6
2025.10.14	01:17:45.518	0.93038	0.93053			6
2025.10.14	01:17:46.194	0.93039	0.93052			6
2025.10.14	01:17:49.975	0.93038	0.93053			6
2025.10.14	01:17:50.335	0.93039	0.93052			6
2025.10.14	01:17:50.983	0.93038	0.93053			6
2025.10.14	01:17:51.311	0.93040	0.93052			6
2025.10.14	01:17:52.536	0.93039				2
2025.10.14	01:17:53.573	0.93040				2
2025.10.14	01:17:54.090	0.93039				2
2025.10.14	01:17:54.474	0.93040				2
2025.10.14	01:17:55.323		0.93051			4
2025.10.14	01:17:56.163	0.93039				2
2025.10.14	01:17:56.467	0.93040				2
2025.10.14	01:17:59.445	0.93039				2
2025.10.14	01:18:00.355	0.93039				2
2025.10.14	01:18:02.510	0.93040				2
2025.10.14	01:18:03.619	0.93039				2
2025.10.14	01:18:04.564	0.93040				2
2025.10.14	01:18:05.655	0.93039				2
2025.10.14	01:18:06.040	0.93038				2
2025.10.14	01:18:06.807	0.93039				2
2025.10.14	01:18:07.430	0.93038				2
2025.10.14	01:18:09.830	0.93039				2
2025.10.14	01:18:10.251	0.93038	0.93052			6
2025.10.14	01:18:10.605		0.93051			4
2025.10.14	01:18:19.639	0.93037	0.93052			6
2025.10.14	01:18:20.035	0.93038	0.93051			6
2025.10.14	01:18:50.980	0.93037	0.93052			6
2025.10.14	01:18:52.143	0.93038	0.93051			6
2025.10.14	01:18:58.230		0.93052			4
2025.10.14	01:18:59.264		0.93051			4
2025.10.14	01:19:00.300	0.93038	0.93049			6
2025.10.14	01:19:00.607		0.93050			4
2025.10.14	01:19:00.923		0.93051			4
2025.10.14	01:19:03.286		0.93052			4
2025.10.14	01:19:06.386	0.93039				2
2025.10.14	01:19:09.558	0.93040				2
2025.10.14	01:19:10.106	0.93039				2
2025.10.14	01:19:10.591	0.93040				2
2025.10.14	01:19:11.140	0.93039				2
2025.10.14	01:19:11.631	0.93040				2
2025.10.14	01:19:12.697	0.93039				2
2025.10.14	01:19:13.697	0.93040	0.93051			6
2025.10.14	01:19:14.247	0.93039				2
2025.10.14	01:19:14.734	0.93040				2
2025.10.14	01:19:17.879	0.93039				2
2025.10.14	01:19:18.263	0.93040				2
2025.10.14	01:19:34.713	0.93039				2
2025.10.14	01:19:41.962	0.93040				2
2025.10.14	01:19:42.583	0.93039	0.93053			6
2025.10.14	01:19:42.897	0.93042	0.93052			6
2025.10.14	01:19:43.219	0.93040	0.93053			6
2025.10.14	01:19:43.524	0.93041				2
2025.10.14	01:19:44.928		0.93052			4
2025.10.14	01:19:45.359		0.93053			4
2025.10.14	01:19:47.030		0.93052			4
2025.10.14	01:19:47.430		0.93053			4
2025.10.14	01:19:48.167		0.93052			4
2025.10.14	01:19:48.478		0.93053			4
2025.10.14	01:19:49.037	0.93042	0.93052			6
2025.10.14	01:19:49.372	0.93041				2
2025.10.14	01:19:51.415	0.93039	0.93051			6
2025.10.14	01:19:52.122	0.93040				2
2025.10.14	01:19:55.048		0.93052			4
2025.10.14	01:19:55.730	0.93039	0.93051			6
2025.10.14	01:20:00.245	0.93039				2
2025.10.14	01:20:04.388	0.93040				2
2025.10.14	01:20:05.145	0.93041	0.93053			6
2025.10.14	01:20:06.537	0.93042	0.93052			6
2025.10.14	01:20:07.503	0.93041	0.93053			6
2025.10.14	01:20:08.029		0.93052			4
2025.10.14	01:20:08.605		0.93053			4
2025.10.14	01:20:09.642		0.93052			4
2025.10.14	01:20:10.239	0.93039	0.93051			6
2025.10.14	01:20:10.976	0.93040	0.93050			6
2025.10.14	01:20:12.906	0.93039	0.93051			6
2025.10.14	01:20:16.534		0.93052			4
2025.10.14	01:20:18.530		0.93051			4
2025.10.14	01:20:21.529		0.93052			4
2025.10.14	01:20:22.507	0.93038	0.93050			6
2025.10.14	01:20:24.025		0.93051			4
2025.10.14	01:20:24.338		0.93052			4
2025.10.14	01:20:29.600	0.93039	0.93051			6
2025.10.14	01:20:30.232	0.93041	0.93053			6
2025.10.14	01:20:31.669		0.93051			4
2025.10.14	01:20:32.299		0.93054			4
2025.10.14	01:20:33.229	0.93040	0.93053			6
2025.10.14	01:20:35.409	0.93041	0.93052			6
2025.10.14	01:20:36.495	0.93040	0.93053			6
2025.10.14	01:20:38.515	0.93041	0.93052			6
2025.10.14	01:20:39.531	0.93040	0.93053			6
2025.10.14	01:20:40.912	0.93041	0.93052			6
2025.10.14	01:20:48.915	0.93040	0.93053			6
2025.10.14	01:20:49.264	0.93039	0.93051			6
2025.10.14	01:20:50.813	0.93040				2
2025.10.14	01:20:52.130		0.93050			4
2025.10.14	01:20:58.730	0.93039	0.93051			6
2025.10.14	01:20:59.795	0.93040	0.93050			6
2025.10.14	01:21:00.271	0.93040				2
2025.10.14	01:21:00.725		0.93052			4
2025.10.14	01:21:02.870	0.93039	0.93051			6
2025.10.14	01:21:08.632		0.93052			4
2025.10.14	01:21:11.510	0.93040	0.93051			6
2025.10.14	01:21:11.941		0.93052			4
2025.10.14	01:21:12.877	0.93041				2
2025.10.14	01:21:13.934	0.93040	0.93053			6
2025.10.14	01:21:26.932		0.93054			4
2025.10.14	01:21:35.649		0.93053			4
2025.10.14	01:21:59.295	0.93041				2
2025.10.14	01:22:00.355	0.93041				2
2025.10.14	01:22:01.448	0.93040				2
2025.10.14	01:22:03.522		0.93052			4
2025.10.14	01:22:03.945		0.93053			4
2025.10.14	01:22:05.199	0.93042				2
2025.10.14	01:22:12.449	0.93041	0.93054			6
2025.10.14	01:22:16.575	0.93042				2
2025.10.14	01:22:17.671	0.93041				2
2025.10.14	01:22:20.800	0.93042				2
2025.10.14	01:22:21.844	0.93041				2
2025.10.14	01:22:24.831		0.93055			4
2025.10.14	01:22:25.900		0.93054			4
2025.10.14	01:22:27.063	0.93040	0.93052			6
2025.10.14	01:22:27.767	0.93039				2
2025.10.14	01:22:32.348	0.93038				2
2025.10.14	01:22:32.650		0.93051			4
2025.10.14	01:22:34.670	0.93040	0.93055			6
2025.10.14	01:22:36.348	0.93041				2
2025.10.14	01:22:40.220	0.93039	0.93054			6
2025.10.14	01:22:41.262	0.93040	0.93053			6
2025.10.14	01:22:42.306		0.93052			4
2025.10.14	01:22:43.420	0.93041				2
2025.10.14	01:22:59.697	0.93042				2
2025.10.14	01:23:01.130	0.93042				2
2025.10.14	01:23:14.268	0.93041	0.93054			6
2025.10.14	01:23:29.046	0.93042				2
2025.10.14	01:23:32.682	0.93041				2
2025.10.14	01:23:33.586	0.93042				2
2025.10.14	01:23:34.303	0.93040	0.93052			6
2025.10.14	01:23:38.279		0.93053			4
2025.10.14	01:23:52.803	0.93041				2
2025.10.14	01:23:54.875		0.93052			4
2025.10.14	01:23:55.728	0.93040	0.93053			6
2025.10.14	01:24:00.845	0.93040				2
2025.10.14	01:24:02.930	0.93041				2
2025.10.14	01:24:15.541		0.93052			4
2025.10.14	01:24:17.269	0.93040	0.93054			6
2025.10.14	01:24:18.659		0.93053			4
2025.10.14	01:24:30.229	0.93039				2
2025.10.14	01:24:31.512		0.93051			4
2025.10.14	01:24:32.949	0.93038	0.93052			6
2025.10.14	01:24:34.323	0.93039				2
2025.10.14	01:24:36.230	0.93038				2
2025.10.14	01:24:38.329	0.93039				2
2025.10.14	01:24:40.460	0.93038				2
2025.10.14	01:24:41.713	0.93039				2
2025.10.14	01:24:44.631	0.93038				2
2025.10.14	01:24:46.431	0.93039				2
2025.10.14	01:24:47.799	0.93038				2
2025.10.14	01:24:49.088	0.93039				2
2025.10.14	01:24:49.868	0.93038				2
2025.10.14	01:24:51.159	0.93039				2
2025.10.14	01:24:58.866	0.93038				2
2025.10.14	01:24:59.300	0.93039				2
2025.10.14	01:25:00.308	0.93039				2
2025.10.14	01:25:01.002		0.93051			4
2025.10.14	01:25:01.986	0.93038	0.93052			6
2025.10.14	01:25:03.204	0.93039				2
2025.10.14	01:25:04.109	0.93038				2
2025.10.14	01:25:04.428	0.93039				2
2025.10.14	01:25:06.103	0.93038				2
2025.10.14	01:25:08.169		0.93051			4
2025.10.14	01:25:08.629	0.93039				2
2025.10.14	01:25:08.950	0.93038				2
2025.10.14	01:25:10.454	0.93039				2
2025.10.14	01:25:11.362	0.93038				2
2025.10.14	01:25:11.676	0.93039				2
2025.10.14	01:25:13.430	0.93038				2
2025.10.14	01:25:14.634	0.93039				2
2025.10.14	01:25:15.431	0.93038				2
2025.10.14	01:25:16.664	0.93039				2
2025.10.14	01:25:17.659	0.93038				2
2025.10.14	01:25:40.549		0.93049			4
2025.10.14	01:25:42.830	0.93039				2
2025.10.14	01:25:44.697	0.93038				2
2025.10.14	01:25:46.180	0.93039				2
2025.10.14	01:25:54.891	0.93038				2
2025.10.14	01:25:55.766	0.93039				2
2025.10.14	01:25:57.903		0.93051			4
2025.10.14	01:25:59.381	0.93040				2
2025.10.14	01:26:00.039	0.93039				2
2025.10.14	01:26:00.425	0.93040				2
2025.10.14	01:26:01.783	0.93039				2
2025.10.14	01:26:02.630	0.93040	0.93050			6
2025.10.14	01:26:04.185	0.93039				2
2025.10.14	01:26:05.356	0.93040				2
2025.10.14	01:26:07.003	0.93039				2
2025.10.14	01:26:08.046		0.93049			4
2025.10.14	01:26:12.223	0.93040				2
2025.10.14	01:26:13.266	0.93039				2
2025.10.14	01:26:14.752	0.93040				2
2025.10.14	01:26:16.403	0.93039				2
2025.10.14	01:26:17.448	0.93040				2
2025.10.14	01:26:18.488	0.93039				2
2025.10.14	01:26:19.429	0.93040				2
2025.10.14	01:26:21.532	0.93039				2
2025.10.14	01:26:26.631	0.93040				2
2025.10.14	01:26:27.884	0.93039				2
2025.10.14	01:26:34.165		0.93050			4
2025.10.14	01:26:41.031	0.93038				2
2025.10.14	01:26:42.135	0.93039				2
2025.10.14	01:26:51.501	0.93040				2
2025.10.14	01:26:52.541		0.93051			4
2025.10.14	01:26:53.272	0.93039				2
2025.10.14	01:26:54.630	0.93040				2
2025.10.14	01:26:56.407	0.93039				2
2025.10.14	01:26:56.748	0.93040				2
2025.10.14	01:26:57.350	0.93041	0.93053			6
2025.10.14	01:26:59.058	0.93043	0.93056			6
2025.10.14	01:26:59.988	0.93042				2
2025.10.14	01:27:00.322	0.93043	0.93054			6
2025.10.14	01:27:00.640	0.93046	0.93057			6
2025.10.14	01:27:01.475	0.93045				2
2025.10.14	01:27:01.792	0.93046				2
2025.10.14	01:27:03.118	0.93044				2
2025.10.14	01:27:04.771	0.93043				2
2025.10.14	01:27:06.220	0.93044				2
2025.10.14	01:27:07.877		0.93055			4
2025.10.14	01:27:08.664	0.93045	0.93056			6
2025.10.14	01:27:11.819		0.93057			4
2025.10.14	01:27:13.445		0.93058			4
2025.10.14	01:27:15.831	0.93046				2
2025.10.14	01:27:17.030		0.93057			4
2025.10.14	01:27:30.080	0.93045				2
2025.10.14	01:27:30.437		0.93056			4
2025.10.14	01:27:32.929	0.93046				2
2025.10.14	01:27:38.123		0.93057			4
2025.10.14	01:27:39.196		0.93058			4
2025.10.14	01:27:42.323		0.93057			4
2025.10.14	01:27:44.319	0.93045				2
2025.10.14	01:27:50.629		0.93058			4
2025.10.14	01:28:00.071	0.93045				2
2025.10.14	01:28:03.709		0.93057			4
2025.10.14	01:28:04.034	0.93046	0.93056			6
2025.10.14	01:28:07.303	0.93045				2
2025.10.14	01:28:08.930	0.93046				2
2025.10.14	01:28:10.512	0.93045	0.93057			6
2025.10.14	01:28:11.930	0.93046	0.93056			6
2025.10.14	01:28:13.621	0.93045				2
2025.10.14	01:28:14.357	0.93046	0.93055			6
2025.10.14	01:28:16.627	0.93042				2
2025.10.14	01:28:17.831		0.93054			4
2025.10.14	01:28:19.922		0.93055			4
2025.10.14	01:28:42.613	0.93041	0.93054			6
2025.10.14	01:28:44.611	0.93042				2
2025.10.14	01:28:46.916	0.93041				2
2025.10.14	01:28:47.763	0.93042				2
2025.10.14	01:28:48.990	0.93041	0.93053			6
2025.10.14	01:28:49.372		0.93054			4
2025.10.14	01:28:49.923		0.93053			4
2025.10.14	01:28:51.166	0.93042	0.93054			6
2025.10.14	01:28:51.830		0.93053			4
2025.10.14	01:28:53.101	0.93044	0.93056			6
2025.10.14	01:28:54.350		0.93055			4
2025.10.14	01:28:56.287	0.93045	0.93056			6
2025.10.14	01:28:57.383	0.93044				2
2025.10.14	01:29:00.528	0.93044				2
2025.10.14	01:29:00.836		0.93055			4
2025.10.14	01:29:04.091	0.93041	0.93053			6
2025.10.14	01:29:11.153		0.93051			4
2025.10.14	01:29:11.630	0.93040				2
2025.10.14	01:29:12.295	0.93041				2
2025.10.14	01:29:13.651	0.93040				2
2025.10.14	01:29:14.359	0.93041				2
2025.10.14	01:29:14.728	0.93040				2
2025.10.14	01:29:17.471	0.93041				2
2025.10.14	01:29:17.857	0.93040				2
2025.10.14	01:29:20.330	0.93041				2
2025.10.14	01:29:21.047	0.93043	0.93052			6
2025.10.14	01:29:21.413	0.93044	0.93056			6
2025.10.14	01:29:21.717	0.93045				2
2025.10.14	01:29:22.517	0.93044				2
2025.10.14	01:29:23.332	0.93045				2
2025.10.14	01:29:24.590	0.93044				2
2025.10.14	01:29:25.238	0.93045				2
2025.10.14	01:29:25.679	0.93044				2
2025.10.14	01:29:26.210	0.93045				2
2025.10.14	01:29:28.167	0.93044	0.93055			6
2025.10.14	01:29:40.355	0.93045	0.93056			6
2025.10.14	01:29:55.410		0.93055			4
2025.10.14	01:29:57.229		0.93054			4
2025.10.14	01:30:00.375	0.93044	0.93057			6
2025.10.14	01:30:00.694		0.93055			4
2025.10.14	01:30:01.083	0.93045	0.93057			6
2025.10.14	01:30:03.221	0.93048	0.93053			6
2025.10.14	01:30:03.859	0.93047	0.93052			6
2025.10.14	01:30:04.164	0.93048	0.93053			6
2025.10.14	01:30:04.799	0.93047	0.93052			6
2025.10.14	01:30:06.024	0.93048	0.93053			6
2025.10.14	01:30:06.657	0.93044	0.93057			6
2025.10.14	01:30:07.317	0.93045				2
2025.10.14	01:30:11.514	0.93044				2
2025.10.14	01:30:13.540	0.93045				2
2025.10.14	01:30:15.351		0.93056			4
2025.10.14	01:30:15.740		0.93057			4
2025.10.14	01:30:16.077	0.93044	0.93056			6
2025.10.14	01:30:16.635	0.93045	0.93055			6
2025.10.14	01:30:17.032	0.93044	0.93056			6
2025.10.14	01:30:17.679	0.93045	0.93055			6
2025.10.14	01:30:19.103	0.93044	0.93056			6
2025.10.14	01:30:21.018	0.93043	0.93055			6
2025.10.14	01:30:28.650	0.93049	0.93061			6
2025.10.14	01:30:30.313	0.93045	0.93058			6
2025.10.14	01:30:34.430	0.93046				2
2025.10.14	01:30:35.929	0.93045				2
2025.10.14	01:30:41.669	0.93044				2
2025.10.14	01:30:43.731	0.93045				2
2025.10.14	01:30:47.238		0.93056			4
2025.10.14	01:30:50.431	0.93044				2
2025.10.14	01:30:53.132	0.93045				2
2025.10.14	01:30:58.789		0.93058			4
2025.10.14	01:30:59.443	0.93044	0.93056			6
2025.10.14	01:31:00.079	0.93044				2
2025.10.14	01:31:00.461		0.93055			4
2025.10.14	01:31:02.965		0.93056			4
2025.10.14	01:31:03.284	0.93048	0.93057			6
2025.10.14	01:31:03.597	0.93044	0.93054			6
2025.10.14	01:31:03.907		0.93057			4
2025.10.14	01:31:04.856		0.93054			4
2025.10.14	01:31:05.177		0.93057			4
2025.10.14	01:31:13.429		0.93058			4
2025.10.14	01:31:22.597		0.93057			4
2025.10.14	01:31:25.797	0.93045				2
2025.10.14	01:31:30.451	0.93046	0.93058			6
2025.10.14	01:31:31.388		0.93059			4
2025.10.14	01:31:31.984	0.93045	0.93056			6
2025.10.14	01:31:32.710		0.93057			4
2025.10.14	01:31:36.201	0.93046				2
2025.10.14	01:31:38.961	0.93045				2
2025.10.14	01:31:40.376		0.93056			4
2025.10.14	01:31:41.275		0.93057			4
2025.10.14	01:31:44.581	0.93046	0.93058			6
2025.10.14	01:31:45.253	0.93043	0.93056			6
2025.10.14	01:31:57.395	0.93044	0.93058			6
2025.10.14	01:31:58.210		0.93057			4
2025.10.14	01:32:00.299	0.93044				2
2025.10.14	01:32:02.388		0.93058			4
2025.10.14	01:32:03.972		0.93057			4
2025.10.14	01:32:06.466		0.93058			4
2025.10.14	01:32:09.382		0.93057			4
2025.10.14	01:32:11.731		0.93058			4
2025.10.14	01:32:12.770	0.93043				2
2025.10.14	01:32:14.308	0.93045	0.93060			6
2025.10.14	01:32:14.844	0.93046	0.93059			6
2025.10.14	01:32:16.322	0.93043	0.93057			6
2025.10.14	01:32:25.405	0.93044				2
2025.10.14	01:32:27.600		0.93058			4
2025.10.14	01:32:28.173		0.93059			4
2025.10.14	01:32:30.451	0.93045				2
2025.10.14	01:32:41.125		0.93060			4
2025.10.14	01:32:58.334	0.93044				2
2025.10.14	01:33:00.420	0.93044	0.93059			6
2025.10.14	01:33:02.361	0.93043	0.93060			6
2025.10.14	01:33:02.778		0.93058			4
2025.10.14	01:33:06.439	0.93044				2
2025.10.14	01:33:07.171	0.93043	0.93057			6
2025.10.14	01:33:12.781		0.93056			4
2025.10.14	01:33:28.536		0.93059			4
2025.10.14	01:33:30.265	0.93044				2
2025.10.14	01:33:30.577		0.93058			4
2025.10.14	01:33:34.378	0.93046	0.93059			6
2025.10.14	01:33:34.693		0.93060			4
2025.10.14	01:33:37.036	0.93050	0.93064			6
2025.10.14	01:33:42.529	0.93051				2
2025.10.14	01:33:43.004	0.93052				2
2025.10.14	01:33:43.326	0.93048	0.93062			6
2025.10.14	01:33:57.531	0.93049				2
2025.10.14	01:33:57.935	0.93047	0.93060			6
2025.10.14	01:33:58.691	0.93048	0.93059			6
2025.10.14	01:33:59.630	0.93047	0.93060			6
2025.10.14	01:34:00.665	0.93046	0.93059			6
2025.10.14	01:34:02.930		0.93060			4
2025.10.14	01:34:10.028	0.93047	0.93061			6
2025.10.14	01:34:10.356		0.93062			4
2025.10.14	01:34:14.030	0.93046				2
2025.10.14	01:34:15.468	0.93047				2
2025.10.14	01:34:15.829		0.93061			4
2025.10.14	01:34:23.073		0.93060			4
2025.10.14	01:34:25.738		0.93061			4
2025.10.14	01:34:26.413	0.93046	0.93059			6
2025.10.14	01:34:28.642	0.93047	0.93060			6
2025.10.14	01:34:31.729		0.93061			4
2025.10.14	01:34:42.830		0.93060			4
2025.10.14	01:34:57.500	0.93046				2
2025.10.14	01:34:58.752		0.93061			4
2025.10.14	01:35:00.697	0.93046				2
2025.10.14	01:35:04.429	0.93047				2
2025.10.14	01:35:06.498	0.93046				2
2025.10.14	01:35:06.868	0.93047	0.93062			6
2025.10.14	01:35:22.130		0.93061			4
2025.10.14	01:35:25.577	0.93046	0.93059			6
2025.10.14	01:35:30.775		0.93060			4
2025.10.14	01:35:39.972		0.93059			4
2025.10.14	01:35:54.385	0.93043	0.93057			6
2025.10.14	01:35:55.423		0.93056			4
2025.10.14	01:35:55.956		0.93057			4
2025.10.14	01:35:57.502	0.93042				2
2025.10.14	01:35:59.593	0.93043				2
2025.10.14	01:36:00.071	0.93043	0.93056			6
2025.10.14	01:36:03.865	0.93042	0.93057			6
2025.10.14	01:36:05.857		0.93056			4
2025.10.14	01:36:08.441		0.93057			4
2025.10.14	01:36:09.071		0.93056			4
2025.10.14	01:36:15.065	0.93043				2
2025.10.14	01:36:24.074	0.93044	0.93055			6
2025.10.14	01:36:24.430		0.93058			4
2025.10.14	01:36:32.330		0.93057			4
2025.10.14	01:36:41.030		0.93056			4
2025.10.14	01:36:41.484		0.93057			4
2025.10.14	01:36:48.230		0.93058			4
2025.10.14	01:36:51.230	0.93043				2
2025.10.14	01:36:54.606	0.93044				2
2025.10.14	01:36:57.229	0.93043				2
2025.10.14	01:37:00.356	0.93043				2
2025.10.14	01:37:03.925	0.93044				2
2025.10.14	01:37:05.417	0.93043	0.93059			6
2025.10.14	01:37:07.032		0.93058			4
2025.10.14	01:37:08.369	0.93044				2
2025.10.14	01:37:09.295		0.93059			4
2025.10.14	01:37:16.177		0.93058			4
2025.10.14	01:37:19.130		0.93059			4
2025.10.14	01:37:48.166	0.93046				2
2025.10.14	01:37:48.500	0.93044				2
2025.10.14	01:37:53.063		0.93058			4
2025.10.14	01:37:56.629		0.93059			4
2025.10.14	01:38:00.178	0.93044				2
2025.10.14	01:38:02.196	0.93043				2
2025.10.14	01:38:04.522	0.93042	0.93057			6
2025.10.14	01:38:05.294	0.93041	0.93056			6
2025.10.14	01:38:08.230		0.93055			4
2025.10.14	01:38:13.500	0.93040	0.93052			6
2025.10.14	01:38:15.237		0.93053			4
2025.10.14	01:38:17.929	0.93039	0.93052			6
2025.10.14	01:38:24.217	0.93042	0.93053			6
2025.10.14	01:38:26.630		0.93054			4
2025.10.14	01:38:30.385		0.93053			4
2025.10.14	01:38:32.329		0.93054			4
2025.10.14	01:38:34.570		0.93053			4
2025.10.14	01:38:36.531		0.93054			4
2025.10.14	01:38:41.817		0.93053			4
2025.10.14	01:38:43.729		0.93054			4
2025.10.14	01:38:45.196		0.93055			4
2025.10.14	01:38:47.000		0.93054			4
2025.10.14	01:38:53.793	0.93041				2
2025.10.14	01:38:57.420		0.93055			4
2025.10.14	01:39:00.512	0.93041				2
2025.10.14	01:39:00.823		0.93054			4
2025.10.14	01:39:04.457		0.93055			4
2025.10.14	01:39:04.906	0.93040	0.93053			6
2025.10.14	01:39:05.217	0.93039				2
2025.10.14	01:39:13.133		0.93052			4
2025.10.14	01:39:27.313	0.93042				2
2025.10.14	01:39:30.828		0.93053			4
2025.10.14	01:39:33.831		0.93054			4
2025.10.14	01:39:37.128		0.93053			4
2025.10.14	01:39:50.032		0.93054			4
2025.10.14	01:39:53.029		0.93053			4
2025.10.14	01:40:00.317	0.93042				2
2025.10.14	01:40:06.342		0.93054			4
2025.10.14	01:40:08.171	0.93043	0.93055			6
2025.10.14	01:40:09.803		0.93056			4
2025.10.14	01:40:11.932		0.93055			4
2025.10.14	01:40:14.743	0.93040	0.93052			6
2025.10.14	01:40:16.313		0.93053			4
2025.10.14	01:40:19.730		0.93052			4
2025.10.14	01:40:27.828		0.93053			4
2025.10.14	01:40:29.368		0.93052			4
2025.10.14	01:40:34.737		0.93053			4
2025.10.14	01:40:43.762		0.93052			4
2025.10.14	01:40:46.887		0.93053			4
2025.10.14	01:40:51.533	0.93039				2
2025.10.14	01:40:54.138	0.93040				2
2025.10.14	01:41:00.157	0.93040				2
2025.10.14	01:41:02.440		0.93052			4
2025.10.14	01:41:05.031	0.93039	0.93053			6
2025.10.14	01:41:07.718	0.93040	0.93052			6
2025.10.14	01:41:10.684	0.93043	0.93055			6
2025.10.14	01:41:13.428		0.93056			4
2025.10.14	01:41:15.709	0.93045				2
2025.10.14	01:41:19.679	0.93046				2
2025.10.14	01:41:21.004		0.93055			4
2025.10.14	01:41:25.210	0.93045	0.93056			6
2025.10.14	01:41:33.053	0.93043				2
2025.10.14	01:41:42.829		0.93057			4
2025.10.14	01:41:45.800		0.93056			4
2025.10.14	01:41:46.669		0.93057			4
2025.10.14	01:41:48.111		0.93056			4
2025.10.14	01:41:52.017		0.93055			4
2025.10.14	01:42:00.232	0.93043				2
2025.10.14	01:42:08.330		0.93056			4
2025.10.14	01:42:11.691		0.93055			4
2025.10.14	01:42:12.029		0.93057			4
2025.10.14	01:42:13.761		0.93056			4
2025.10.14	01:42:16.805	0.93042				2
2025.10.14	01:42:18.207		0.93055			4
2025.10.14	01:42:19.499		0.93056			4
2025.10.14	01:42:21.011		0.93055			4
2025.10.14	01:42:23.330		0.93056			4
2025.10.14	01:42:26.037		0.93055			4
2025.10.14	01:42:28.199		0.93056			4
2025.10.14	01:42:35.448		0.93055			4
2025.10.14	01:42:37.835		0.93056			4
2025.10.14	01:42:40.732		0.93055			4
2025.10.14	01:42:41.277		0.93056			4
2025.10.14	01:42:41.730		0.93055			4
2025.10.14	01:42:42.291		0.93056			4
2025.10.14	01:42:42.766		0.93055			4
2025.10.14	01:42:43.304		0.93056			4
2025.10.14	01:42:43.800		0.93055			4
2025.10.14	01:42:45.340		0.93056			4
2025.10.14	01:42:45.780		0.93055			4
2025.10.14	01:42:46.083		0.93056			4
2025.10.14	01:42:46.628		0.93055			4
2025.10.14	01:43:00.503	0.93042	0.93056			6
2025.10.14	01:43:10.090		0.93055			4
2025.10.14	01:43:12.291		0.93056			4
2025.10.14	01:43:35.985		0.93055			4
2025.10.14	01:43:38.031		0.93056			4
2025.10.14	01:43:40.128		0.93055			4
2025.10.14	01:43:42.285		0.93056			4
2025.10.14	01:43:45.162		0.93055			4
2025.10.14	01:43:47.374	0.93043				2
2025.10.14	01:43:47.681	0.93047	0.93057			6
2025.10.14	01:44:00.201	0.93047				2
2025.10.14	01:44:01.434		0.93059			4
2025.10.14	01:44:05.717	0.93050	0.93060			6
2025.10.14	01:44:06.791	0.93048	0.93058			6
2025.10.14	01:44:07.099	0.93049	0.93061			6
2025.10.14	01:44:08.172	0.93051	0.93060			6
2025.10.14	01:44:12.178		0.93061			4
2025.10.14	01:44:14.875		0.93062			4
2025.10.14	01:44:15.923		0.93061			4
2025.10.14	01:44:19.644	0.93047	0.93058			6
2025.10.14	01:44:32.608		0.93059			4
2025.10.14	01:44:36.829	0.93051	0.93061			6
2025.10.14	01:44:44.448		0.93062			4
2025.10.14	01:44:47.654		0.93063			4
2025.10.14	01:44:48.997		0.93062			4
2025.10.14	01:44:49.937		0.93063			4
2025.10.14	01:45:00.636	0.93051				2
2025.10.14	01:45:21.831		0.93064			4
2025.10.14	01:45:24.138		0.93063			4
2025.10.14	01:45:35.623		0.93062			4
2025.10.14	01:45:38.029		0.93063			4
2025.10.14	01:45:57.276	0.93050	0.93064			6
2025.10.14	01:45:58.172	0.93051				2
2025.10.14	01:46:00.315	0.93051				2
2025.10.14	01:46:01.213	0.93047	0.93060			6
2025.10.14	01:46:04.829	0.93046	0.93059			6
2025.10.14	01:46:26.611		0.93060			4
2025.10.14	01:46:29.316	0.93049				2
2025.10.14	01:46:35.462		0.93061			4
2025.10.14	01:46:37.838	0.93051	0.93064			6
2025.10.14	01:46:43.191	0.93050				2
2025.10.14	01:46:45.266		0.93063			4
2025.10.14	01:46:55.623		0.93064			4
2025.10.14	01:47:00.804	0.93050	0.93062			6
2025.10.14	01:47:04.680	0.93051	0.93063			6
2025.10.14	01:47:09.048	0.93050				2
2025.10.14	01:47:15.306	0.93051				2
2025.10.14	01:47:20.029	0.93050				2
2025.10.14	01:47:27.830	0.93051				2
2025.10.14	01:47:29.478	0.93050	0.93064			6
2025.10.14	01:47:29.917		0.93062			4
2025.10.14	01:47:34.130		0.93063			4
2025.10.14	01:47:44.329		0.93064			4
2025.10.14	01:47:44.995	0.93047	0.93061			6
2025.10.14	01:47:49.129		0.93060			4
2025.10.14	01:48:00.351	0.93047				2
2025.10.14	01:48:10.729		0.93061			4
2025.10.14	01:48:16.965		0.93060			4
2025.10.14	01:48:31.667	0.93046				2
2025.10.14	01:48:44.029		0.93061			4
2025.10.14	01:48:47.372	0.93045				2
2025.10.14	01:48:48.515	0.93050	0.93063			6
2025.10.14	01:48:53.114		0.93062			4
2025.10.14	01:48:59.030		0.93063			4
2025.10.14	01:49:00.039	0.93050				2
2025.10.14	01:49:05.676	0.93047	0.93061			6
2025.10.14	01:49:08.259	0.93051	0.93062			6
2025.10.14	01:49:35.790	0.93048	0.93060			6
2025.10.14	01:49:45.290	0.93050	0.93063			6
2025.10.14	01:49:46.342	0.93049	0.93061			6
2025.10.14	01:49:49.013	0.93050	0.93062			6
2025.10.14	01:49:49.328	0.93048				2
2025.10.14	01:49:51.747		0.93061			4
2025.10.14	01:50:01.429	0.93048				2
2025.10.14	01:50:06.890	0.93046	0.93062			6
2025.10.14	01:50:11.307		0.93061			4
2025.10.14	01:50:12.867		0.93059			4
2025.10.14	01:50:15.146		0.93058			4
2025.10.14	01:50:18.172	0.93047				2
2025.10.14	01:50:19.354		0.93059			4
2025.10.14	01:50:21.387	0.93048	0.93060			6
2025.10.14	01:50:26.060	0.93044	0.93057			6
2025.10.14	01:50:32.538		0.93058			4
2025.10.14	01:50:35.674		0.93057			4
2025.10.14	01:50:41.546		0.93058			4
2025.10.14	01:50:43.816		0.93057			4
2025.10.14	01:50:44.925		0.93058			4
2025.10.14	01:50:45.413		0.93057			4
2025.10.14	01:50:56.672		0.93056			4
2025.10.14	01:50:58.119		0.93057			4
2025.10.14	01:51:00.173	0.93044				2
2025.10.14	01:51:04.099	0.93047				2
2025.10.14	01:51:06.825		0.93058			4
2025.10.14	01:51:17.368		0.93057			4
2025.10.14	01:51:20.928		0.93058			4
2025.10.14	01:51:23.119		0.93059			4
2025.10.14	01:51:28.038		0.93058			4
2025.10.14	01:51:47.894		0.93059			4
2025.10.14	01:51:49.812		0.93058			4
2025.10.14	01:52:01.074	0.93047				2
2025.10.14	01:52:11.246	0.93046				2
2025.10.14	01:52:11.802		0.93059			4
2025.10.14	01:52:14.740	0.93043	0.93056			6
2025.10.14	01:52:23.123	0.93044	0.93055			6
2025.10.14	01:52:25.064		0.93056			4
2025.10.14	01:52:30.531		0.93055			4
2025.10.14	01:52:33.530		0.93054			4
2025.10.14	01:52:42.489	0.93043				2
2025.10.14	01:52:43.130		0.93055			4
2025.10.14	01:52:45.124	0.93046	0.93056			6
2025.10.14	01:52:45.924	0.93043				2
2025.10.14	01:52:53.756		0.93055			4
2025.10.14	01:53:00.357	0.93043				2
2025.10.14	01:53:06.304		0.93056			4
2025.10.14	01:53:13.155		0.93055			4
2025.10.14	01:53:17.917		0.93056			4
2025.10.14	01:53:19.120		0.93055			4
2025.10.14	01:53:19.456		0.93056			4
2025.10.14	01:53:29.928		0.93055			4
2025.10.14	01:53:31.961		0.93056			4
2025.10.14	01:53:33.003		0.93055			4
2025.10.14	01:53:33.926		0.93056			4
2025.10.14	01:53:43.985	0.93045				2
2025.10.14	01:53:48.074		0.93055			4
2025.10.14	01:53:50.193		0.93056			4
2025.10.14	01:53:50.843		0.93055			4
2025.10.14	01:53:51.228		0.93056			4
2025.10.14	01:53:51.878		0.93055			4
2025.10.14	01:53:52.264		0.93056			4
2025.10.14	01:53:52.917		0.93055			4
2025.10.14	01:53:53.301		0.93056			4
2025.10.14	01:53:53.751		0.93055			4
2025.10.14	01:53:54.858		0.93056			4
2025.10.14	01:54:01.080	0.93043	0.93055			6
2025.10.14	01:54:12.454		0.93056			4
2025.10.14	01:54:13.581		0.93055			4
2025.10.14	01:54:19.278		0.93056			4
2025.10.14	01:54:20.831		0.93055			4
2025.10.14	01:54:24.457		0.93056			4
2025.10.14	01:54:26.170		0.93057			4
2025.10.14	01:54:26.583		0.93056			4
2025.10.14	01:54:28.622		0.93055			4
2025.10.14	01:54:31.375		0.93056			4
2025.10.14	01:54:31.814		0.93055			4
2025.10.14	01:54:41.730		0.93056			4
2025.10.14	01:54:44.023		0.93055			4
2025.10.14	01:54:44.341		0.93056			4
2025.10.14	01:54:50.356		0.93055			4
2025.10.14	01:54:57.499		0.93051			4
2025.10.14	01:54:57.819		0.93055			4
2025.10.14	01:54:59.631	0.93045				2
2025.10.14	01:54:59.942	0.93043				2
2025.10.14	01:55:01.250	0.93043				2
2025.10.14	01:55:09.693		0.93056			4
2025.10.14	01:55:11.064		0.93055			4
2025.10.14	01:55:17.507		0.93057			4
2025.10.14	01:55:19.625	0.93044				2
2025.10.14	01:55:19.928		0.93055			4
2025.10.14	01:55:24.116		0.93056			4
2025.10.14	01:55:28.185		0.93057			4
2025.10.14	01:55:28.502	0.93042	0.93056			6
2025.10.14	01:55:39.391	0.93045	0.93057			6
2025.10.14	01:55:40.406		0.93056			4
2025.10.14	01:55:51.098	0.93043				2
2025.10.14	01:55:51.902		0.93055			4
2025.10.14	01:55:55.730		0.93056			4
2025.10.14	01:55:57.993		0.93055			4
2025.10.14	01:56:00.082	0.93043				2
2025.10.14	01:56:03.091	0.93042				2
2025.10.14	01:56:11.593		0.93054			4
2025.10.14	01:56:13.786		0.93055			4
2025.10.14	01:56:18.374	0.93043				2
2025.10.14	01:56:22.586	0.93042	0.93053			6
2025.10.14	01:56:25.477	0.93039	0.93054			6
2025.10.14	01:56:26.549	0.93041	0.93055			6
2025.10.14	01:56:26.857	0.93039	0.93053			6
2025.10.14	01:56:34.090		0.93052			4
2025.10.14	01:56:35.217	0.93040	0.93051			6
2025.10.14	01:56:36.255		0.93050			4
2025.10.14	01:56:39.422	0.93038	0.93051			6
2025.10.14	01:56:39.739		0.93052			4
2025.10.14	01:56:56.515		0.93051			4
2025.10.14	01:57:00.234	0.93037				2
2025.10.14	01:57:02.423	0.93038				2
2025.10.14	01:57:10.446	0.93042	0.93053			6
2025.10.14	01:57:11.302	0.93046	0.93056			6
2025.10.14	01:57:12.373		0.93057			4
2025.10.14	01:57:14.565		0.93059			4
2025.10.14	01:57:15.779	0.93047	0.93061			6
2025.10.14	01:57:18.810		0.93060			4
2025.10.14	01:57:26.165		0.93062			4
2025.10.14	01:57:27.482		0.93061			4
2025.10.14	01:57:33.474		0.93060			4
2025.10.14	01:57:36.449		0.93061			4
2025.10.14	01:57:41.821		0.93060			4
2025.10.14	01:57:42.410	0.93046	0.93059			6
2025.10.14	01:57:44.120	0.93047	0.93060			6
2025.10.14	01:57:45.460	0.93049	0.93059			6
2025.10.14	01:57:45.761		0.93061			4
2025.10.14	01:57:46.871		0.93060			4
2025.10.14	01:57:47.363		0.93063			4
2025.10.14	01:57:57.430		0.93062			4
2025.10.14	01:57:57.779		0.93063			4
2025.10.14	01:58:00.722	0.93049	0.93062			6
2025.10.14	01:58:04.517	0.93052	0.93065			6
2025.10.14	01:58:05.524	0.93050	0.93063			6
2025.10.14	01:58:12.704		0.93062			4
2025.10.14	01:58:15.534		0.93063			4
2025.10.14	01:58:19.490		0.93061			4
2025.10.14	01:58:19.801	0.93034	0.93047			6
2025.10.14	01:58:20.111	0.93031	0.93045			6
2025.10.14	01:58:20.420		0.93042			4
2025.10.14	01:58:21.499		0.93043			4
2025.10.14	01:58:25.096		0.93045			4
2025.10.14	01:58:26.392	0.93028	0.93040			6
2025.10.14	01:58:30.382	0.93029	0.93044			6
2025.10.14	01:58:34.558		0.93041			4
2025.10.14	01:58:34.956		0.93043			4
2025.10.14	01:58:35.257		0.93044			4
2025.10.14	01:58:36.963		0.93045			4
2025.10.14	01:58:39.575		0.93044			4
2025.10.14	01:58:43.390		0.93046			4
2025.10.14	01:58:46.785		0.93045			4
2025.10.14	01:58:47.273		0.93044			4
2025.10.14	01:58:47.699		0.93045			4
2025.10.14	01:58:48.110		0.93044			4
2025.10.14	01:58:49.390		0.93045			4
2025.10.14	01:58:49.796		0.93044			4
2025.10.14	01:58:52.246		0.93045			4
2025.10.14	01:58:55.288	0.93026	0.93042			6
2025.10.14	01:58:55.972	0.93036	0.93047			6
2025.10.14	01:58:56.278	0.93033	0.93044			6
2025.10.14	01:58:56.806	0.93032	0.93045			6
2025.10.14	01:58:59.450		0.93044			4
2025.10.14	01:59:00.399	0.93032	0.93043			6
2025.10.14	01:59:00.993		0.93045			4
2025.10.14	01:59:01.410		0.93044			4
2025.10.14	01:59:04.816	0.93036	0.93048			6
2025.10.14	01:59:05.856		0.93047			4
2025.10.14	01:59:08.164	0.93031	0.93045			6
2025.10.14	01:59:08.504		0.93044			4
2025.10.14	01:59:14.444		0.93045			4
2025.10.14	01:59:14.923	0.93032	0.93044			6
2025.10.14	01:59:16.723	0.93031	0.93045			6
2025.10.14	01:59:18.604	0.93032	0.93044			6
2025.10.14	01:59:19.849	0.93031	0.93046			6
2025.10.14	01:59:20.803	0.93033	0.93047			6
2025.10.14	01:59:22.556		0.93045			4
2025.10.14	01:59:23.380		0.93046			4
2025.10.14	01:59:29.313	0.93032	0.93045			6
2025.10.14	01:59:29.646		0.93046			4
2025.10.14	01:59:32.559	0.93031	0.93041			6
2025.10.14	01:59:32.883		0.93042			4
2025.10.14	01:59:38.382	0.93030				2
2025.10.14	01:59:46.553	0.93031	0.93045			6
2025.10.14	01:59:46.857	0.93032	0.93047			6
2025.10.14	01:59:52.069		0.93046			4
2025.10.14	01:59:53.131		0.93045			4
2025.10.14	01:59:53.496	0.93033	0.93048			6
2025.10.14	01:59:54.520		0.93047			4
2025.10.14	01:59:57.393		0.93048			4
2025.10.14	01:59:58.173	0.93031				2
2025.10.14	01:59:58.547	0.93034	0.93044			6
2025.10.14	02:00:00.326	0.93033	0.93046			6
2025.10.14	02:00:01.452	0.93029	0.93042			6
2025.10.14	02:00:01.806		0.93041			4
2025.10.14	02:00:02.203	0.93027	0.93039			6
2025.10.14	02:00:04.305	0.93028	0.93038			6
2025.10.14	02:00:05.036		0.93040			4
2025.10.14	02:00:06.365		0.93036			4
2025.10.14	02:00:09.589		0.93039			4
2025.10.14	02:00:11.300		0.93038			4
2025.10.14	02:00:11.798	0.93029	0.93039			6
2025.10.14	02:00:12.468		0.93038			4
2025.10.14	02:00:14.708		0.93039			4
2025.10.14	02:00:17.929		0.93038			4
2025.10.14	02:00:18.645	0.93023	0.93036			6
2025.10.14	02:00:20.284		0.93037			4
2025.10.14	02:00:21.895		0.93038			4
2025.10.14	02:00:22.968		0.93037			4
2025.10.14	02:00:26.472		0.93036			4
2025.10.14	02:00:32.102	0.93026	0.93037			6
2025.10.14	02:00:34.640	0.93024	0.93036			6
2025.10.14	02:00:35.723	0.93023	0.93034			6
2025.10.14	02:00:36.295		0.93033			4
2025.10.14	02:00:37.032	0.93024				2
2025.10.14	02:00:39.453		0.93032			4
2025.10.14	02:00:41.025	0.93022	0.93034			6
2025.10.14	02:00:42.737		0.93033			4
2025.10.14	02:00:45.445		0.93032			4
2025.10.14	02:00:48.599		0.93033			4
2025.10.14	02:00:49.552		0.93032			4
2025.10.14	02:00:52.478		0.93031			4
2025.10.14	02:00:53.696		0.93034			4
2025.10.14	02:01:00.805	0.93022	0.93035			6
2025.10.14	02:01:02.424		0.93032			4
2025.10.14	02:01:02.759		0.93033			4
2025.10.14	02:01:10.355	0.93023				2
2025.10.14	02:01:11.049		0.93034			4
2025.10.14	02:01:15.195		0.93035			4
2025.10.14	02:01:16.324		0.93036			4
2025.10.14	02:01:20.418	0.93024				2
2025.10.14	02:01:24.253		0.93037			4
2025.10.14	02:01:25.288	0.93019	0.93033			6
2025.10.14	02:01:27.452		0.93032			4
2025.10.14	02:01:28.883		0.93033			4
2025.10.14	02:01:32.930		0.93032			4
2025.10.14	02:01:41.837		0.93034			4
2025.10.14	02:01:44.809		0.93033			4
2025.10.14	02:01:49.159	0.93022	0.93035			6
2025.10.14	02:01:52.797	0.93025				2
2025.10.14	02:01:53.486	0.93026	0.93039			6
2025.10.14	02:01:54.386	0.93023	0.93036			6
2025.10.14	02:01:54.726		0.93037			4
2025.10.14	02:01:55.606		0.93036			4
2025.10.14	02:01:59.775		0.93035			4
2025.10.14	02:02:00.169	0.93023				2
2025.10.14	02:02:01.893		0.93037			4
2025.10.14	02:02:08.006		0.93036			4
2025.10.14	02:02:08.906		0.93037			4
2025.10.14	02:02:12.929		0.93036			4
2025.10.14	02:02:13.238		0.93035			4
2025.10.14	02:02:19.799	0.93025				2
2025.10.14	02:02:25.085		0.93038			4
2025.10.14	02:02:27.853	0.93024	0.93032			6
2025.10.14	02:02:31.055	0.93021	0.93029			6
2025.10.14	02:02:31.375	0.93025	0.93039			6
2025.10.14	02:02:33.330		0.93038			4
2025.10.14	02:02:38.181		0.93039			4
2025.10.14	02:02:39.542		0.93036			4
2025.10.14	02:02:40.151	0.93020	0.93033			6
2025.10.14	02:02:41.289	0.93025	0.93037			6
2025.10.14	02:02:43.327	0.93024	0.93036			6
2025.10.14	02:02:44.383		0.93035			4
2025.10.14	02:02:44.718		0.93036			4
2025.10.14	02:02:50.062		0.93037			4
2025.10.14	02:03:00.452	0.93024	0.93036			6
2025.10.14	02:03:08.931		0.93037			4
2025.10.14	02:03:22.611		0.93036			4
2025.10.14	02:03:27.886		0.93038			4
2025.10.14	02:03:29.692		0.93037			4
2025.10.14	02:03:30.252		0.93039			4
2025.10.14	02:03:30.613		0.93038			4
2025.10.14	02:03:34.784		0.93035			4
2025.10.14	02:03:35.528	0.93026				2
2025.10.14	02:03:45.925		0.93038			4
2025.10.14	02:03:53.337		0.93037			4
2025.10.14	02:03:56.509	0.93025	0.93040			6
2025.10.14	02:04:00.930	0.93025				2
2025.10.14	02:04:01.713		0.93039			4
2025.10.14	02:04:08.174		0.93040			4
2025.10.14	02:04:10.343		0.93039			4
2025.10.14	02:04:10.964	0.93024				2
2025.10.14	02:04:11.424		0.93038			4
2025.10.14	02:04:30.418		0.93036			4
2025.10.14	02:04:39.064	0.93023				2
2025.10.14	02:04:39.570		0.93037			4
2025.10.14	02:04:44.602	0.93024				2
2025.10.14	02:04:50.125		0.93035			4
2025.10.14	02:04:51.122	0.93023	0.93034			6
2025.10.14	02:04:52.726	0.93024	0.93035			6
2025.10.14	02:04:53.376		0.93034			4
2025.10.14	02:04:53.679	0.93025	0.93037			6
2025.10.14	02:04:53.992		0.93038			4
2025.10.14	02:05:00.307	0.93027				2
2025.10.14	02:05:01.919		0.93039			4
2025.10.14	02:05:04.003		0.93038			4
2025.10.14	02:05:07.527		0.93039			4
2025.10.14	02:05:10.243		0.93038			4
2025.10.14	02:05:12.715		0.93040			4
2025.10.14	02:05:13.450		0.93039			4
2025.10.14	02:05:18.689		0.93040			4
2025.10.14	02:05:25.196		0.93039			4
2025.10.14	02:05:26.795		0.93040			4
2025.10.14	02:05:28.922	0.93025	0.93037			6
2025.10.14	02:05:29.231	0.93024				2
2025.10.14	02:05:35.425		0.93036			4
2025.10.14	02:05:38.537	0.93028				2
2025.10.14	02:05:39.050	0.93027				2
2025.10.14	02:05:46.099		0.93037			4
2025.10.14	02:05:47.663	0.93028				2
2025.10.14	02:05:53.130	0.93027				2
2025.10.14	02:06:00.471	0.93027				2
2025.10.14	02:06:01.927		0.93036			4
2025.10.14	02:06:03.071	0.93026				2
2025.10.14	02:06:12.641		0.93037			4
2025.10.14	02:06:17.931		0.93038			4
2025.10.14	02:06:20.864		0.93037			4
2025.10.14	02:06:41.742		0.93038			4
2025.10.14	02:06:44.732	0.93028				2
2025.10.14	02:06:45.041	0.93022	0.93034			6
2025.10.14	02:06:46.117		0.93033			4
2025.10.14	02:06:47.393	0.93026	0.93034			6
2025.10.14	02:06:48.082	0.93027				2
2025.10.14	02:06:48.662	0.93026	0.93035			6
2025.10.14	02:06:49.482		0.93034			4
2025.10.14	02:06:51.100	0.93025				2
2025.10.14	02:06:52.730		0.93035			4
2025.10.14	02:06:53.447	0.93024				2
2025.10.14	02:06:56.061		0.93034			4
2025.10.14	02:06:57.383	0.93025				2
2025.10.14	02:07:05.560	0.93025				2
2025.10.14	02:07:07.950	0.93022	0.93030			6
2025.10.14	02:07:14.323	0.93021	0.93034			6
2025.10.14	02:07:14.662		0.93033			4
2025.10.14	02:07:15.128	0.93025	0.93036			6
2025.10.14	02:07:15.438		0.93037			4
2025.10.14	02:07:15.867		0.93036			4
2025.10.14	02:07:18.439		0.93037			4
2025.10.14	02:07:19.496	0.93026	0.93036			6
2025.10.14	02:07:20.221		0.93035			4
2025.10.14	02:07:23.398	0.93027	0.93036			6
2025.10.14	02:07:24.425		0.93037			4
2025.10.14	02:07:32.942		0.93038			4
2025.10.14	02:07:33.814		0.93037			4
2025.10.14	02:07:34.560	0.93028				2
2025.10.14	02:07:35.340	0.93027				2
2025.10.14	02:07:35.847	0.93032	0.93040			6
2025.10.14	02:07:45.451	0.93030				2
2025.10.14	02:07:48.019	0.93029	0.93038			6
2025.10.14	02:07:58.419		0.93039			4
2025.10.14	02:08:00.450	0.93029				2
2025.10.14	02:08:04.702	0.93030				2
2025.10.14	02:08:17.930		0.93040			4
2025.10.14	02:08:20.034		0.93039			4
2025.10.14	02:08:32.329		0.93040			4
2025.10.14	02:08:39.716		0.93039			4
2025.10.14	02:08:42.921		0.93038			4
2025.10.14	02:08:46.659	0.93029				2
2025.10.14	02:08:47.663		0.93039			4
2025.10.14	02:08:52.264		0.93038			4
2025.10.14	02:09:00.049	0.93025	0.93037			6
2025.10.14	02:09:04.643		0.93036			4
2025.10.14	02:09:10.419		0.93037			4
2025.10.14	02:09:13.664	0.93026	0.93038			6
2025.10.14	02:09:19.544	0.93031	0.93042			6
2025.10.14	02:09:20.374		0.93043			4
2025.10.14	02:09:20.699		0.93042			4
2025.10.14	02:09:22.705		0.93043			4
2025.10.14	02:09:23.372		0.93042			4
2025.10.14	02:09:30.431		0.93040			4
2025.10.14	02:09:30.995		0.93041			4
2025.10.14	02:09:31.468		0.93040			4
2025.10.14	02:09:35.169	0.93028	0.93039			6
2025.10.14	02:09:39.191	0.93031	0.93040			6
2025.10.14	02:09:43.281		0.93039			4
2025.10.14	02:09:46.851		0.93038			4
2025.10.14	02:09:48.164	0.93029				2
2025.10.14	02:09:52.181		0.93039			4
2025.10.14	02:10:00.308	0.93027				2
2025.10.14	02:10:04.591		0.93040			4
2025.10.14	02:10:06.785	0.93029	0.93039			6
2025.10.14	02:10:11.088	0.93028	0.93038			6
2025.10.14	02:10:14.429	0.93029	0.93039			6
2025.10.14	02:10:17.554	0.93028				2
2025.10.14	02:10:22.153	0.93032	0.93044			6
2025.10.14	02:10:23.323		0.93043			4
2025.10.14	02:10:28.381	0.93030	0.93041			6
2025.10.14	02:10:32.921		0.93042			4
2025.10.14	02:10:40.130		0.93041			4
2025.10.14	02:10:44.128		0.93042			4
2025.10.14	02:10:48.671	0.93029				2
2025.10.14	02:10:50.715		0.93041			4
2025.10.14	02:10:52.555	0.93033	0.93044			6
2025.10.14	02:10:55.349	0.93034	0.93043			6
2025.10.14	02:10:55.848		0.93044			4
2025.10.14	02:11:00.065	0.93034				2
2025.10.14	02:11:10.169	0.93032	0.93043			6
2025.10.14	02:11:14.929		0.93044			4
2025.10.14	02:11:16.261	0.93031	0.93038			6
2025.10.14	02:11:16.611		0.93041			4
2025.10.14	02:11:19.100		0.93040			4
2025.10.14	02:11:22.106		0.93042			4
2025.10.14	02:11:23.866		0.93041			4
2025.10.14	02:11:25.115		0.93040			4
2025.10.14	02:11:26.224		0.93041			4
2025.10.14	02:11:27.897		0.93040			4
2025.10.14	02:11:28.232	0.93030				2
2025.10.14	02:11:29.129	0.93031	0.93042			6
2025.10.14	02:11:31.033		0.93040			4
2025.10.14	02:11:31.333		0.93041			4
2025.10.14	02:11:32.500		0.93040			4
2025.10.14	02:11:33.243		0.93041			4
2025.10.14	02:11:37.676		0.93040			4
2025.10.14	02:11:45.441	0.93029				2
2025.10.14	02:11:45.869		0.93038			4
2025.10.14	02:11:46.890	0.93026	0.93037			6
2025.10.14	02:11:49.452	0.93025	0.93036			6
2025.10.14	02:11:51.961		0.93034			4
2025.10.14	02:11:56.518		0.93036			4
2025.10.14	02:12:00.749	0.93025				2
2025.10.14	02:12:11.474		0.93035			4
2025.10.14	02:12:14.517	0.93023				2
2025.10.14	02:12:14.820	0.93021	0.93034			6
2025.10.14	02:12:15.131		0.93035			4
2025.10.14	02:12:16.980		0.93033			4
2025.10.14	02:12:26.507	0.93023				2
2025.10.14	02:12:26.817	0.93027	0.93039			6
2025.10.14	02:12:34.865		0.93038			4
2025.10.14	02:12:47.046		0.93039			4
2025.10.14	02:12:47.909	0.93026				2
2025.10.14	02:12:48.268	0.93027				2
2025.10.14	02:12:56.930		0.93038			4
2025.10.14	02:12:58.381		0.93039			4
2025.10.14	02:13:00.435	0.93027				2
2025.10.14	02:13:00.810	0.93026	0.93037			6
2025.10.14	02:13:06.072	0.93025				2
2025.10.14	02:13:07.481	0.93028	0.93039			6
2025.10.14	02:13:07.786		0.93038			4
2025.10.14	02:13:08.366	0.93026				2
2025.10.14	02:13:10.429	0.93027	0.93040			6
2025.10.14	02:13:12.980		0.93039			4
2025.10.14	02:13:16.379	0.93026	0.93037			6
2025.10.14	02:13:16.712	0.93027				2
2025.10.14	02:13:17.187		0.93036			4
2025.10.14	02:13:19.502		0.93039			4
2025.10.14	02:13:21.221		0.93036			4
2025.10.14	02:13:22.641		0.93037			4
2025.10.14	02:13:28.047	0.93028	0.93038			6
2025.10.14	02:13:33.474	0.93027				2
2025.10.14	02:13:34.916		0.93039			4
2025.10.14	02:13:44.896		0.93038			4
2025.10.14	02:13:48.627	0.93026				2
2025.10.14	02:13:54.005	0.93027	0.93039			6
2025.10.14	02:14:00.461	0.93027				2
2025.10.14	02:14:12.083		0.93038			4
2025.10.14	02:14:18.385		0.93039			4
2025.10.14	02:14:21.235		0.93038			4
2025.10.14	02:14:24.749		0.93039			4
2025.10.14	02:14:53.487	0.93025	0.93036			6
2025.10.14	02:14:58.856		0.93037			4
2025.10.14	02:15:00.306	0.93026				2
2025.10.14	02:15:02.785		0.93039			4
2025.10.14	02:15:03.085		0.93037			4
2025.10.14	02:15:10.888		0.93038			4
2025.10.14	02:15:11.387		0.93037			4
2025.10.14	02:15:11.890	0.93027	0.93038			6
2025.10.14	02:15:12.282		0.93039			4
2025.10.14	02:15:17.209		0.93038			4
2025.10.14	02:15:18.164		0.93039			4
2025.10.14	02:15:25.630		0.93035			4
2025.10.14	02:15:29.930		0.93034			4
2025.10.14	02:15:35.033	0.93025				2
2025.10.14	02:15:35.917	0.93024	0.93035			6
2025.10.14	02:15:36.357	0.93023				2
2025.10.14	02:15:43.371		0.93033			4
2025.10.14	02:15:43.894		0.93034			4
2025.10.14	02:15:44.305	0.93024				2
2025.10.14	02:15:44.906		0.93035			4
2025.10.14	02:16:00.023	0.93024				2
2025.10.14	02:16:01.530	0.93025				2
2025.10.14	02:16:01.945		0.93036			4
2025.10.14	02:16:02.348		0.93037			4
2025.10.14	02:16:06.467	0.93024				2
2025.10.14	02:16:07.792		0.93036			4
2025.10.14	02:16:14.382	0.93023	0.93033			6
2025.10.14	02:16:18.557	0.93024	0.93035			6
2025.10.14	02:16:30.282		0.93034			4
2025.10.14	02:16:31.057		0.93035			4
2025.10.14	02:16:36.066	0.93023				2
2025.10.14	02:16:38.145		0.93033			4
2025.10.14	02:16:49.845	0.93024	0.93035			6
2025.10.14	02:16:50.217		0.93036			4
2025.10.14	02:16:50.518		0.93034			4
2025.10.14	02:16:55.609		0.93035			4
2025.10.14	02:16:58.181		0.93036			4
2025.10.14	02:16:59.522		0.93037			4
2025.10.14	02:16:59.922		0.93035			4
2025.10.14	02:17:01.849	0.93025	0.93036			6
2025.10.14	02:17:14.944		0.93035			4
2025.10.14	02:17:15.622		0.93036			4
2025.10.14	02:17:16.513		0.93034			4
2025.10.14	02:17:17.616		0.93035			4
2025.10.14	02:17:36.856		0.93034			4
2025.10.14	02:17:37.853		0.93035			4
2025.10.14	02:17:39.039		0.93034			4
2025.10.14	02:17:44.128		0.93036			4
2025.10.14	02:17:44.480		0.93035			4
2025.10.14	02:17:51.530		0.93034			4
2025.10.14	02:17:57.785	0.93024				2
2025.10.14	02:17:59.000	0.93025	0.93035			6
2025.10.14	02:18:00.437	0.93025				2
2025.10.14	02:18:01.801	0.93024	0.93033			6
2025.10.14	02:18:04.291	0.93025	0.93036			6
2025.10.14	02:18:04.599	0.93024	0.93032			6
2025.10.14	02:18:16.756	0.93025	0.93033			6
2025.10.14	02:18:17.144		0.93034			4
2025.10.14	02:18:19.988		0.93036			4
2025.10.14	02:18:30.657		0.93032			4
2025.10.14	02:18:30.957		0.93036			4
2025.10.14	02:18:31.264		0.93033			4
2025.10.14	02:18:31.572		0.93036			4
2025.10.14	02:18:31.886	0.93030	0.93037			6
2025.10.14	02:18:37.169		0.93038			4
2025.10.14	02:18:45.602		0.93037			4
2025.10.14	02:18:47.817		0.93038			4
2025.10.14	02:18:55.514		0.93037			4
2025.10.14	02:18:59.930		0.93038			4
2025.10.14	02:19:00.356	0.93030				2
2025.10.14	02:19:25.783		0.93037			4
2025.10.14	02:19:30.635	0.93029	0.93039			6
2025.10.14	02:19:37.329		0.93038			4
2025.10.14	02:19:41.129	0.93030				2
2025.10.14	02:19:42.565	0.93031	0.93041			6
2025.10.14	02:19:47.839		0.93039			4
2025.10.14	02:19:48.155	0.93029	0.93040			6
2025.10.14	02:20:00.408	0.93029				2
2025.10.14	02:20:00.975		0.93039			4
2025.10.14	02:20:02.599		0.93038			4
2025.10.14	02:20:07.372		0.93039			4
2025.10.14	02:20:18.928		0.93040			4
2025.10.14	02:20:20.997		0.93039			4
2025.10.14	02:20:24.753		0.93040			4
2025.10.14	02:20:32.910		0.93039			4
2025.10.14	02:20:37.440		0.93040			4
2025.10.14	02:20:38.486	0.93028				2
2025.10.14	02:20:41.146	0.93029				2
2025.10.14	02:20:43.331		0.93039			4
2025.10.14	02:20:50.909		0.93040			4
2025.10.14	02:21:00.251	0.93029				2
2025.10.14	02:21:10.355	0.93028				2
2025.10.14	02:21:16.669		0.93039			4
2025.10.14	02:21:21.451	0.93030	0.93038			6
2025.10.14	02:21:43.747	0.93032	0.93042			6
2025.10.14	02:21:46.345	0.93033				2
2025.10.14	02:21:47.131	0.93032				2
2025.10.14	02:21:47.870		0.93041			4
2025.10.14	02:22:00.355	0.93033				2
2025.10.14	02:22:01.152		0.93042			4
2025.10.14	02:22:07.272	0.93032	0.93043			6
2025.10.14	02:22:08.542		0.93042			4
2025.10.14	02:22:10.416	0.93033				2
2025.10.14	02:22:18.943		0.93043			4
2025.10.14	02:22:27.921	0.93035	0.93045			6
2025.10.14	02:22:28.227	0.93036				2
2025.10.14	02:22:29.009	0.93033	0.93044			6
2025.10.14	02:22:32.311		0.93043			4
2025.10.14	02:22:36.252	0.93035	0.93046			6
2025.10.14	02:22:36.633	0.93037				2
2025.10.14	02:22:37.357	0.93034	0.93043			6
2025.10.14	02:22:39.803	0.93036	0.93046			6
2025.10.14	02:22:40.551	0.93033	0.93043			6
2025.10.14	02:22:45.871		0.93044			4
2025.10.14	02:22:46.695		0.93042			4
2025.10.14	02:22:51.561		0.93043			4
2025.10.14	02:22:56.176		0.93044			4
2025.10.14	02:22:57.406		0.93043			4
2025.10.14	02:23:00.437	0.93033				2
2025.10.14	02:23:05.131		0.93042			4
2025.10.14	02:23:07.639		0.93043			4
2025.10.14	02:23:16.499		0.93042			4
2025.10.14	02:23:30.404		0.93043			4
2025.10.14	02:23:34.680		0.93042			4
2025.10.14	02:23:35.744		0.93043			4
2025.10.14	02:23:38.713		0.93042			4
2025.10.14	02:23:50.420		0.93043			4
2025.10.14	02:24:05.447	0.93033				2
2025.10.14	02:24:15.716	0.93032				2
2025.10.14	02:24:21.990	0.93033	0.93042			6
2025.10.14	02:24:23.755		0.93044			4
2025.10.14	02:24:24.405		0.93043			4
2025.10.14	02:24:28.688	0.93031	0.93041			6
2025.10.14	02:24:29.001	0.93030	0.93042			6
2025.10.14	02:24:29.595		0.93041			4
2025.10.14	02:24:33.063		0.93040			4
2025.10.14	02:25:00.431	0.93030				2
2025.10.14	02:25:30.193	0.93031				2
2025.10.14	02:25:30.502		0.93042			4
2025.10.14	02:25:33.481		0.93040			4
2025.10.14	02:25:34.925	0.93032	0.93041			6
2025.10.14	02:25:35.433		0.93042			4
2025.10.14	02:25:39.544		0.93041			4
2025.10.14	02:25:45.267	0.93031	0.93040			6
2025.10.14	02:25:47.726	0.93029				2
2025.10.14	02:25:48.770		0.93039			4
2025.10.14	02:25:50.346	0.93031	0.93038			6
2025.10.14	02:25:51.958	0.93033	0.93042			6
2025.10.14	02:25:54.440	0.93032	0.93043			6
2025.10.14	02:25:54.773		0.93042			4
2025.10.14	02:25:57.480		0.93043			4
2025.10.14	02:25:57.866		0.93042			4
2025.10.14	02:25:58.172		0.93043			4
2025.10.14	02:26:00.448	0.93032				2
2025.10.14	02:26:10.067	0.93031				2
2025.10.14	02:26:10.752		0.93041			4
2025.10.14	02:26:14.929		0.93040			4
2025.10.14	02:26:21.125	0.93030				2
2025.10.14	02:26:26.929		0.93039			4
2025.10.14	02:27:00.493	0.93030				2
2025.10.14	02:27:05.931		0.93038			4
2025.10.14	02:27:19.518	0.93032	0.93041			6
2025.10.14	02:27:39.523	0.93031				2
2025.10.14	02:27:41.374	0.93032	0.93042			6
2025.10.14	02:27:43.065		0.93041			4
2025.10.14	02:27:51.823		0.93042			4
2025.10.14	02:27:52.371		0.93043			4
2025.10.14	02:28:00.066	0.93032				2
2025.10.14	02:28:04.197	0.93031				2
2025.10.14	02:28:07.017		0.93042			4
2025.10.14	02:28:14.629		0.93043			4
2025.10.14	02:28:17.590	0.93030	0.93042			6
2025.10.14	02:28:17.927	0.93031	0.93039			6
2025.10.14	02:28:21.372		0.93040			4
2025.10.14	02:28:27.038		0.93041			4
2025.10.14	02:28:35.331		0.93040			4
2025.10.14	02:28:59.059	0.93030				2
2025.10.14	02:29:00.514	0.93030				2
2025.10.14	02:29:01.550		0.93039			4
2025.10.14	02:29:25.054		0.93040			4
2025.10.14	02:29:37.488	0.93029				2
2025.10.14	02:29:45.277	0.93030				2
2025.10.14	02:29:50.951	0.93029				2
2025.10.14	02:29:51.671	0.93030	0.93039			6
2025.10.14	02:29:51.996	0.93029				2
2025.10.14	02:30:00.405	0.93030				2
2025.10.14	02:30:02.156	0.93029	0.93040			6
2025.10.14	02:30:02.554	0.93028				2
2025.10.14	02:30:04.392		0.93039			4
2025.10.14	02:30:05.956	0.93029	0.93040			6
2025.10.14	02:30:06.257		0.93041			4
2025.10.14	02:30:07.960		0.93040			4
2025.10.14	02:30:14.482		0.93039			4
2025.10.14	02:30:15.000	0.93028				2
2025.10.14	02:30:24.607	0.93031	0.93043			6
2025.10.14	02:30:28.621		0.93041			4
2025.10.14	02:30:29.209	0.93028	0.93038			6
2025.10.14	02:30:30.146		0.93041			4
2025.10.14	02:30:31.844		0.93039			4
2025.10.14	02:30:39.610		0.93038			4
2025.10.14	02:30:44.930		0.93039			4
2025.10.14	02:30:45.940		0.93038			4
2025.10.14	02:30:46.924		0.93039			4
2025.10.14	02:30:53.403	0.93031	0.93042			6
2025.10.14	02:30:54.368	0.93030				2
2025.10.14	02:30:54.676	0.93031				2
2025.10.14	02:30:56.551	0.93030				2
2025.10.14	02:30:56.961	0.93031				2
2025.10.14	02:31:00.906	0.93031				2
2025.10.14	02:31:05.897	0.93029	0.93040			6
2025.10.14	02:31:06.209	0.93030	0.93041			6
2025.10.14	02:31:06.511	0.93031	0.93040			6
2025.10.14	02:31:20.520	0.93030				2
2025.10.14	02:31:34.028	0.93028	0.93037			6
2025.10.14	02:31:40.271	0.93032	0.93045			6
2025.10.14	02:31:54.024	0.93033	0.93046			6
2025.10.14	02:31:59.491	0.93035				2
2025.10.14	02:32:00.490	0.93035				2
2025.10.14	02:32:02.196		0.93047			4
2025.10.14	02:32:03.118		0.93046			4
2025.10.14	02:32:13.724		0.93045			4
2025.10.14	02:32:19.034		0.93046			4
2025.10.14	02:32:21.640	0.93034	0.93045			6
2025.10.14	02:32:22.516	0.93033	0.93044			6
2025.10.14	02:32:23.060		0.93045			4
2025.10.14	02:32:30.735		0.93046			4
2025.10.14	02:32:44.706	0.93032	0.93045			6
2025.10.14	02:32:45.383		0.93043			4
2025.10.14	02:32:48.610		0.93042			4
2025.10.14	02:32:52.409		0.93044			4
2025.10.14	02:32:54.953	0.93035	0.93047			6
2025.10.14	02:33:00.172	0.93035				2
2025.10.14	02:33:01.686	0.93034	0.93043			6
2025.10.14	02:33:02.722	0.93033	0.93041			6
2025.10.14	02:33:03.443		0.93042			4
2025.10.14	02:33:06.431		0.93045			4
2025.10.14	02:33:07.480		0.93044			4
2025.10.14	02:33:22.602	0.93034	0.93046			6
2025.10.14	02:33:30.932	0.93033	0.93043			6
2025.10.14	02:33:31.268		0.93044			4
2025.10.14	02:33:31.647	0.93032				2
2025.10.14	02:33:35.586	0.93030	0.93043			6
2025.10.14	02:33:36.493	0.93031				2
2025.10.14	02:33:45.249		0.93042			4
2025.10.14	02:33:49.879	0.93032	0.93044			6
2025.10.14	02:33:50.246		0.93045			4
2025.10.14	02:34:02.306	0.93032				2
2025.10.14	02:34:20.813	0.93031	0.93044			6
2025.10.14	02:34:24.767		0.93042			4
2025.10.14	02:34:25.550		0.93044			4
2025.10.14	02:34:26.476		0.93045			4
2025.10.14	02:34:27.368		0.93044			4
2025.10.14	02:34:29.420	0.93034				2
2025.10.14	02:34:30.516	0.93033	0.93042			6
2025.10.14	02:34:31.186		0.93043			4
2025.10.14	02:34:34.337		0.93044			4
2025.10.14	02:34:37.380		0.93043			4
2025.10.14	02:34:39.492		0.93045			4
2025.10.14	02:34:39.801	0.93035				2
2025.10.14	02:34:46.075	0.93033				2
2025.10.14	02:34:48.050		0.93044			4
2025.10.14	02:34:52.715	0.93034	0.93045			6
2025.10.14	02:34:55.245		0.93044			4
2025.10.14	02:34:55.606		0.93045			4
2025.10.14	02:35:00.474	0.93032				2
2025.10.14	02:35:02.731		0.93044			4
2025.10.14	02:35:04.260		0.93043			4
2025.10.14	02:35:06.205	0.93033	0.93045			6
2025.10.14	02:35:09.948		0.93043			4
2025.10.14	02:35:14.929		0.93044			4
2025.10.14	02:35:25.175		0.93043			4
2025.10.14	02:35:32.711		0.93044			4
2025.10.14	02:35:34.518		0.93043			4
2025.10.14	02:35:41.980		0.93041			4
2025.10.14	02:35:42.447		0.93042			4
2025.10.14	02:35:43.762		0.93043			4
2025.10.14	02:35:46.056	0.93032				2
2025.10.14	02:35:51.124		0.93042			4
2025.10.14	02:35:52.349	0.93031				2
2025.10.14	02:35:52.658		0.93041			4
2025.10.14	02:35:53.852	0.93032				2
2025.10.14	02:35:59.373		0.93040			4
2025.10.14	02:36:00.352	0.93031	0.93041			6
2025.10.14	02:36:01.978	0.93033	0.93042			6
2025.10.14	02:36:15.669	0.93032	0.93041			6
2025.10.14	02:36:17.169		0.93043			4
2025.10.14	02:36:18.346		0.93042			4
2025.10.14	02:36:20.478		0.93044			4
2025.10.14	02:36:20.815	0.93033				2
2025.10.14	02:36:21.457	0.93032	0.93045			6
2025.10.14	02:36:24.875		0.93046			4
2025.10.14	02:36:25.203		0.93045			4
2025.10.14	02:36:27.376		0.93046			4
2025.10.14	02:36:28.906	0.93033				2
2025.10.14	02:36:32.251	0.93032	0.93041			6
2025.10.14	02:36:35.472	0.93031	0.93042			6
2025.10.14	02:36:37.170		0.93041			4
2025.10.14	02:36:41.160		0.93040			4
2025.10.14	02:36:59.152	0.93032	0.93041			6
2025.10.14	02:37:00.070	0.93032				2
2025.10.14	02:37:00.452		0.93042			4
2025.10.14	02:37:02.165		0.93043			4
2025.10.14	02:37:02.544		0.93042			4
2025.10.14	02:37:02.862	0.93029	0.93039			6
2025.10.14	02:37:03.243	0.93032	0.93041			6
2025.10.14	02:37:03.582		0.93043			4
2025.10.14	02:37:04.132	0.93033	0.93042			6
2025.10.14	02:37:09.566		0.93043			4
2025.10.14	02:37:11.675		0.93044			4
2025.10.14	02:37:15.260	0.93034	0.93043			6
2025.10.14	02:37:27.592		0.93042			4
2025.10.14	02:37:37.767	0.93035	0.93043			6
2025.10.14	02:37:40.520	0.93034				2
2025.10.14	02:37:40.974		0.93042			4
2025.10.14	02:37:42.364	0.93035	0.93043			6
2025.10.14	02:37:57.317	0.93036	0.93044			6
2025.10.14	02:38:02.473	0.93035				2
2025.10.14	02:38:07.811	0.93036				2
2025.10.14	02:38:13.620	0.93038	0.93046			6
2025.10.14	02:38:16.364	0.93039				2
2025.10.14	02:38:19.251		0.93047			4
2025.10.14	02:38:23.828		0.93048			4
2025.10.14	02:38:30.428		0.93047			4
2025.10.14	02:38:36.909	0.93040				2
2025.10.14	02:38:47.491	0.93039	0.93048			6
2025.10.14	02:38:47.802	0.93040				2
2025.10.14	02:38:50.714	0.93039	0.93046			6
2025.10.14	02:38:55.720	0.93040	0.93049			6
2025.10.14	02:39:00.955	0.93040				2
2025.10.14	02:39:04.976		0.93048			4
2025.10.14	02:39:07.990	0.93039	0.93045			6
2025.10.14	02:39:17.209		0.93046			4
2025.10.14	02:39:17.543	0.93037				2
2025.10.14	02:39:19.377	0.93040	0.93047			6
2025.10.14	02:39:22.065		0.93048			4
2025.10.14	02:39:25.051		0.93047			4
2025.10.14	02:39:32.933		0.93048			4
2025.10.14	02:39:41.126	0.93041				2
2025.10.14	02:40:00.003	0.93041				2
2025.10.14	02:40:05.347		0.93047			4
2025.10.14	02:40:08.494	0.93038	0.93046			6
2025.10.14	02:40:22.056		0.93047			4
2025.10.14	02:40:22.359		0.93046			4
2025.10.14	02:40:25.226		0.93044			4
2025.10.14	02:40:26.486		0.93045			4
2025.10.14	02:40:36.209	0.93037				2
2025.10.14	02:40:40.379	0.93038	0.93046			6
2025.10.14	02:40:42.512		0.93045			4
2025.10.14	02:40:43.850	0.93039	0.93047			6
2025.10.14	02:40:49.331	0.93037	0.93046			6
2025.10.14	02:40:49.641		0.93045			4
2025.10.14	02:40:50.497		0.93044			4
2025.10.14	02:40:51.304		0.93045			4
2025.10.14	02:40:53.673		0.93044			4
2025.10.14	02:40:58.167	0.93038	0.93048			6
2025.10.14	02:41:04.160	0.93038				2
2025.10.14	02:41:06.010	0.93040				2
2025.10.14	02:41:19.749		0.93047			4
2025.10.14	02:41:40.181		0.93048			4
2025.10.14	02:41:40.595	0.93041	0.93049			6
2025.10.14	02:41:56.468	0.93040				2
2025.10.14	02:41:57.910	0.93041	0.93048			6
2025.10.14	02:42:02.808	0.93040	0.93049			6
2025.10.14	02:42:17.775		0.93048			4
2025.10.14	02:42:33.879	0.93041				2
2025.10.14	02:42:35.820	0.93040	0.93049			6
2025.10.14	02:42:36.986	0.93041	0.93048			6
2025.10.14	02:42:41.664	0.93040				2
2025.10.14	02:42:49.318		0.93049			4
2025.10.14	02:42:52.732	0.93039	0.93048			6
2025.10.14	02:42:53.041	0.93041				2
2025.10.14	02:42:53.436		0.93049			4
2025.10.14	02:43:03.213	0.93041	0.93050			6
2025.10.14	02:43:05.771		0.93049			4
2025.10.14	02:43:06.263	0.93039	0.93046			6
2025.10.14	02:43:08.494		0.93045			4
2025.10.14	02:43:10.508	0.93040	0.93050			6
2025.10.14	02:43:19.368		0.93049			4
2025.10.14	02:43:28.347		0.93048			4
2025.10.14	02:43:34.504	0.93039	0.93047			6
2025.10.14	02:43:58.801	0.93038	0.93046			6
2025.10.14	02:44:01.783	0.93039	0.93047			6
2025.10.14	02:44:20.194	0.93037	0.93045			6
2025.10.14	02:44:25.674		0.93046			4
2025.10.14	02:44:27.921		0.93045			4
2025.10.14	02:44:30.355	0.93038				2
2025.10.14	02:44:40.395	0.93037	0.93044			6
2025.10.14	02:44:44.122		0.93045			4
2025.10.14	02:44:47.302		0.93046			4
2025.10.14	02:44:48.647		0.93045			4
2025.10.14	02:44:53.821		0.93046			4
2025.10.14	02:44:54.123		0.93045			4
2025.10.14	02:44:55.947		0.93046			4
2025.10.14	02:44:57.013	0.93035	0.93044			6
2025.10.14	02:45:01.484	0.93035	0.93043			6
2025.10.14	02:45:04.002	0.93037	0.93044			6
2025.10.14	02:45:06.571	0.93035	0.93043			6
2025.10.14	02:45:06.959		0.93044			4
2025.10.14	02:45:08.111	0.93037				2
2025.10.14	02:45:08.485	0.93035	0.93043			6
2025.10.14	02:45:09.630		0.93044			4
2025.10.14	02:45:09.937		0.93043			4
2025.10.14	02:45:10.705		0.93044			4
2025.10.14	02:45:11.709		0.93043			4
2025.10.14	02:45:13.213	0.93037	0.93044			6
2025.10.14	02:45:15.441		0.93045			4
2025.10.14	02:45:21.848		0.93044			4
2025.10.14	02:45:27.648		0.93043			4
2025.10.14	02:45:28.772	0.93036				2
2025.10.14	02:45:34.685	0.93033	0.93042			6
2025.10.14	02:45:35.843		0.93041			4
2025.10.14	02:45:39.332		0.93040			4
2025.10.14	02:45:41.903	0.93032				2
2025.10.14	02:45:49.315	0.93028	0.93037			6
2025.10.14	02:45:50.348		0.93036			4
2025.10.14	02:45:51.056	0.93029				2
2025.10.14	02:45:51.454	0.93028	0.93035			6
2025.10.14	02:45:51.764	0.93026	0.93034			6
2025.10.14	02:45:55.358	0.93028	0.93036			6
2025.10.14	02:46:00.421	0.93028	0.93035			6
2025.10.14	02:46:00.748		0.93036			4
2025.10.14	02:46:22.405	0.93029	0.93038			6
2025.10.14	02:46:23.197		0.93037			4
2025.10.14	02:46:24.352	0.93030	0.93038			6
2025.10.14	02:46:25.526	0.93029				2
2025.10.14	02:46:25.918		0.93037			4
2025.10.14	02:46:26.883	0.93032	0.93039			6
2025.10.14	02:46:30.354	0.93028	0.93035			6
2025.10.14	02:46:31.194	0.93026				2
2025.10.14	02:46:31.570	0.93025	0.93034			6
2025.10.14	02:46:33.614	0.93026	0.93035			6
2025.10.14	02:46:38.837		0.93034			4
2025.10.14	02:46:54.497	0.93027	0.93036			6
2025.10.14	02:46:57.406		0.93035			4
2025.10.14	02:46:57.760	0.93024	0.93033			6
2025.10.14	02:46:58.279	0.93025				2
2025.10.14	02:47:00.312	0.93025	0.93034			6
2025.10.14	02:47:00.912	0.93026				2
2025.10.14	02:47:11.177	0.93025				2
2025.10.14	02:47:23.407	0.93024				2
2025.10.14	02:47:24.471	0.93026	0.93035			6
2025.10.14	02:47:26.031		0.93036			4
2025.10.14	02:47:27.063		0.93035			4
2025.10.14	02:47:29.180	0.93027	0.93036			6
2025.10.14	02:47:30.723	0.93026				2
2025.10.14	02:47:31.532	0.93027				2
2025.10.14	02:47:33.149		0.93035			4
2025.10.14	02:47:34.456	0.93026	0.93036			6
2025.10.14	02:47:37.259	0.93025	0.93034			6
2025.10.14	02:47:44.741		0.93035			4
2025.10.14	02:47:45.773		0.93034			4
2025.10.14	02:47:46.092	0.93028	0.93037			6
2025.10.14	02:47:47.174		0.93035			4
2025.10.14	02:47:47.479		0.93038			4
2025.10.14	02:47:50.484	0.93027	0.93035			6
2025.10.14	02:47:51.236	0.93025	0.93033			6
2025.10.14	02:47:51.539		0.93034			4
2025.10.14	02:47:51.912	0.93026				2
2025.10.14	02:47:52.314	0.93027	0.93035			6
2025.10.14	02:47:53.279	0.93028	0.93036			6
2025.10.14	02:47:56.497	0.93027				2
2025.10.14	02:48:00.448	0.93028				2
2025.10.14	02:48:01.985	0.93027	0.93035			6
2025.10.14	02:48:04.091	0.93028	0.93036			6
2025.10.14	02:48:04.491	0.93029	0.93037			6
2025.10.14	02:48:06.946	0.93027				2
2025.10.14	02:48:07.281		0.93036			4
2025.10.14	02:48:09.361	0.93029	0.93037			6
2025.10.14	02:48:10.050	0.93030	0.93038			6
2025.10.14	02:48:10.358	0.93029				2
2025.10.14	02:48:11.279	0.93028	0.93037			6
2025.10.14	02:48:13.170	0.93029	0.93036			6
2025.10.14	02:48:14.408		0.93037			4
2025.10.14	02:48:15.460	0.93027	0.93036			6
2025.10.14	02:48:15.778	0.93028	0.93038			6
2025.10.14	02:48:16.226	0.93027	0.93037			6
2025.10.14	02:48:16.563	0.93032	0.93040			6
2025.10.14	02:48:16.880		0.93041			4
2025.10.14	02:48:17.187		0.93040			4
2025.10.14	02:48:17.551	0.93030				2
2025.10.14	02:48:21.043		0.93042			4
2025.10.14	02:48:21.378		0.93040			4
