<DATE>	<TIME>	<BID>	<ASK>	<LAST>	<VOLUME>	<FLAGS>
2025.12.24	00:03:31.295	0.92809	0.92921			6
2025.12.24	00:04:00.466	0.92809				2
2025.12.24	00:04:31.296		0.92921			4
2025.12.24	00:05:00.597	0.92829				2
2025.12.24	00:05:31.477		0.92921			4
2025.12.24	00:06:00.756	0.92829				2
2025.12.24	00:06:32.438		0.92921			4
2025.12.24	00:07:00.351	0.92829				2
2025.12.24	00:07:32.617		0.92921			4
2025.12.24	00:08:00.133	0.92829				2
2025.12.24	00:08:32.776		0.92921			4
2025.12.24	00:09:00.315	0.92829				2
2025.12.24	00:09:33.209		0.92921			4
2025.12.24	00:10:00.384	0.92851				2
2025.12.24	00:10:01.213		0.92929			4
2025.12.24	00:10:04.414	0.92850				2
2025.12.24	00:10:06.490	0.92851				2
2025.12.24	00:10:11.958	0.92845	0.92924			6
2025.12.24	00:11:01.610	0.92845				2
2025.12.24	00:11:04.122	0.92842				2
2025.12.24	00:11:05.697		0.92921			4
2025.12.24	00:11:06.424		0.92924			4
2025.12.24	00:11:07.415		0.92921			4
2025.12.24	00:11:12.697	0.92841	0.92924			6
2025.12.24	00:11:13.684	0.92842	0.92921			6
2025.12.24	00:11:18.889	0.92841	0.92924			6
2025.12.24	00:11:19.885	0.92850	0.92921			6
2025.12.24	00:11:25.156	0.92842	0.92924			6
2025.12.24	00:11:26.125	0.92855	0.92921			6
2025.12.24	00:11:28.613	0.92851				2
2025.12.24	00:11:31.455	0.92842	0.92924			6
2025.12.24	00:11:32.288	0.92851	0.92921			6
2025.12.24	00:12:02.344	0.92851				2
2025.12.24	00:12:20.413	0.92850				2
2025.12.24	00:12:32.709		0.92921			4
2025.12.24	00:13:00.655	0.92850				2
2025.12.24	00:13:30.534	0.92849				2
2025.12.24	00:13:31.632	0.92850				2
2025.12.24	00:13:32.717		0.92921			4
2025.12.24	00:13:33.064	0.92849				2
2025.12.24	00:13:36.410	0.92850				2
2025.12.24	00:13:39.411	0.92849				2
2025.12.24	00:13:40.882	0.92850				2
2025.12.24	00:13:41.411	0.92849				2
2025.12.24	00:13:54.064	0.92850				2
2025.12.24	00:14:01.378	0.92849				2
2025.12.24	00:14:01.914	0.92850				2
2025.12.24	00:14:04.721	0.92849				2
2025.12.24	00:14:14.589	0.92850				2
2025.12.24	00:14:17.772	0.92849				2
2025.12.24	00:14:20.239	0.92850				2
2025.12.24	00:14:20.589	0.92849				2
2025.12.24	00:14:32.859		0.92921			4
2025.12.24	00:14:43.234	0.92848				2
2025.12.24	00:14:44.214	0.92849				2
2025.12.24	00:15:00.213	0.92849				2
2025.12.24	00:15:02.484	0.92850				2
2025.12.24	00:15:02.930	0.92851				2
2025.12.24	00:15:10.209	0.92852				2
2025.12.24	00:15:39.303		0.92921			4
2025.12.24	00:15:49.839	0.92851				2
2025.12.24	00:15:53.411	0.92852				2
2025.12.24	00:15:53.954	0.92851				2
2025.12.24	00:15:54.770	0.92852				2
2025.12.24	00:15:55.414	0.92851				2
2025.12.24	00:15:56.767	0.92852				2
2025.12.24	00:15:57.377	0.92851				2
2025.12.24	00:15:58.770	0.92852				2
2025.12.24	00:15:59.414	0.92851				2
2025.12.24	00:16:00.534	0.92851				2
2025.12.24	00:16:00.975	0.92852				2
2025.12.24	00:16:01.412	0.92851				2
2025.12.24	00:16:08.174	0.92850				2
2025.12.24	00:16:09.325	0.92851				2
2025.12.24	00:16:24.669	0.92852				2
2025.12.24	00:16:25.410	0.92851				2
2025.12.24	00:16:40.066		0.92921			4
2025.12.24	00:17:04.853	0.92851				2
2025.12.24	00:17:50.614		0.92921			4
2025.12.24	00:18:06.653	0.92851				2
2025.12.24	00:18:54.264		0.92921			4
2025.12.24	00:19:02.156	0.92851				2
2025.12.24	00:19:06.658	0.92852				2
2025.12.24	00:19:49.356		0.92920			4
2025.12.24	00:19:55.899	0.92850				2
2025.12.24	00:20:00.946	0.92851				2
2025.12.24	00:20:02.344		0.92921			4
2025.12.24	00:20:02.657	0.92850				2
2025.12.24	00:20:03.267	0.92851				2
2025.12.24	00:20:45.414	0.92852	0.92920			6
2025.12.24	00:20:46.347		0.92921			4
2025.12.24	00:20:49.178	0.92851				2
2025.12.24	00:20:54.066	0.92852				2
2025.12.24	00:20:59.174		0.92922			4
2025.12.24	00:21:03.966	0.92852				2
2025.12.24	00:22:19.857	0.92852	0.92922			6
2025.12.24	00:23:03.965	0.92852				2
2025.12.24	00:23:06.233	0.92851	0.92921			6
2025.12.24	00:23:15.956	0.92852				2
2025.12.24	00:23:34.247	0.92851				2
2025.12.24	00:23:36.235	0.92852				2
2025.12.24	00:24:03.975	0.92852				2
2025.12.24	00:24:07.226		0.92921			4
2025.12.24	00:24:32.150		0.92920			4
2025.12.24	00:24:50.308	0.92854				2
2025.12.24	00:24:51.811	0.92855	0.92922			6
2025.12.24	00:25:00.357	0.92855				2
2025.12.24	00:25:16.375		0.92924			4
2025.12.24	00:25:17.420		0.92923			4
2025.12.24	00:25:32.679		0.92924			4
2025.12.24	00:25:55.255	0.92856				2
2025.12.24	00:26:03.653	0.92856				2
2025.12.24	00:26:29.753	0.92855				2
2025.12.24	00:26:34.109	0.92856	0.92924			6
2025.12.24	00:27:00.351	0.92856				2
2025.12.24	00:27:12.138	0.92854	0.93072			6
2025.12.24	00:27:15.908	0.92856	0.92924			6
2025.12.24	00:27:18.765		0.92923			4
2025.12.24	00:27:21.894		0.92925			4
2025.12.24	00:27:22.603		0.92923			4
2025.12.24	00:27:35.191	0.92857				2
2025.12.24	00:27:58.604	0.92856				2
2025.12.24	00:28:00.947	0.92856				2
2025.12.24	00:28:06.955	0.92857				2
2025.12.24	00:28:12.594		0.92924			4
2025.12.24	00:28:13.594	0.92856	0.92923			6
2025.12.24	00:28:31.990	0.92857				2
2025.12.24	00:29:00.120	0.92857				2
2025.12.24	00:29:19.868		0.92923			4
2025.12.24	00:29:24.852		0.92925			4
2025.12.24	00:29:43.941	0.92856	0.92926			6
2025.12.24	00:29:46.114	0.92857				2
2025.12.24	00:29:51.514		0.92925			4
2025.12.24	00:29:52.967		0.92926			4
2025.12.24	00:30:00.304	0.92857	0.92923			6
2025.12.24	00:30:00.677	0.92856				2
2025.12.24	00:30:01.409	0.92857				2
2025.12.24	00:30:03.545	0.92858				2
2025.12.24	00:30:28.386	0.92860				2
2025.12.24	00:30:30.388	0.92862				2
2025.12.24	00:31:01.050	0.92862	0.92923			6
2025.12.24	00:31:47.453	0.92863				2
2025.12.24	00:32:07.853	0.92863	0.92923			6
2025.12.24	00:33:00.598	0.92863				2
2025.12.24	00:33:09.054		0.92923			4
2025.12.24	00:33:40.554	0.92864				2
2025.12.24	00:34:03.653	0.92864				2
2025.12.24	00:34:12.713		0.92923			4
2025.12.24	00:35:01.853	0.92864				2
2025.12.24	00:35:15.635		0.92923			4
2025.12.24	00:35:40.948		0.92922			4
2025.12.24	00:35:50.494	0.92863				2
2025.12.24	00:36:00.386	0.92864				2
2025.12.24	00:36:00.960	0.92865				2
2025.12.24	00:36:11.080		0.92921			4
2025.12.24	00:36:15.966	0.92866	0.92922			6
2025.12.24	00:36:16.801	0.92867				2
2025.12.24	00:36:20.009	0.92866				2
2025.12.24	00:36:20.318	0.92865				2
2025.12.24	00:36:21.113	0.92864				2
2025.12.24	00:36:23.886	0.92867				2
2025.12.24	00:36:24.382	0.92868				2
2025.12.24	00:36:26.595	0.92866				2
2025.12.24	00:36:35.010	0.92868				2
2025.12.24	00:36:36.953	0.92869				2
2025.12.24	00:36:39.894	0.92868				2
2025.12.24	00:36:41.454	0.92867				2
2025.12.24	00:36:50.010	0.92880				2
2025.12.24	00:36:50.949	0.92879				2
2025.12.24	00:36:56.597	0.92867				2
2025.12.24	00:37:00.388	0.92867				2
2025.12.24	00:37:05.009	0.92880				2
2025.12.24	00:37:06.053	0.92881				2
2025.12.24	00:37:11.595	0.92877				2
2025.12.24	00:37:12.063		0.92921			4
2025.12.24	00:37:12.883		0.92922			4
2025.12.24	00:37:15.200	0.92879				2
2025.12.24	00:37:15.954	0.92878				2
2025.12.24	00:37:17.014	0.92879				2
2025.12.24	00:37:17.921	0.92867				2
2025.12.24	00:37:18.630	0.92866				2
2025.12.24	00:37:20.011	0.92885	0.92923			6
2025.12.24	00:37:21.309	0.92877	0.92925			6
2025.12.24	00:37:21.613	0.92868	0.92924			6
2025.12.24	00:37:21.936	0.92876	0.92923			6
2025.12.24	00:37:22.502	0.92879	0.92922			6
2025.12.24	00:37:23.000	0.92878	0.92923			6
2025.12.24	00:37:23.399	0.92879	0.92922			6
2025.12.24	00:37:23.899	0.92880	0.92923			6
2025.12.24	00:37:24.941	0.92879	0.92922			6
2025.12.24	00:37:25.467	0.92878				2
2025.12.24	00:37:25.874	0.92876	0.92923			6
2025.12.24	00:37:26.937	0.92877	0.92922			6
2025.12.24	00:37:27.438	0.92878	0.92923			6
2025.12.24	00:37:30.013	0.92879	0.92922			6
2025.12.24	00:37:30.821	0.92878	0.92924			6
2025.12.24	00:37:31.305	0.92875	0.92925			6
2025.12.24	00:37:31.613	0.92868	0.92923			6
2025.12.24	00:37:31.940	0.92878				2
2025.12.24	00:37:32.243	0.92880				2
2025.12.24	00:37:32.577	0.92876				2
2025.12.24	00:37:32.929	0.92883				2
2025.12.24	00:37:33.256	0.92877	0.92924			6
2025.12.24	00:37:33.582	0.92878	0.92923			6
2025.12.24	00:37:34.236	0.92865				2
2025.12.24	00:37:34.853	0.92885	0.92924			6
2025.12.24	00:37:35.156	0.92886				2
2025.12.24	00:37:35.906	0.92884	0.92923			6
2025.12.24	00:37:37.323	0.92881				2
2025.12.24	00:37:48.809	0.92884				2
2025.12.24	00:38:00.038	0.92884				2
2025.12.24	00:38:04.925	0.92882	0.92922			6
2025.12.24	00:38:06.308	0.92881				2
2025.12.24	00:38:07.708	0.92880				2
2025.12.24	00:38:10.247	0.92862	0.92924			6
2025.12.24	00:38:10.710	0.92867	0.92922			6
2025.12.24	00:38:18.277		0.92926			4
2025.12.24	00:38:20.048	0.92869				2
2025.12.24	00:38:20.769		0.92922			4
2025.12.24	00:38:21.309		0.92923			4
2025.12.24	00:38:24.304	0.92865				2
2025.12.24	00:38:25.125	0.92867	0.92922			6
2025.12.24	00:38:25.431	0.92884				2
2025.12.24	00:38:25.807	0.92874	0.92923			6
2025.12.24	00:38:26.544	0.92884				2
2025.12.24	00:38:26.942	0.92881				2
2025.12.24	00:38:27.413		0.92922			4
2025.12.24	00:38:28.989	0.92882				2
2025.12.24	00:38:29.507	0.92881				2
2025.12.24	00:38:29.868	0.92883				2
2025.12.24	00:38:30.533	0.92882				2
2025.12.24	00:38:30.930	0.92881				2
2025.12.24	00:38:39.409	0.92885	0.92923			6
2025.12.24	00:38:42.921	0.92881	0.92922			6
2025.12.24	00:38:45.125	0.92873	0.92928			6
2025.12.24	00:38:45.452	0.92868				2
2025.12.24	00:38:50.048	0.92874				2
2025.12.24	00:38:50.582	0.92873				2
2025.12.24	00:38:52.489	0.92872				2
2025.12.24	00:38:52.866	0.92869				2
2025.12.24	00:38:57.415	0.92877				2
2025.12.24	00:39:00.054	0.92873	0.92927			6
2025.12.24	00:39:02.971	0.92871				2
2025.12.24	00:39:05.049	0.92878				2
2025.12.24	00:39:05.577	0.92874	0.92928			6
2025.12.24	00:39:06.851	0.92873	0.92927			6
2025.12.24	00:39:09.593	0.92875				2
2025.12.24	00:39:11.923	0.92871				2
2025.12.24	00:39:12.905	0.92878				2
2025.12.24	00:39:13.257	0.92877				2
2025.12.24	00:39:15.331	0.92874	0.92928			6
2025.12.24	00:39:16.249	0.92877				2
2025.12.24	00:39:18.055	0.92878				2
2025.12.24	00:39:20.534	0.92881				2
2025.12.24	00:39:22.117	0.92878				2
2025.12.24	00:39:26.926	0.92875				2
2025.12.24	00:39:29.313	0.92885				2
2025.12.24	00:39:33.242	0.92875				2
2025.12.24	00:39:35.587	0.92877	0.92929			6
2025.12.24	00:39:39.634	0.92878				2
2025.12.24	00:39:46.854	0.92879				2
2025.12.24	00:39:48.208	0.92878				2
2025.12.24	00:39:49.901	0.92882				2
2025.12.24	00:39:54.628	0.92872				2
2025.12.24	00:39:54.939	0.92878				2
2025.12.24	00:39:58.112	0.92868	0.92932			6
2025.12.24	00:40:00.328	0.92868	0.92929			6
2025.12.24	00:40:03.112	0.92869				2
2025.12.24	00:40:05.048	0.92870				2
2025.12.24	00:40:11.882	0.92879				2
2025.12.24	00:40:13.112	0.92873	0.92930			6
2025.12.24	00:40:14.238	0.92876				2
2025.12.24	00:40:14.580		0.92929			4
2025.12.24	00:40:15.331	0.92874	0.92927			6
2025.12.24	00:40:16.621	0.92878				2
2025.12.24	00:40:28.784	0.92869				2
2025.12.24	00:40:30.448	0.92870				2
2025.12.24	00:40:35.657		0.92930			4
2025.12.24	00:40:44.969	0.92869				2
2025.12.24	00:40:50.052	0.92871				2
2025.12.24	00:40:52.969	0.92872				2
2025.12.24	00:40:58.471		0.92926			4
2025.12.24	00:41:00.544	0.92872				2
2025.12.24	00:41:03.436	0.92873				2
2025.12.24	00:41:05.156	0.92878				2
2025.12.24	00:41:13.116	0.92871				2
2025.12.24	00:41:13.470	0.92870	0.92925			6
2025.12.24	00:41:13.856	0.92871	0.92924			6
2025.12.24	00:41:19.114		0.92925			4
2025.12.24	00:41:26.377	0.92874				2
2025.12.24	00:41:26.682	0.92872				2
2025.12.24	00:41:28.558	0.92871				2
2025.12.24	00:41:30.549	0.92873				2
2025.12.24	00:41:32.314	0.92877				2
2025.12.24	00:41:32.648	0.92870				2
2025.12.24	00:41:33.436	0.92872	0.92930			6
2025.12.24	00:41:35.495		0.92928			4
2025.12.24	00:41:36.054	0.92871				2
2025.12.24	00:41:41.899	0.92869				2
2025.12.24	00:41:43.847		0.92929			4
2025.12.24	00:41:45.616	0.92870	0.92924			6
2025.12.24	00:41:47.691	0.92869				2
2025.12.24	00:41:57.056	0.92877				2
2025.12.24	00:41:59.687	0.92878				2
2025.12.24	00:42:00.616	0.92878				2
2025.12.24	00:42:03.358	0.92877				2
2025.12.24	00:42:05.548	0.92878				2
2025.12.24	00:42:10.560	0.92877				2
2025.12.24	00:42:11.896	0.92868	0.92925			6
2025.12.24	00:42:18.658	0.92877				2
2025.12.24	00:42:21.512	0.92876				2
2025.12.24	00:42:22.013	0.92869				2
2025.12.24	00:42:31.710	0.92872				2
2025.12.24	00:42:32.039	0.92873	0.92930			6
2025.12.24	00:42:33.569	0.92869				2
2025.12.24	00:42:37.560	0.92868				2
2025.12.24	00:42:39.082	0.92876	0.92929			6
2025.12.24	00:42:41.895	0.92869	0.92926			6
2025.12.24	00:42:46.711	0.92876	0.92925			6
2025.12.24	00:43:00.356	0.92869	0.92926			6
2025.12.24	00:43:01.554	0.92872				2
2025.12.24	00:43:02.219		0.92925			4
2025.12.24	00:43:05.890	0.92873				2
2025.12.24	00:43:08.315	0.92872				2
2025.12.24	00:43:11.310	0.92871				2
2025.12.24	00:43:12.971	0.92880				2
2025.12.24	00:43:15.357	0.92870				2
2025.12.24	00:43:18.405	0.92877	0.92924			6
2025.12.24	00:43:18.711	0.92871	0.92925			6
2025.12.24	00:43:19.489	0.92870				2
2025.12.24	00:43:26.322	0.92880				2
2025.12.24	00:43:33.335	0.92872				2
2025.12.24	00:43:35.863	0.92871				2
2025.12.24	00:43:36.355	0.92869				2
2025.12.24	00:43:37.862		0.92924			4
2025.12.24	00:43:48.593		0.92925			4
2025.12.24	00:43:56.910	0.92868				2
2025.12.24	00:43:57.884		0.92929			4
2025.12.24	00:43:59.459	0.92869				2
2025.12.24	00:44:01.111	0.92869				2
2025.12.24	00:44:06.817		0.92928			4
2025.12.24	00:44:07.863		0.92924			4
2025.12.24	00:44:16.114		0.92923			4
2025.12.24	00:44:21.858	0.92870				2
2025.12.24	00:44:22.866	0.92868	0.92924			6
2025.12.24	00:44:30.548	0.92870	0.92926			6
2025.12.24	00:44:31.014	0.92869				2
2025.12.24	00:44:35.570		0.92925			4
2025.12.24	00:44:38.255	0.92870	0.92926			6
2025.12.24	00:44:40.254	0.92869				2
2025.12.24	00:44:44.435	0.92868				2
2025.12.24	00:44:46.905	0.92867				2
2025.12.24	00:45:00.192	0.92867				2
2025.12.24	00:45:00.551	0.92866				2
2025.12.24	00:45:03.152	0.92861	0.93070			6
2025.12.24	00:45:03.769	0.92860				2
2025.12.24	00:45:06.576	0.92866	0.92926			6
2025.12.24	00:45:09.256	0.92869				2
2025.12.24	00:45:10.065	0.92867				2
2025.12.24	00:45:11.795	0.92885	0.92908			6
2025.12.24	00:45:14.630	0.92884	0.92906			6
2025.12.24	00:45:21.658	0.92885				2
2025.12.24	00:45:28.440	0.92883	0.92909			6
2025.12.24	00:45:30.424	0.92882				2
2025.12.24	00:45:34.462	0.92883				2
2025.12.24	00:45:35.837	0.92882				2
2025.12.24	00:45:39.330	0.92883				2
2025.12.24	00:45:39.955	0.92884				2
2025.12.24	00:45:43.573	0.92883	0.92907			6
2025.12.24	00:45:48.811	0.92884				2
2025.12.24	00:45:54.946	0.92883				2
2025.12.24	00:45:56.758	0.92884				2
2025.12.24	00:45:57.814	0.92882				2
2025.12.24	00:46:01.013	0.92883				2
2025.12.24	00:46:03.182	0.92882				2
2025.12.24	00:46:05.048	0.92883				2
2025.12.24	00:46:05.434	0.92884				2
2025.12.24	00:46:18.849		0.92911			4
2025.12.24	00:46:23.415		0.92913			4
2025.12.24	00:46:24.956	0.92885				2
2025.12.24	00:46:26.816	0.92886	0.92914			6
2025.12.24	00:46:28.528	0.92885	0.92907			6
2025.12.24	00:46:29.537	0.92888				2
2025.12.24	00:46:30.218	0.92889				2
2025.12.24	00:46:30.547	0.92890				2
2025.12.24	00:46:41.881	0.92889				2
2025.12.24	00:46:42.220	0.92892				2
2025.12.24	00:46:42.554	0.92893	0.92909			6
2025.12.24	00:46:45.546	0.92891				2
2025.12.24	00:46:46.247	0.92889				2
2025.12.24	00:46:48.055	0.92888				2
2025.12.24	00:46:52.129	0.92899				2
2025.12.24	00:46:55.691	0.92898				2
2025.12.24	00:46:56.849	0.92894				2
2025.12.24	00:46:57.364	0.92885	0.92907			6
2025.12.24	00:47:00.395	0.92887				2
2025.12.24	00:47:02.978	0.92881	0.93053			6
2025.12.24	00:47:06.446	0.92887	0.92907			6
2025.12.24	00:47:11.883	0.92889				2
2025.12.24	00:47:12.363		0.92906			4
2025.12.24	00:47:12.977	0.92891				2
2025.12.24	00:47:16.857	0.92890				2
2025.12.24	00:47:28.037	0.92887				2
2025.12.24	00:47:30.364	0.92885				2
2025.12.24	00:47:30.666		0.92907			4
2025.12.24	00:47:45.548		0.92904			4
2025.12.24	00:47:50.313	0.92887				2
2025.12.24	00:47:50.712	0.92889				2
2025.12.24	00:47:51.013	0.92888				2
2025.12.24	00:47:51.805	0.92887				2
2025.12.24	00:47:55.474	0.92883	0.92908			6
2025.12.24	00:47:56.415	0.92882				2
2025.12.24	00:47:58.705	0.92883				2
2025.12.24	00:47:59.412	0.92875	0.92909			6
2025.12.24	00:47:59.736	0.92879				2
2025.12.24	00:48:00.180	0.92879				2
2025.12.24	00:48:00.677	0.92880	0.92908			6
2025.12.24	00:48:30.597		0.92912			4
2025.12.24	00:48:33.491		0.92913			4
2025.12.24	00:48:36.417		0.92912			4
2025.12.24	00:48:40.217	0.92881				2
2025.12.24	00:48:41.782	0.92886	0.92915			6
2025.12.24	00:48:43.538	0.92885	0.92911			6
2025.12.24	00:48:43.975	0.92884	0.92912			6
2025.12.24	00:48:49.262		0.92911			4
2025.12.24	00:48:50.318		0.92912			4
2025.12.24	00:48:53.804		0.92911			4
2025.12.24	00:48:55.114		0.92912			4
2025.12.24	00:48:56.525		0.92911			4
2025.12.24	00:49:00.537	0.92884				2
2025.12.24	00:49:10.111	0.92885				2
2025.12.24	00:49:10.587		0.92908			4
2025.12.24	00:49:13.253	0.92884				2
2025.12.24	00:49:25.584		0.92907			4
2025.12.24	00:49:58.710	0.92885				2
2025.12.24	00:50:00.702	0.92885	0.92911			6
2025.12.24	00:50:25.111	0.92884				2
2025.12.24	00:50:40.586		0.92908			4
2025.12.24	00:51:00.535	0.92884				2
2025.12.24	00:51:16.005	0.92882				2
2025.12.24	00:51:30.805		0.92912			4
2025.12.24	00:51:32.975	0.92883				2
2025.12.24	00:51:40.114	0.92882				2
2025.12.24	00:52:02.688	0.92881				2
2025.12.24	00:52:10.110	0.92882				2
2025.12.24	00:52:22.227	0.92884	0.92918			6
2025.12.24	00:52:25.110		0.92914			4
2025.12.24	00:52:25.591	0.92883				2
2025.12.24	00:52:28.613	0.92884	0.92917			6
2025.12.24	00:52:30.202		0.92920			4
2025.12.24	00:52:35.247	0.92883	0.92915			6
2025.12.24	00:52:37.855	0.92882				2
2025.12.24	00:52:40.110		0.92914			4
2025.12.24	00:52:46.000	0.92881	0.92913			6
2025.12.24	00:52:48.854	0.92882				2
2025.12.24	00:52:55.587		0.92906			4
2025.12.24	00:52:57.926	0.92881				2
2025.12.24	00:53:02.978	0.92881				2
2025.12.24	00:53:10.535		0.92912			4
2025.12.24	00:53:12.055	0.92882				2
2025.12.24	00:53:30.867		0.92915			4
2025.12.24	00:53:51.031	0.92881				2
2025.12.24	00:53:55.585		0.92914			4
2025.12.24	00:54:00.536	0.92881				2
2025.12.24	00:54:14.332	0.92882				2
2025.12.24	00:54:15.795		0.92915			4
2025.12.24	00:54:42.439	0.92880	0.92920			6
2025.12.24	00:54:53.314		0.92915			4
2025.12.24	00:54:55.590		0.92911			4
2025.12.24	00:55:00.318	0.92880				2
2025.12.24	00:55:01.114		0.92901			4
2025.12.24	00:55:01.535	0.92879				2
2025.12.24	00:55:02.821		0.92900			4
2025.12.24	00:55:05.454	0.92878				2
2025.12.24	00:55:08.182	0.92879	0.92902			6
2025.12.24	00:55:08.485	0.92880	0.92905			6
2025.12.24	00:55:31.412		0.92904			4
2025.12.24	00:55:51.510		0.92905			4
2025.12.24	00:56:02.205	0.92869	0.92901			6
2025.12.24	00:56:02.522		0.92902			4
2025.12.24	00:56:03.202	0.92880	0.92904			6
2025.12.24	00:56:08.605		0.92906			4
2025.12.24	00:57:00.947	0.92880				2
2025.12.24	00:57:08.504		0.92908			4
2025.12.24	00:57:09.356	0.92881				2
2025.12.24	00:57:14.092	0.92880				2
2025.12.24	00:57:22.391	0.92879				2
2025.12.24	00:58:03.112	0.92879				2
2025.12.24	00:58:05.113	0.92880				2
2025.12.24	00:58:09.530		0.92908			4
2025.12.24	00:58:10.099	0.92879				2
2025.12.24	00:58:12.251	0.92878				2
2025.12.24	00:58:27.609		0.92909			4
2025.12.24	00:58:45.655		0.92908			4
2025.12.24	00:58:51.711		0.92909			4
2025.12.24	00:58:55.150	0.92879				2
2025.12.24	00:58:56.402	0.92878				2
2025.12.24	00:59:00.996	0.92879				2
2025.12.24	00:59:02.916	0.92877	0.92902			6
2025.12.24	00:59:03.521	0.92876	0.92901			6
2025.12.24	00:59:12.434		0.92900			4
2025.12.24	00:59:16.412		0.92901			4
2025.12.24	00:59:17.040		0.92900			4
2025.12.24	00:59:18.523		0.92903			4
2025.12.24	00:59:27.682	0.92877	0.92905			6
2025.12.24	00:59:33.171	0.92876				2
2025.12.24	00:59:33.664		0.92902			4
2025.12.24	00:59:34.692	0.92875				2
2025.12.24	00:59:43.438	0.92879				2
2025.12.24	00:59:54.127	0.92880	0.92905			6
2025.12.24	00:59:58.443	0.92877	0.92907			6
2025.12.24	00:59:58.783	0.92878				2
2025.12.24	01:00:00.306	0.92876				2
2025.12.24	01:00:00.624	0.92877	0.92908			6
2025.12.24	01:00:00.941	0.92879				2
2025.12.24	01:00:01.260	0.92877				2
2025.12.24	01:00:02.020	0.92881				2
2025.12.24	01:00:02.322	0.92880				2
2025.12.24	01:00:02.668	0.92879				2
2025.12.24	01:00:03.613	0.92873	0.92945			6
2025.12.24	01:00:04.222	0.92872	0.92946			6
2025.12.24	01:00:04.847		0.92942			4
2025.12.24	01:00:05.171	0.92871	0.92935			6
2025.12.24	01:00:05.476	0.92870	0.92937			6
2025.12.24	01:00:06.125	0.92869	0.92938			6
2025.12.24	01:00:06.428	0.92871	0.92933			6
2025.12.24	01:00:07.036	0.92875	0.92908			6
2025.12.24	01:00:07.378		0.92910			4
2025.12.24	01:00:08.762	0.92874	0.92912			6
2025.12.24	01:00:09.526		0.92908			4
2025.12.24	01:00:10.150	0.92872	0.92902			6
2025.12.24	01:00:10.482	0.92870				2
2025.12.24	01:00:10.864	0.92868				2
2025.12.24	01:00:11.377		0.92897			4
2025.12.24	01:00:12.259	0.92867	0.92898			6
2025.12.24	01:00:14.118		0.92899			4
2025.12.24	01:00:16.243		0.92898			4
2025.12.24	01:00:19.163	0.92866	0.92900			6
2025.12.24	01:00:20.654		0.92902			4
2025.12.24	01:00:25.470	0.92867				2
2025.12.24	01:00:26.334	0.92868				2
2025.12.24	01:00:27.591	0.92867				2
2025.12.24	01:00:30.105	0.92868	0.92901			6
2025.12.24	01:00:30.472		0.92902			4
2025.12.24	01:00:31.968	0.92867				2
2025.12.24	01:00:32.271	0.92868				2
2025.12.24	01:00:36.534	0.92867				2
2025.12.24	01:00:38.995		0.92906			4
2025.12.24	01:00:40.418	0.92871	0.92909			6
2025.12.24	01:00:42.474		0.92902			4
2025.12.24	01:00:44.459	0.92870				2
2025.12.24	01:00:46.449	0.92871				2
2025.12.24	01:00:47.306	0.92872				2
2025.12.24	01:00:47.813	0.92871				2
2025.12.24	01:00:50.693	0.92872				2
2025.12.24	01:00:53.415	0.92877	0.92925			6
2025.12.24	01:00:54.222	0.92882				2
2025.12.24	01:00:54.575		0.92923			4
2025.12.24	01:00:55.452	0.92881	0.92917			6
2025.12.24	01:00:56.471		0.92914			4
2025.12.24	01:00:57.236	0.92879	0.92906			6
2025.12.24	01:00:57.538	0.92880	0.92903			6
2025.12.24	01:00:58.069	0.92879	0.92905			6
2025.12.24	01:00:58.377	0.92878	0.92906			6
2025.12.24	01:00:59.754		0.92905			4
2025.12.24	01:01:00.061	0.92878	0.92906			6
2025.12.24	01:01:00.369	0.92879	0.92921			6
2025.12.24	01:01:00.674	0.92881	0.92923			6
2025.12.24	01:01:01.378		0.92917			4
2025.12.24	01:01:01.803	0.92875	0.92904			6
2025.12.24	01:01:02.125	0.92878	0.92905			6
2025.12.24	01:01:02.441	0.92879				2
2025.12.24	01:01:02.795	0.92880				2
2025.12.24	01:01:03.098	0.92882	0.92920			6
2025.12.24	01:01:03.468	0.92881	0.92918			6
2025.12.24	01:01:03.812	0.92885				2
2025.12.24	01:01:04.126	0.92882	0.92913			6
2025.12.24	01:01:04.949	0.92884	0.92911			6
2025.12.24	01:01:05.554		0.92912			4
2025.12.24	01:01:06.098	0.92875	0.92906			6
2025.12.24	01:01:06.585	0.92874	0.92907			6
2025.12.24	01:01:06.912	0.92881	0.92904			6
2025.12.24	01:01:08.243	0.92882	0.92918			6
2025.12.24	01:01:08.683	0.92881	0.92923			6
2025.12.24	01:01:09.053	0.92884	0.92920			6
2025.12.24	01:01:09.469		0.92916			4
2025.12.24	01:01:09.849		0.92911			4
2025.12.24	01:01:10.318	0.92876	0.92904			6
2025.12.24	01:01:11.089	0.92878	0.92903			6
2025.12.24	01:01:12.540	0.92880	0.92904			6
2025.12.24	01:01:14.194		0.92905			4
2025.12.24	01:01:14.687	0.92883	0.92919			6
2025.12.24	01:01:15.267	0.92884	0.92923			6
2025.12.24	01:01:16.415	0.92879	0.92905			6
2025.12.24	01:01:16.731	0.92883	0.92906			6
2025.12.24	01:01:17.037	0.92887	0.92917			6
2025.12.24	01:01:17.338	0.92885	0.92919			6
2025.12.24	01:01:18.334	0.92886	0.92918			6
2025.12.24	01:01:18.664	0.92885				2
2025.12.24	01:01:18.974		0.92920			4
2025.12.24	01:01:20.262	0.92883	0.92909			6
2025.12.24	01:01:20.564	0.92885	0.92920			6
2025.12.24	01:01:20.911		0.92922			4
2025.12.24	01:01:22.111	0.92884	0.92923			6
2025.12.24	01:01:27.153	0.92878	0.92905			6
2025.12.24	01:01:27.574	0.92881	0.92921			6
2025.12.24	01:01:27.974	0.92884	0.92919			6
2025.12.24	01:01:28.282		0.92921			4
2025.12.24	01:01:30.043	0.92883				2
2025.12.24	01:01:30.473	0.92885				2
2025.12.24	01:01:30.799	0.92886				2
2025.12.24	01:01:31.566	0.92883				2
2025.12.24	01:01:38.597	0.92882				2
2025.12.24	01:01:39.537	0.92883				2
2025.12.24	01:01:42.039		0.92919			4
2025.12.24	01:01:42.967	0.92884				2
2025.12.24	01:01:44.665	0.92885				2
2025.12.24	01:01:45.863	0.92884	0.92911			6
2025.12.24	01:01:47.455	0.92885	0.92910			6
2025.12.24	01:01:48.340	0.92888	0.92912			6
2025.12.24	01:01:48.667	0.92887	0.92914			6
2025.12.24	01:01:51.793	0.92886	0.92915			6
2025.12.24	01:01:52.987	0.92887	0.92911			6
2025.12.24	01:01:54.955		0.92912			4
2025.12.24	01:01:58.557	0.92886	0.92913			6
2025.12.24	01:01:59.515	0.92885	0.92914			6
2025.12.24	01:02:00.396	0.92885				2
2025.12.24	01:02:03.843	0.92884	0.92913			6
2025.12.24	01:02:04.476		0.92914			4
2025.12.24	01:02:04.854		0.92913			4
2025.12.24	01:02:06.956	0.92883				2
2025.12.24	01:02:08.155	0.92887	0.92912			6
2025.12.24	01:02:08.465		0.92914			4
2025.12.24	01:02:10.537		0.92915			4
2025.12.24	01:02:11.866	0.92885	0.92916			6
2025.12.24	01:02:12.443		0.92914			4
2025.12.24	01:02:13.045	0.92888				2
2025.12.24	01:02:17.960		0.92915			4
2025.12.24	01:02:20.515		0.92914			4
2025.12.24	01:02:21.503	0.92886	0.92913			6
2025.12.24	01:02:24.534	0.92888	0.92914			6
2025.12.24	01:02:27.281		0.92917			4
2025.12.24	01:02:27.912		0.92914			4
2025.12.24	01:02:45.182	0.92886	0.92915			6
2025.12.24	01:02:47.154		0.92914			4
2025.12.24	01:02:48.487		0.92913			4
2025.12.24	01:02:51.054		0.92914			4
2025.12.24	01:02:53.771		0.92913			4
2025.12.24	01:02:54.770		0.92914			4
2025.12.24	01:02:57.230	0.92885				2
2025.12.24	01:02:57.544		0.92913			4
2025.12.24	01:02:59.153	0.92884				2
2025.12.24	01:03:00.954	0.92884				2
2025.12.24	01:03:01.911		0.92914			4
2025.12.24	01:03:03.379		0.92907			4
2025.12.24	01:03:07.339		0.92905			4
2025.12.24	01:03:09.075		0.92909			4
2025.12.24	01:03:10.555		0.92908			4
2025.12.24	01:03:15.387	0.92885				2
2025.12.24	01:03:21.955		0.92907			4
2025.12.24	01:03:25.256	0.92884	0.92908			6
2025.12.24	01:03:28.254	0.92885	0.92907			6
2025.12.24	01:03:29.278	0.92886				2
2025.12.24	01:03:36.656	0.92887				2
2025.12.24	01:03:39.354	0.92886				2
2025.12.24	01:03:40.000	0.92882	0.92904			6
2025.12.24	01:03:42.230		0.92905			4
2025.12.24	01:03:43.439	0.92884	0.92908			6
2025.12.24	01:03:46.238	0.92885	0.92907			6
2025.12.24	01:03:47.331	0.92884	0.92908			6
2025.12.24	01:03:48.455	0.92883	0.92909			6
2025.12.24	01:03:58.203	0.92884	0.92908			6
2025.12.24	01:04:01.855	0.92884				2
2025.12.24	01:04:02.221	0.92883	0.92909			6
2025.12.24	01:04:04.440		0.92908			4
2025.12.24	01:04:05.543	0.92884	0.92907			6
2025.12.24	01:04:07.554		0.92908			4
2025.12.24	01:04:13.850	0.92893	0.92899			6
2025.12.24	01:04:15.076	0.92895	0.92901			6
2025.12.24	01:04:17.228	0.92896	0.92902			6
2025.12.24	01:04:17.542	0.92887	0.92911			6
2025.12.24	01:04:19.915	0.92866	0.92891			6
2025.12.24	01:04:20.385	0.92872	0.92893			6
2025.12.24	01:04:20.698		0.92894			4
2025.12.24	01:04:22.460	0.92873	0.92895			6
2025.12.24	01:04:23.010	0.92870	0.92893			6
2025.12.24	01:04:24.636		0.92891			4
2025.12.24	01:04:30.851	0.92868	0.92885			6
2025.12.24	01:04:31.988	0.92855	0.92880			6
2025.12.24	01:04:32.377	0.92849	0.92860			6
2025.12.24	01:04:33.020	0.92851	0.92861			6
2025.12.24	01:04:33.661	0.92852	0.92871			6
2025.12.24	01:04:33.969		0.92869			4
2025.12.24	01:04:37.081	0.92858	0.92864			6
2025.12.24	01:04:40.473	0.92852	0.92869			6
2025.12.24	01:04:41.496		0.92878			4
2025.12.24	01:04:41.813		0.92871			4
2025.12.24	01:04:42.757	0.92853	0.92872			6
2025.12.24	01:04:44.112	0.92845	0.92851			6
2025.12.24	01:04:44.423	0.92847				2
2025.12.24	01:04:44.876	0.92846	0.92872			6
2025.12.24	01:04:45.548	0.92847	0.92871			6
2025.12.24	01:04:48.956		0.92869			4
2025.12.24	01:04:51.051	0.92848	0.92868			6
2025.12.24	01:04:52.097	0.92850				2
2025.12.24	01:04:54.955		0.92869			4
2025.12.24	01:04:56.455		0.92868			4
2025.12.24	01:04:59.893	0.92852	0.92870			6
2025.12.24	01:05:00.198	0.92852	0.92869			6
2025.12.24	01:05:00.557		0.92870			4
2025.12.24	01:05:10.584	0.92851	0.92874			6
2025.12.24	01:05:10.891	0.92852	0.92873			6
2025.12.24	01:05:14.403	0.92853	0.92874			6
2025.12.24	01:05:15.064	0.92852				2
2025.12.24	01:05:15.377	0.92864	0.92885			6
2025.12.24	01:05:16.354	0.92862	0.92876			6
2025.12.24	01:05:17.389	0.92859	0.92878			6
2025.12.24	01:05:19.090	0.92860	0.92879			6
2025.12.24	01:05:19.390	0.92862	0.92877			6
2025.12.24	01:05:22.560	0.92858	0.92879			6
2025.12.24	01:05:22.877	0.92857	0.92871			6
2025.12.24	01:05:23.314	0.92847	0.92869			6
2025.12.24	01:05:24.147	0.92860	0.92883			6
2025.12.24	01:05:27.054		0.92882			4
2025.12.24	01:05:30.351	0.92862	0.92880			6
2025.12.24	01:06:00.546	0.92861	0.92883			6
2025.12.24	01:06:00.886		0.92881			4
2025.12.24	01:06:02.863		0.92879			4
2025.12.24	01:06:04.562	0.92857	0.92875			6
2025.12.24	01:06:05.790	0.92856	0.92876			6
2025.12.24	01:06:07.376	0.92858	0.92877			6
2025.12.24	01:06:07.749	0.92859	0.92879			6
2025.12.24	01:06:08.943	0.92860	0.92878			6
2025.12.24	01:06:22.757	0.92858	0.92876			6
2025.12.24	01:06:23.787	0.92859	0.92878			6
2025.12.24	01:06:25.554		0.92879			4
2025.12.24	01:06:30.392	0.92860	0.92878			6
2025.12.24	01:06:35.454		0.92877			4
2025.12.24	01:06:37.046		0.92879			4
2025.12.24	01:06:37.534	0.92859	0.92874			6
2025.12.24	01:06:37.840		0.92878			4
2025.12.24	01:06:38.525	0.92858	0.92877			6
2025.12.24	01:06:55.261		0.92878			4
2025.12.24	01:06:56.912	0.92860	0.92879			6
2025.12.24	01:06:57.963		0.92880			4
2025.12.24	01:07:00.192	0.92860	0.92879			6
2025.12.24	01:07:07.400	0.92859	0.92878			6
2025.12.24	01:07:09.954	0.92860	0.92877			6
2025.12.24	01:07:12.411	0.92859	0.92878			6
2025.12.24	01:07:15.370		0.92880			4
2025.12.24	01:07:18.954	0.92860	0.92879			6
2025.12.24	01:07:21.955	0.92861				2
2025.12.24	01:07:34.518	0.92858	0.92876			6
2025.12.24	01:07:35.503		0.92875			4
2025.12.24	01:07:38.754	0.92859	0.92874			6
2025.12.24	01:07:42.094	0.92858	0.92875			6
2025.12.24	01:07:45.225	0.92860	0.92877			6
2025.12.24	01:07:45.658		0.92876			4
2025.12.24	01:07:53.026	0.92861	0.92875			6
2025.12.24	01:07:57.228	0.92862				2
2025.12.24	01:07:59.432	0.92861				2
2025.12.24	01:08:02.755	0.92861				2
2025.12.24	01:08:04.763	0.92860	0.92877			6
2025.12.24	01:08:05.453	0.92861				2
2025.12.24	01:08:06.654	0.92860				2
2025.12.24	01:08:08.754	0.92861				2
2025.12.24	01:08:12.112		0.92878			4
2025.12.24	01:08:24.905		0.92877			4
2025.12.24	01:08:34.256		0.92878			4
2025.12.24	01:08:36.367	0.92862				2
2025.12.24	01:08:39.953	0.92861				2
2025.12.24	01:08:43.854	0.92862				2
2025.12.24	01:08:51.654	0.92861				2
2025.12.24	01:08:54.118	0.92860	0.92873			6
2025.12.24	01:08:54.437		0.92874			4
2025.12.24	01:08:57.657	0.92859				2
2025.12.24	01:09:00.542	0.92859	0.92873			6
2025.12.24	01:09:02.754	0.92858				2
2025.12.24	01:09:06.289	0.92859				2
2025.12.24	01:09:11.754	0.92860				2
2025.12.24	01:09:12.111	0.92858	0.92874			6
2025.12.24	01:09:48.054	0.92859				2
2025.12.24	01:09:54.777	0.92856	0.92869			6
2025.12.24	01:09:59.391	0.92858	0.92872			6
2025.12.24	01:10:00.441	0.92858				2
2025.12.24	01:10:00.903	0.92856	0.92873			6
2025.12.24	01:10:01.855		0.92872			4
2025.12.24	01:10:03.180	0.92857	0.92873			6
2025.12.24	01:10:05.831	0.92858	0.92875			6
2025.12.24	01:10:07.063		0.92874			4
2025.12.24	01:10:10.481		0.92875			4
2025.12.24	01:10:13.162	0.92851	0.92867			6
2025.12.24	01:10:33.138	0.92850				2
2025.12.24	01:10:35.920	0.92849				2
2025.12.24	01:10:39.138	0.92850				2
2025.12.24	01:10:40.083	0.92849				2
2025.12.24	01:10:47.141		0.92866			4
2025.12.24	01:10:47.661	0.92848	0.92864			6
2025.12.24	01:10:48.627		0.92865			4
2025.12.24	01:10:49.613		0.92864			4
2025.12.24	01:10:50.849	0.92850	0.92865			6
2025.12.24	01:10:52.195		0.92866			4
2025.12.24	01:10:52.511		0.92867			4
2025.12.24	01:10:53.233	0.92851				2
2025.12.24	01:10:56.671	0.92849	0.92866			6
2025.12.24	01:10:56.978		0.92867			4
2025.12.24	01:11:00.537	0.92849				2
2025.12.24	01:11:02.382		0.92865			4
2025.12.24	01:11:05.395		0.92867			4
2025.12.24	01:11:06.446		0.92866			4
2025.12.24	01:11:07.361		0.92867			4
2025.12.24	01:11:15.895	0.92848	0.92865			6
2025.12.24	01:11:16.298		0.92866			4
2025.12.24	01:11:24.952		0.92860			4
2025.12.24	01:11:27.356		0.92861			4
2025.12.24	01:11:30.117	0.92849				2
2025.12.24	01:11:30.468	0.92848				2
2025.12.24	01:11:33.415	0.92849	0.92860			6
2025.12.24	01:11:35.754	0.92848	0.92861			6
2025.12.24	01:11:40.954		0.92860			4
2025.12.24	01:11:42.307	0.92847				2
2025.12.24	01:11:43.762	0.92848	0.92861			6
2025.12.24	01:11:47.154	0.92847				2
2025.12.24	01:11:54.154	0.92850	0.92865			6
2025.12.24	01:11:55.100	0.92847	0.92859			6
2025.12.24	01:11:56.328	0.92846				2
2025.12.24	01:11:57.359	0.92849	0.92865			6
2025.12.24	01:11:57.820		0.92864			4
2025.12.24	01:12:00.414	0.92847	0.92859			6
2025.12.24	01:12:02.779	0.92848	0.92862			6
2025.12.24	01:12:03.374	0.92847	0.92861			6
2025.12.24	01:12:04.104		0.92863			4
2025.12.24	01:12:04.641		0.92862			4
2025.12.24	01:12:06.617		0.92863			4
2025.12.24	01:12:09.444		0.92860			4
2025.12.24	01:12:11.772		0.92863			4
2025.12.24	01:12:15.868		0.92862			4
2025.12.24	01:12:17.357	0.92846				2
2025.12.24	01:12:25.710	0.92848	0.92865			6
2025.12.24	01:12:32.969		0.92864			4
2025.12.24	01:12:36.054		0.92865			4
2025.12.24	01:12:38.406		0.92864			4
2025.12.24	01:12:45.054	0.92849				2
2025.12.24	01:12:47.756	0.92848	0.92865			6
2025.12.24	01:12:49.555		0.92864			4
2025.12.24	01:12:54.152		0.92865			4
2025.12.24	01:13:00.568	0.92848				2
2025.12.24	01:13:07.253	0.92849				2
2025.12.24	01:13:09.711		0.92864			4
2025.12.24	01:13:12.178	0.92845	0.92858			6
2025.12.24	01:13:14.378	0.92846	0.92862			6
2025.12.24	01:13:20.021	0.92847				2
2025.12.24	01:13:23.152		0.92863			4
2025.12.24	01:13:24.348	0.92850				2
2025.12.24	01:13:24.716	0.92847	0.92862			6
2025.12.24	01:13:26.453		0.92861			4
2025.12.24	01:13:32.587	0.92846	0.92859			6
2025.12.24	01:13:35.361		0.92860			4
2025.12.24	01:13:37.376		0.92859			4
2025.12.24	01:13:41.378	0.92845				2
2025.12.24	01:13:45.354		0.92860			4
2025.12.24	01:13:46.840		0.92859			4
2025.12.24	01:13:47.377		0.92860			4
2025.12.24	01:13:49.377		0.92859			4
2025.12.24	01:13:52.155		0.92860			4
2025.12.24	01:13:54.376		0.92859			4
2025.12.24	01:13:56.377		0.92860			4
2025.12.24	01:13:58.380		0.92859			4
2025.12.24	01:14:00.707	0.92844	0.92856			6
2025.12.24	01:14:01.376	0.92846	0.92861			6
2025.12.24	01:14:03.358	0.92845	0.92859			6
2025.12.24	01:14:07.377		0.92860			4
2025.12.24	01:14:14.382		0.92858			4
2025.12.24	01:14:16.377		0.92861			4
2025.12.24	01:14:17.755		0.92860			4
2025.12.24	01:14:18.378		0.92859			4
2025.12.24	01:14:21.377		0.92860			4
2025.12.24	01:14:23.011	0.92844	0.92859			6
2025.12.24	01:14:23.802	0.92845				2
2025.12.24	01:14:27.654		0.92860			4
2025.12.24	01:14:31.253		0.92859			4
2025.12.24	01:14:32.634	0.92844				2
2025.12.24	01:14:34.907		0.92858			4
2025.12.24	01:14:35.218	0.92847	0.92865			6
2025.12.24	01:14:35.642		0.92864			4
2025.12.24	01:14:37.462		0.92865			4
2025.12.24	01:14:37.844		0.92863			4
2025.12.24	01:14:44.021	0.92849				2
2025.12.24	01:14:47.754	0.92848	0.92862			6
2025.12.24	01:14:49.444		0.92864			4
2025.12.24	01:14:52.812	0.92849	0.92863			6
2025.12.24	01:14:57.093	0.92848	0.92864			6
2025.12.24	01:14:57.446		0.92863			4
2025.12.24	01:14:58.281		0.92862			4
2025.12.24	01:14:59.888	0.92849	0.92866			6
2025.12.24	01:15:00.210	0.92849				2
2025.12.24	01:15:01.423	0.92851				2
2025.12.24	01:15:02.158	0.92850				2
2025.12.24	01:15:02.523	0.92849				2
2025.12.24	01:15:02.895		0.92865			4
2025.12.24	01:15:03.532		0.92866			4
2025.12.24	01:15:03.975		0.92865			4
2025.12.24	01:15:05.057	0.92848	0.92864			6
2025.12.24	01:15:05.469	0.92849	0.92865			6
2025.12.24	01:15:05.995	0.92848	0.92864			6
2025.12.24	01:15:06.375		0.92865			4
2025.12.24	01:15:08.901		0.92864			4
2025.12.24	01:15:10.076		0.92863			4
2025.12.24	01:15:12.104	0.92847	0.92861			6
2025.12.24	01:15:12.411	0.92848				2
2025.12.24	01:15:13.178		0.92862			4
2025.12.24	01:15:13.518	0.92849				2
2025.12.24	01:15:14.211	0.92848	0.92863			6
2025.12.24	01:15:14.588	0.92849	0.92865			6
2025.12.24	01:15:16.394	0.92848				2
2025.12.24	01:15:16.788	0.92849	0.92864			6
2025.12.24	01:15:17.611		0.92865			4
2025.12.24	01:15:17.969		0.92864			4
2025.12.24	01:15:19.552	0.92848	0.92865			6
2025.12.24	01:15:19.911	0.92849				2
2025.12.24	01:15:20.387		0.92866			4
2025.12.24	01:15:20.712	0.92848	0.92865			6
2025.12.24	01:15:21.016		0.92866			4
2025.12.24	01:15:21.788	0.92849				2
2025.12.24	01:15:23.452	0.92848	0.92865			6
2025.12.24	01:15:24.577	0.92849				2
2025.12.24	01:15:25.219	0.92848				2
2025.12.24	01:15:25.522	0.92849				2
2025.12.24	01:15:26.451	0.92848	0.92864			6
2025.12.24	01:15:27.231	0.92847	0.92863			6
2025.12.24	01:15:27.603	0.92848	0.92865			6
2025.12.24	01:15:29.560	0.92847	0.92863			6
2025.12.24	01:15:30.195		0.92864			4
2025.12.24	01:15:31.106	0.92848				2
2025.12.24	01:15:31.605	0.92847				2
2025.12.24	01:15:32.607		0.92863			4
2025.12.24	01:15:32.928		0.92864			4
2025.12.24	01:15:34.678	0.92848				2
2025.12.24	01:15:35.716	0.92847				2
2025.12.24	01:15:36.752	0.92848				2
2025.12.24	01:15:37.787	0.92847				2
2025.12.24	01:15:38.091		0.92863			4
2025.12.24	01:15:39.167		0.92864			4
2025.12.24	01:15:39.634	0.92846	0.92863			6
2025.12.24	01:15:39.949	0.92847	0.92864			6
2025.12.24	01:15:42.346	0.92848				2
2025.12.24	01:15:42.990	0.92847				2
2025.12.24	01:15:45.062		0.92863			4
2025.12.24	01:15:45.378	0.92848	0.92864			6
2025.12.24	01:15:46.290	0.92847	0.92862			6
2025.12.24	01:15:46.606	0.92848	0.92863			6
2025.12.24	01:15:48.826	0.92850	0.92865			6
2025.12.24	01:15:49.445	0.92849	0.92862			6
2025.12.24	01:15:49.782	0.92848				2
2025.12.24	01:15:50.102		0.92863			4
2025.12.24	01:15:50.433	0.92849	0.92862			6
2025.12.24	01:15:51.537		0.92863			4
2025.12.24	01:15:52.574	0.92847				2
2025.12.24	01:15:52.962	0.92848				2
2025.12.24	01:15:55.653	0.92847	0.92862			6
2025.12.24	01:15:55.958	0.92848				2
2025.12.24	01:15:56.977		0.92863			4
2025.12.24	01:15:57.382		0.92862			4
2025.12.24	01:16:00.085	0.92848	0.92863			6
2025.12.24	01:16:01.373	0.92846				2
2025.12.24	01:16:01.744	0.92848	0.92862			6
2025.12.24	01:16:02.134		0.92863			4
2025.12.24	01:16:03.422	0.92847	0.92864			6
2025.12.24	01:16:03.844	0.92848	0.92863			6
2025.12.24	01:16:05.659		0.92862			4
2025.12.24	01:16:08.762		0.92863			4
2025.12.24	01:16:09.771	0.92847				2
2025.12.24	01:16:10.149	0.92848	0.92859			6
2025.12.24	01:16:11.130	0.92847				2
2025.12.24	01:16:12.564		0.92858			4
2025.12.24	01:16:17.701	0.92846	0.92859			6
2025.12.24	01:16:20.465	0.92848	0.92862			6
2025.12.24	01:16:20.809		0.92861			4
2025.12.24	01:16:21.382		0.92862			4
2025.12.24	01:16:21.716		0.92860			4
2025.12.24	01:16:23.886		0.92859			4
2025.12.24	01:16:24.242		0.92860			4
2025.12.24	01:16:27.024		0.92859			4
2025.12.24	01:16:29.068		0.92858			4
2025.12.24	01:16:29.395		0.92859			4
2025.12.24	01:16:30.105		0.92860			4
2025.12.24	01:16:31.360		0.92859			4
2025.12.24	01:16:34.249	0.92847	0.92860			6
2025.12.24	01:16:35.315	0.92848				2
2025.12.24	01:16:36.321	0.92847				2
2025.12.24	01:16:37.117	0.92846	0.92862			6
2025.12.24	01:16:37.422	0.92847	0.92860			6
2025.12.24	01:16:38.425	0.92848				2
2025.12.24	01:16:39.245	0.92846	0.92862			6
2025.12.24	01:16:39.593	0.92848	0.92860			6
2025.12.24	01:16:41.793		0.92861			4
2025.12.24	01:16:42.112		0.92860			4
2025.12.24	01:16:42.794	0.92847				2
2025.12.24	01:16:43.313	0.92848				2
2025.12.24	01:16:44.866	0.92847	0.92862			6
2025.12.24	01:16:45.807	0.92848	0.92860			6
2025.12.24	01:16:47.372		0.92859			4
2025.12.24	01:16:48.008	0.92847	0.92863			6
2025.12.24	01:16:48.320	0.92848	0.92862			6
2025.12.24	01:16:48.640		0.92863			4
2025.12.24	01:16:50.075	0.92847				2
2025.12.24	01:16:50.413	0.92848	0.92862			6
2025.12.24	01:16:53.205	0.92847				2
2025.12.24	01:16:53.513	0.92848	0.92861			6
2025.12.24	01:16:53.919	0.92847				2
2025.12.24	01:16:54.678	0.92846	0.92860			6
2025.12.24	01:16:54.980	0.92847	0.92861			6
2025.12.24	01:16:56.038	0.92846				2
2025.12.24	01:16:56.587	0.92847	0.92862			6
2025.12.24	01:16:57.221		0.92861			4
2025.12.24	01:16:57.582	0.92848	0.92862			6
2025.12.24	01:16:58.154	0.92846	0.92860			6
2025.12.24	01:16:58.472	0.92847				2
2025.12.24	01:16:58.841		0.92859			4
2025.12.24	01:16:59.407	0.92846	0.92860			6
2025.12.24	01:17:00.196	0.92846	0.92861			6
2025.12.24	01:17:00.497	0.92847	0.92862			6
2025.12.24	01:17:00.860		0.92861			4
2025.12.24	01:17:01.733	0.92846	0.92862			6
2025.12.24	01:17:03.343	0.92845	0.92856			6
2025.12.24	01:17:05.355	0.92843	0.92858			6
2025.12.24	01:17:05.747	0.92844				2
2025.12.24	01:17:07.420	0.92845	0.92857			6
2025.12.24	01:17:08.500		0.92856			4
2025.12.24	01:17:09.948	0.92846	0.92860			6
2025.12.24	01:17:10.410	0.92847	0.92859			6
2025.12.24	01:17:12.486	0.92846				2
2025.12.24	01:17:14.558	0.92847	0.92861			6
2025.12.24	01:17:16.174	0.92845	0.92860			6
2025.12.24	01:17:16.587	0.92846	0.92859			6
2025.12.24	01:17:18.005	0.92845				2
2025.12.24	01:17:20.049		0.92857			4
2025.12.24	01:17:21.096		0.92858			4
2025.12.24	01:17:21.668		0.92859			4
2025.12.24	01:17:22.149	0.92850	0.92864			6
2025.12.24	01:17:24.086	0.92849				2
2025.12.24	01:17:25.165	0.92848	0.92863			6
2025.12.24	01:17:26.217		0.92864			4
2025.12.24	01:17:27.257	0.92849				2
2025.12.24	01:17:29.585	0.92848				2
2025.12.24	01:17:30.386	0.92849				2
2025.12.24	01:17:30.811	0.92850	0.92865			6
2025.12.24	01:17:31.191	0.92851	0.92861			6
2025.12.24	01:17:32.261	0.92849				2
2025.12.24	01:17:33.343	0.92850	0.92860			6
2025.12.24	01:17:34.366		0.92861			4
2025.12.24	01:17:34.964		0.92863			4
2025.12.24	01:17:35.410	0.92851	0.92862			6
2025.12.24	01:17:39.377	0.92850	0.92863			6
2025.12.24	01:17:53.402	0.92849	0.92864			6
2025.12.24	01:17:57.371	0.92850	0.92863			6
2025.12.24	01:18:00.374	0.92850				2
2025.12.24	01:18:03.375		0.92864			4
2025.12.24	01:18:04.948		0.92863			4
2025.12.24	01:18:07.386		0.92864			4
2025.12.24	01:18:07.704		0.92863			4
2025.12.24	01:18:08.455	0.92849	0.92864			6
2025.12.24	01:18:09.778	0.92850	0.92863			6
2025.12.24	01:18:11.604		0.92864			4
2025.12.24	01:18:12.378	0.92851	0.92865			6
2025.12.24	01:18:12.789	0.92852	0.92864			6
2025.12.24	01:18:13.425	0.92850	0.92866			6
2025.12.24	01:18:13.761	0.92851	0.92865			6
2025.12.24	01:18:14.463	0.92850	0.92866			6
2025.12.24	01:18:14.765	0.92851	0.92863			6
2025.12.24	01:18:15.529		0.92864			4
2025.12.24	01:18:16.148		0.92863			4
2025.12.24	01:18:21.192		0.92864			4
2025.12.24	01:18:21.525		0.92863			4
2025.12.24	01:18:24.476	0.92850	0.92864			6
2025.12.24	01:18:28.777	0.92851	0.92863			6
2025.12.24	01:18:30.667	0.92850	0.92864			6
2025.12.24	01:18:31.694	0.92851				2
2025.12.24	01:18:32.765		0.92863			4
2025.12.24	01:18:33.450	0.92852	0.92864			6
2025.12.24	01:18:33.769	0.92851	0.92865			6
2025.12.24	01:18:34.549	0.92850				2
2025.12.24	01:18:34.993	0.92851				2
2025.12.24	01:18:35.825		0.92864			4
2025.12.24	01:18:36.910		0.92863			4
2025.12.24	01:18:37.592		0.92862			4
2025.12.24	01:18:37.913		0.92863			4
2025.12.24	01:18:38.982	0.92852	0.92862			6
2025.12.24	01:18:39.969	0.92851				2
2025.12.24	01:18:42.087	0.92852				2
2025.12.24	01:18:46.008	0.92850	0.92864			6
2025.12.24	01:18:46.325	0.92852	0.92862			6
2025.12.24	01:18:47.213		0.92863			4
2025.12.24	01:18:48.272	0.92851	0.92864			6
2025.12.24	01:18:49.307	0.92852	0.92863			6
2025.12.24	01:18:50.136	0.92849	0.92865			6
2025.12.24	01:18:50.473	0.92851	0.92864			6
2025.12.24	01:18:50.788	0.92852	0.92863			6
2025.12.24	01:18:51.165	0.92849				2
2025.12.24	01:18:51.478	0.92850	0.92860			6
2025.12.24	01:18:52.182	0.92849	0.92862			6
2025.12.24	01:18:52.577		0.92861			4
2025.12.24	01:18:53.183	0.92848	0.92863			6
2025.12.24	01:18:53.582	0.92850	0.92860			6
2025.12.24	01:18:55.523	0.92849	0.92861			6
2025.12.24	01:18:56.273	0.92850	0.92860			6
2025.12.24	01:18:58.630	0.92849	0.92861			6
2025.12.24	01:18:59.648	0.92850	0.92860			6
2025.12.24	01:19:00.704	0.92849	0.92861			6
2025.12.24	01:19:02.449	0.92850				2
2025.12.24	01:19:02.776	0.92849				2
2025.12.24	01:19:03.558	0.92848	0.92862			6
2025.12.24	01:19:03.943	0.92850	0.92860			6
2025.12.24	01:19:04.849		0.92861			4
2025.12.24	01:19:05.915		0.92860			4
2025.12.24	01:19:06.361	0.92849	0.92859			6
2025.12.24	01:19:06.918	0.92848				2
2025.12.24	01:19:07.301	0.92849				2
2025.12.24	01:19:07.957	0.92848	0.92860			6
2025.12.24	01:19:08.272	0.92849				2
2025.12.24	01:19:08.993	0.92848				2
2025.12.24	01:19:10.058	0.92849				2
2025.12.24	01:19:11.064	0.92848				2
2025.12.24	01:19:12.100	0.92849				2
2025.12.24	01:19:16.188	0.92848	0.92859			6
2025.12.24	01:19:17.280		0.92860			4
2025.12.24	01:19:18.318		0.92859			4
2025.12.24	01:19:19.350		0.92860			4
2025.12.24	01:19:23.493		0.92859			4
2025.12.24	01:19:24.533	0.92847	0.92857			6
2025.12.24	01:19:24.843		0.92858			4
2025.12.24	01:19:25.317	0.92845	0.92860			6
2025.12.24	01:19:25.628	0.92847	0.92858			6
2025.12.24	01:19:27.636	0.92846	0.92859			6
2025.12.24	01:19:27.970	0.92847	0.92858			6
2025.12.24	01:19:29.474	0.92845	0.92860			6
2025.12.24	01:19:29.803	0.92846	0.92859			6
2025.12.24	01:19:32.849	0.92847	0.92858			6
2025.12.24	01:19:33.850	0.92846	0.92859			6
2025.12.24	01:19:43.188	0.92847				2
2025.12.24	01:19:44.210		0.92858			4
2025.12.24	01:19:44.970	0.92846	0.92859			6
2025.12.24	01:19:45.278	0.92847				2
2025.12.24	01:19:46.283	0.92846				2
2025.12.24	01:19:47.318		0.92858			4
2025.12.24	01:19:48.358		0.92859			4
2025.12.24	01:19:50.439		0.92858			4
2025.12.24	01:19:51.495		0.92859			4
2025.12.24	01:19:53.548		0.92858			4
2025.12.24	01:19:54.582		0.92859			4
2025.12.24	01:19:57.423	0.92845	0.92861			6
2025.12.24	01:19:57.760	0.92846	0.92860			6
2025.12.24	01:19:58.729		0.92858			4
2025.12.24	01:20:00.281	0.92846				2
2025.12.24	01:20:02.837		0.92859			4
2025.12.24	01:20:03.910		0.92858			4
2025.12.24	01:20:05.962		0.92859			4
2025.12.24	01:20:06.953		0.92858			4
2025.12.24	01:20:07.964		0.92859			4
2025.12.24	01:20:08.454	0.92847	0.92858			6
2025.12.24	01:20:09.071	0.92846	0.92859			6
2025.12.24	01:20:09.598		0.92858			4
2025.12.24	01:20:09.962	0.92845	0.92860			6
2025.12.24	01:20:10.278	0.92846	0.92858			6
2025.12.24	01:20:11.164		0.92859			4
2025.12.24	01:20:11.532	0.92847	0.92858			6
2025.12.24	01:20:12.179	0.92846				2
2025.12.24	01:20:14.046	0.92844	0.92860			6
2025.12.24	01:20:14.380	0.92846	0.92858			6
2025.12.24	01:20:15.290		0.92857			4
2025.12.24	01:20:16.325		0.92859			4
2025.12.24	01:20:17.380		0.92858			4
2025.12.24	01:20:18.401		0.92859			4
2025.12.24	01:20:19.453		0.92858			4
2025.12.24	01:20:23.574		0.92859			4
2025.12.24	01:20:24.308	0.92847	0.92858			6
2025.12.24	01:20:24.612	0.92846				2
2025.12.24	01:20:25.032	0.92847				2
2025.12.24	01:20:26.322	0.92851	0.92862			6
2025.12.24	01:20:27.066	0.92850	0.92863			6
2025.12.24	01:20:27.373	0.92849				2
2025.12.24	01:20:27.769		0.92862			4
2025.12.24	01:20:28.652	0.92850				2
2025.12.24	01:20:29.489	0.92849				2
2025.12.24	01:20:32.282	0.92850				2
2025.12.24	01:20:32.597	0.92849				2
2025.12.24	01:20:33.102	0.92850				2
2025.12.24	01:20:33.637	0.92848				2
2025.12.24	01:20:33.960	0.92849	0.92863			6
2025.12.24	01:20:39.013	0.92850				2
2025.12.24	01:20:44.182		0.92862			4
2025.12.24	01:20:44.489	0.92852	0.92863			6
2025.12.24	01:20:45.140	0.92853				2
2025.12.24	01:20:45.538	0.92852				2
2025.12.24	01:20:45.925	0.92853				2
2025.12.24	01:20:47.303	0.92851	0.92866			6
2025.12.24	01:20:47.625	0.92853	0.92864			6
2025.12.24	01:20:47.938	0.92852	0.92867			6
2025.12.24	01:20:48.273	0.92853	0.92865			6
2025.12.24	01:20:50.153	0.92852	0.92866			6
2025.12.24	01:20:50.993	0.92853	0.92865			6
2025.12.24	01:20:51.659	0.92852	0.92866			6
2025.12.24	01:20:51.996	0.92853	0.92865			6
2025.12.24	01:20:52.677		0.92867			4
2025.12.24	01:20:52.980	0.92852	0.92865			6
2025.12.24	01:20:53.842	0.92851	0.92866			6
2025.12.24	01:20:54.164	0.92852	0.92864			6
2025.12.24	01:20:54.898	0.92851				2
2025.12.24	01:20:55.199	0.92852	0.92863			6
2025.12.24	01:20:55.898	0.92851	0.92865			6
2025.12.24	01:20:56.237	0.92852	0.92864			6
2025.12.24	01:20:56.950	0.92854	0.92866			6
2025.12.24	01:20:58.956	0.92855	0.92869			6
2025.12.24	01:20:59.339	0.92856	0.92870			6
2025.12.24	01:20:59.670		0.92871			4
2025.12.24	01:21:00.188	0.92856	0.92869			6
2025.12.24	01:21:01.161		0.92870			4
2025.12.24	01:21:06.218	0.92857	0.92871			6
2025.12.24	01:21:07.460	0.92858	0.92869			6
2025.12.24	01:21:08.477		0.92868			4
2025.12.24	01:21:12.042	0.92856				2
2025.12.24	01:21:12.627	0.92857	0.92867			6
2025.12.24	01:21:13.722	0.92858				2
2025.12.24	01:21:14.377		0.92869			4
2025.12.24	01:21:19.817	0.92857	0.92868			6
2025.12.24	01:21:20.956	0.92858	0.92867			6
2025.12.24	01:21:21.655	0.92859	0.92871			6
2025.12.24	01:21:23.764	0.92858	0.92870			6
2025.12.24	01:21:24.796	0.92859	0.92871			6
2025.12.24	01:21:25.617	0.92858	0.92870			6
2025.12.24	01:21:26.368	0.92859	0.92869			6
2025.12.24	01:21:26.871		0.92871			4
2025.12.24	01:21:32.445	0.92858	0.92870			6
2025.12.24	01:21:33.477	0.92859	0.92869			6
2025.12.24	01:21:34.893	0.92858	0.92870			6
2025.12.24	01:21:36.585	0.92859	0.92871			6
2025.12.24	01:21:37.621	0.92858	0.92870			6
2025.12.24	01:21:38.789		0.92869			4
2025.12.24	01:21:39.695	0.92859	0.92870			6
2025.12.24	01:21:40.732		0.92871			4
2025.12.24	01:21:41.768		0.92869			4
2025.12.24	01:21:42.808		0.92870			4
2025.12.24	01:21:43.839		0.92871			4
2025.12.24	01:21:44.658	0.92858	0.92872			6
2025.12.24	01:21:45.008	0.92859	0.92871			6
2025.12.24	01:21:45.912	0.92858	0.92870			6
2025.12.24	01:21:46.949		0.92871			4
2025.12.24	01:21:47.337	0.92859	0.92870			6
2025.12.24	01:21:51.320		0.92869			4
2025.12.24	01:21:51.626		0.92870			4
2025.12.24	01:21:52.516		0.92868			4
2025.12.24	01:21:53.378	0.92858				2
2025.12.24	01:21:55.382	0.92859	0.92869			6
2025.12.24	01:21:55.882		0.92870			4
2025.12.24	01:21:57.085	0.92860	0.92869			6
2025.12.24	01:21:58.041	0.92859	0.92870			6
2025.12.24	01:22:00.013	0.92860	0.92869			6
2025.12.24	01:22:01.194	0.92859				2
2025.12.24	01:22:02.055	0.92860	0.92870			6
2025.12.24	01:22:02.426	0.92859	0.92869			6
2025.12.24	01:22:03.866	0.92860				2
2025.12.24	01:22:05.198	0.92859	0.92870			6
2025.12.24	01:22:05.713	0.92860				2
2025.12.24	01:22:06.377		0.92869			4
2025.12.24	01:22:08.642	0.92859	0.92870			6
2025.12.24	01:22:08.971	0.92860	0.92869			6
2025.12.24	01:22:09.383	0.92859	0.92870			6
2025.12.24	01:22:09.742		0.92869			4
2025.12.24	01:22:10.550	0.92860	0.92870			6
2025.12.24	01:22:11.381	0.92859	0.92869			6
2025.12.24	01:22:11.685	0.92860				2
2025.12.24	01:22:12.059	0.92859				2
2025.12.24	01:22:13.239		0.92870			4
2025.12.24	01:22:13.875		0.92869			4
2025.12.24	01:22:16.738	0.92860				2
2025.12.24	01:22:17.592		0.92870			4
2025.12.24	01:22:17.926		0.92869			4
2025.12.24	01:22:22.180	0.92859	0.92870			6
2025.12.24	01:22:23.208	0.92860				2
2025.12.24	01:22:23.540		0.92869			4
2025.12.24	01:22:25.287	0.92859				2
2025.12.24	01:22:34.556	0.92860				2
2025.12.24	01:22:37.723	0.92859				2
2025.12.24	01:22:40.538	0.92860				2
2025.12.24	01:22:45.296	0.92859				2
2025.12.24	01:22:47.423	0.92860				2
2025.12.24	01:22:47.956	0.92859				2
2025.12.24	01:22:49.914	0.92857	0.92867			6
2025.12.24	01:22:50.273	0.92859	0.92870			6
2025.12.24	01:22:50.991	0.92860	0.92869			6
2025.12.24	01:22:51.632	0.92859	0.92870			6
2025.12.24	01:22:51.936	0.92858	0.92871			6
2025.12.24	01:22:52.323	0.92859				2
2025.12.24	01:22:52.657		0.92870			4
2025.12.24	01:22:53.121	0.92858	0.92871			6
2025.12.24	01:22:53.439	0.92859	0.92870			6
2025.12.24	01:22:53.765	0.92860	0.92869			6
2025.12.24	01:22:54.402	0.92859	0.92870			6
2025.12.24	01:22:54.738	0.92860	0.92869			6
2025.12.24	01:22:55.377	0.92859	0.92870			6
2025.12.24	01:22:55.793	0.92858				2
2025.12.24	01:22:56.105	0.92860	0.92869			6
2025.12.24	01:22:57.021	0.92859	0.92871			6
2025.12.24	01:22:57.324	0.92860	0.92870			6
2025.12.24	01:22:57.804	0.92859	0.92871			6
2025.12.24	01:22:58.186	0.92860	0.92870			6
2025.12.24	01:22:59.877	0.92859	0.92871			6
2025.12.24	01:23:00.258	0.92859	0.92870			6
2025.12.24	01:23:00.683	0.92858	0.92871			6
2025.12.24	01:23:01.076	0.92859	0.92870			6
2025.12.24	01:23:01.482	0.92860				2
2025.12.24	01:23:01.877	0.92859				2
2025.12.24	01:23:03.018	0.92860				2
2025.12.24	01:23:04.018	0.92859				2
2025.12.24	01:23:05.057		0.92871			4
2025.12.24	01:23:08.157		0.92869			4
2025.12.24	01:23:09.261		0.92870			4
2025.12.24	01:23:10.176	0.92860	0.92869			6
2025.12.24	01:23:10.491	0.92859	0.92870			6
2025.12.24	01:23:11.891	0.92860	0.92869			6
2025.12.24	01:23:12.379	0.92859	0.92870			6
2025.12.24	01:23:14.505	0.92860	0.92869			6
2025.12.24	01:23:14.889	0.92859	0.92870			6
2025.12.24	01:23:15.389		0.92869			4
2025.12.24	01:23:16.511	0.92860				2
2025.12.24	01:23:16.838	0.92859				2
2025.12.24	01:23:17.546	0.92860				2
2025.12.24	01:23:17.873	0.92859	0.92870			6
2025.12.24	01:23:18.584		0.92869			4
2025.12.24	01:23:18.906		0.92870			4
2025.12.24	01:23:20.535	0.92858				2
2025.12.24	01:23:22.923	0.92859	0.92869			6
2025.12.24	01:23:23.765		0.92868			4
2025.12.24	01:23:24.090	0.92858	0.92869			6
2025.12.24	01:23:24.799	0.92859	0.92868			6
2025.12.24	01:23:25.128	0.92858	0.92869			6
2025.12.24	01:23:26.872	0.92859				2
2025.12.24	01:23:27.201	0.92858				2
2025.12.24	01:23:27.908	0.92859				2
2025.12.24	01:23:28.238	0.92858	0.92870			6
2025.12.24	01:23:33.086	0.92859	0.92869			6
2025.12.24	01:23:33.423	0.92858	0.92870			6
2025.12.24	01:23:35.160	0.92859	0.92869			6
2025.12.24	01:23:35.490		0.92870			4
2025.12.24	01:23:36.388		0.92869			4
2025.12.24	01:23:38.470		0.92870			4
2025.12.24	01:23:39.503		0.92869			4
2025.12.24	01:23:42.745		0.92870			4
2025.12.24	01:23:43.641		0.92869			4
2025.12.24	01:23:49.867		0.92870			4
2025.12.24	01:23:52.866		0.92869			4
2025.12.24	01:23:58.411	0.92860				2
2025.12.24	01:23:59.450	0.92859				2
2025.12.24	01:24:00.490	0.92860				2
2025.12.24	01:24:01.207	0.92859				2
2025.12.24	01:24:02.696	0.92860				2
2025.12.24	01:24:05.502	0.92859				2
2025.12.24	01:24:05.822	0.92858	0.92870			6
2025.12.24	01:24:06.837		0.92869			4
2025.12.24	01:24:07.870		0.92870			4
2025.12.24	01:24:08.929	0.92859	0.92869			6
2025.12.24	01:24:09.234	0.92858				2
2025.12.24	01:24:11.079	0.92861	0.92870			6
2025.12.24	01:24:11.398		0.92872			4
2025.12.24	01:24:12.224		0.92871			4
2025.12.24	01:24:15.782		0.92872			4
2025.12.24	01:24:16.437		0.92871			4
2025.12.24	01:24:18.770		0.92872			4
2025.12.24	01:24:20.710		0.92871			4
2025.12.24	01:24:21.017	0.92860				2
2025.12.24	01:24:45.047		0.92870			4
2025.12.24	01:24:48.959		0.92871			4
2025.12.24	01:25:00.447	0.92860				2
2025.12.24	01:25:15.957		0.92870			4
2025.12.24	01:25:29.582	0.92859				2
2025.12.24	01:25:49.723	0.92858				2
2025.12.24	01:25:51.233		0.92871			4
2025.12.24	01:25:52.910		0.92870			4
2025.12.24	01:25:53.850		0.92871			4
2025.12.24	01:25:54.981		0.92870			4
2025.12.24	01:25:59.274		0.92871			4
2025.12.24	01:26:00.524	0.92860	0.92869			6
2025.12.24	01:26:01.713		0.92873			4
2025.12.24	01:26:02.169	0.92862				2
2025.12.24	01:26:02.588	0.92861				2
2025.12.24	01:26:03.100		0.92872			4
2025.12.24	01:26:04.417	0.92862				2
2025.12.24	01:26:05.456		0.92873			4
2025.12.24	01:26:11.551	0.92863				2
2025.12.24	01:26:12.495	0.92862				2
2025.12.24	01:26:13.300	0.92864				2
2025.12.24	01:26:13.635	0.92862				2
2025.12.24	01:26:15.375	0.92863				2
2025.12.24	01:26:25.678		0.92874			4
2025.12.24	01:26:26.714		0.92873			4
2025.12.24	01:26:27.750		0.92874			4
2025.12.24	01:26:28.787	0.92862				2
2025.12.24	01:26:29.822	0.92863	0.92873			6
2025.12.24	01:26:30.929	0.92864				2
2025.12.24	01:26:33.156	0.92863	0.92874			6
2025.12.24	01:26:35.071		0.92873			4
2025.12.24	01:26:35.548		0.92872			4
2025.12.24	01:26:35.853	0.92862	0.92873			6
2025.12.24	01:26:51.261	0.92861				2
2025.12.24	01:26:52.298	0.92862	0.92872			6
2025.12.24	01:26:54.369		0.92873			4
2025.12.24	01:26:59.443		0.92872			4
2025.12.24	01:26:59.745		0.92873			4
2025.12.24	01:27:00.373	0.92862	0.92872			6
2025.12.24	01:27:00.772	0.92863	0.92873			6
2025.12.24	01:27:01.887	0.92864				2
2025.12.24	01:27:15.053	0.92863				2
2025.12.24	01:27:15.588	0.92864				2
2025.12.24	01:27:15.960	0.92863				2
2025.12.24	01:27:22.983	0.92864				2
2025.12.24	01:27:23.324	0.92863				2
2025.12.24	01:27:25.065	0.92864				2
2025.12.24	01:27:25.372	0.92863				2
2025.12.24	01:27:33.551	0.92864				2
2025.12.24	01:27:37.634	0.92863	0.92874			6
2025.12.24	01:27:44.886	0.92864	0.92873			6
2025.12.24	01:27:45.458	0.92863	0.92874			6
2025.12.24	01:27:48.058	0.92864	0.92873			6
2025.12.24	01:27:49.159	0.92863	0.92874			6
2025.12.24	01:27:50.069	0.92864				2
2025.12.24	01:27:51.105		0.92873			4
2025.12.24	01:27:52.202		0.92874			4
2025.12.24	01:27:57.956		0.92873			4
2025.12.24	01:27:59.910		0.92874			4
2025.12.24	01:28:00.289	0.92864	0.92873			6
2025.12.24	01:28:01.813		0.92874			4
2025.12.24	01:28:02.156		0.92873			4
2025.12.24	01:28:02.800		0.92874			4
2025.12.24	01:28:03.149		0.92873			4
2025.12.24	01:28:03.474	0.92863	0.92874			6
2025.12.24	01:28:04.510	0.92864	0.92873			6
2025.12.24	01:28:05.262		0.92874			4
2025.12.24	01:28:10.439		0.92873			4
2025.12.24	01:28:10.758		0.92874			4
2025.12.24	01:28:11.917		0.92873			4
2025.12.24	01:28:12.951	0.92863	0.92874			6
2025.12.24	01:28:13.966	0.92864				2
2025.12.24	01:28:14.280		0.92873			4
2025.12.24	01:28:17.266	0.92863	0.92874			6
2025.12.24	01:28:18.467	0.92864	0.92873			6
2025.12.24	01:28:20.956		0.92874			4
2025.12.24	01:28:21.283	0.92865	0.92873			6
2025.12.24	01:28:21.591	0.92863	0.92872			6
2025.12.24	01:28:23.173	0.92864	0.92873			6
2025.12.24	01:28:24.405		0.92874			4
2025.12.24	01:28:27.192		0.92873			4
2025.12.24	01:28:28.024		0.92874			4
2025.12.24	01:28:28.411	0.92866	0.92875			6
2025.12.24	01:28:28.722		0.92874			4
2025.12.24	01:28:29.089	0.92864				2
2025.12.24	01:28:29.402	0.92865	0.92873			6
2025.12.24	01:28:29.896	0.92864	0.92874			6
2025.12.24	01:28:30.208	0.92865	0.92873			6
2025.12.24	01:28:31.337	0.92864	0.92874			6
2025.12.24	01:28:32.303	0.92865	0.92873			6
2025.12.24	01:28:33.410	0.92864	0.92874			6
2025.12.24	01:28:38.225	0.92865				2
2025.12.24	01:28:39.577		0.92875			4
2025.12.24	01:28:48.835		0.92874			4
2025.12.24	01:28:50.783		0.92875			4
2025.12.24	01:28:51.099		0.92874			4
2025.12.24	01:28:51.783		0.92875			4
2025.12.24	01:28:52.106		0.92874			4
2025.12.24	01:29:00.534	0.92866				2
2025.12.24	01:29:10.534	0.92865				2
2025.12.24	01:29:13.156	0.92864				2
2025.12.24	01:29:17.904		0.92873			4
2025.12.24	01:29:23.754		0.92874			4
2025.12.24	01:29:26.193		0.92873			4
2025.12.24	01:29:30.535		0.92874			4
2025.12.24	01:29:31.939	0.92866	0.92876			6
2025.12.24	01:29:33.218		0.92875			4
2025.12.24	01:29:36.055		0.92874			4
2025.12.24	01:29:39.662		0.92875			4
2025.12.24	01:29:40.502	0.92864				2
2025.12.24	01:29:41.440		0.92874			4
2025.12.24	01:30:00.475	0.92864	0.92873			6
2025.12.24	01:30:03.280	0.92866	0.92870			6
2025.12.24	01:30:06.730	0.92864	0.92873			6
2025.12.24	01:30:15.368	0.92862	0.92872			6
2025.12.24	01:30:22.404	0.92865	0.92874			6
2025.12.24	01:30:24.890		0.92875			4
2025.12.24	01:30:26.228	0.92867	0.92877			6
2025.12.24	01:30:29.786	0.92868	0.92878			6
2025.12.24	01:30:40.855	0.92867	0.92877			6
2025.12.24	01:30:43.639		0.92876			4
2025.12.24	01:30:44.807	0.92868				2
2025.12.24	01:30:52.821		0.92878			4
2025.12.24	01:30:53.791		0.92877			4
2025.12.24	01:30:59.238	0.92869				2
2025.12.24	01:31:00.212	0.92868				2
2025.12.24	01:31:13.853		0.92876			4
2025.12.24	01:31:16.977		0.92877			4
2025.12.24	01:31:28.210	0.92870	0.92878			6
2025.12.24	01:31:30.473	0.92868	0.92877			6
2025.12.24	01:31:39.923	0.92869	0.92878			6
2025.12.24	01:31:42.456		0.92877			4
2025.12.24	01:31:43.786	0.92868				2
2025.12.24	01:31:54.353	0.92869				2
2025.12.24	01:31:58.855	0.92870	0.92878			6
2025.12.24	01:32:00.437	0.92868				2
2025.12.24	01:32:01.536	0.92869	0.92877			6
2025.12.24	01:32:05.042	0.92873	0.92882			6
2025.12.24	01:32:05.404		0.92884			4
2025.12.24	01:32:05.718	0.92871	0.92880			6
2025.12.24	01:32:06.024		0.92879			4
2025.12.24	01:32:13.981	0.92870				2
2025.12.24	01:32:14.288		0.92878			4
2025.12.24	01:32:19.710		0.92879			4
2025.12.24	01:32:20.061	0.92871				2
2025.12.24	01:32:24.553		0.92880			4
2025.12.24	01:32:24.955		0.92879			4
2025.12.24	01:32:27.954		0.92880			4
2025.12.24	01:32:28.444		0.92879			4
2025.12.24	01:32:29.442	0.92872	0.92880			6
2025.12.24	01:32:30.406		0.92879			4
2025.12.24	01:32:33.763	0.92871	0.92880			6
2025.12.24	01:32:37.022	0.92872				2
2025.12.24	01:32:38.966	0.92871				2
2025.12.24	01:32:43.308		0.92879			4
2025.12.24	01:32:51.659		0.92880			4
2025.12.24	01:32:53.125		0.92879			4
2025.12.24	01:32:55.352		0.92880			4
2025.12.24	01:32:56.124		0.92879			4
2025.12.24	01:32:57.306		0.92880			4
2025.12.24	01:32:58.136		0.92879			4
2025.12.24	01:33:00.078	0.92871	0.92880			6
2025.12.24	01:33:00.774		0.92879			4
2025.12.24	01:33:02.308	0.92876	0.92884			6
2025.12.24	01:33:04.738	0.92875	0.92885			6
2025.12.24	01:33:06.653	0.92876	0.92884			6
2025.12.24	01:33:11.729		0.92885			4
2025.12.24	01:33:12.070	0.92877	0.92887			6
2025.12.24	01:33:12.625		0.92885			4
2025.12.24	01:33:15.140	0.92876	0.92884			6
2025.12.24	01:33:28.254	0.92875				2
2025.12.24	01:33:30.901	0.92876				2
2025.12.24	01:33:40.857	0.92875				2
2025.12.24	01:33:42.297	0.92876				2
2025.12.24	01:33:49.670	0.92875				2
2025.12.24	01:33:50.192	0.92874	0.92883			6
2025.12.24	01:33:57.100		0.92884			4
2025.12.24	01:34:00.368	0.92874				2
2025.12.24	01:34:12.765	0.92875				2
2025.12.24	01:34:25.656		0.92885			4
2025.12.24	01:34:27.677	0.92877	0.92886			6
2025.12.24	01:34:30.197	0.92876				2
2025.12.24	01:34:31.263		0.92885			4
2025.12.24	01:34:34.000	0.92877				2
2025.12.24	01:34:34.327	0.92876	0.92886			6
2025.12.24	01:34:37.347	0.92877	0.92885			6
2025.12.24	01:34:38.513	0.92876	0.92886			6
2025.12.24	01:34:39.172	0.92877	0.92885			6
2025.12.24	01:34:45.354	0.92875				2
2025.12.24	01:34:54.198	0.92874	0.92884			6
2025.12.24	01:34:56.644		0.92885			4
2025.12.24	01:34:57.680		0.92884			4
2025.12.24	01:35:00.431	0.92874	0.92885			6
2025.12.24	01:35:03.121	0.92873				2
2025.12.24	01:35:11.411	0.92874	0.92884			6
2025.12.24	01:35:16.502	0.92873	0.92885			6
2025.12.24	01:35:19.529	0.92874	0.92884			6
2025.12.24	01:35:19.838	0.92873	0.92885			6
2025.12.24	01:35:21.771	0.92874	0.92884			6
2025.12.24	01:35:23.972		0.92885			4
2025.12.24	01:35:25.202	0.92879	0.92887			6
2025.12.24	01:35:25.520	0.92880				2
2025.12.24	01:35:28.793	0.92878				2
2025.12.24	01:35:30.386		0.92888			4
2025.12.24	01:35:31.402		0.92887			4
2025.12.24	01:35:36.210		0.92888			4
2025.12.24	01:35:37.375	0.92880	0.92889			6
2025.12.24	01:35:40.854		0.92888			4
2025.12.24	01:35:44.214	0.92879				2
2025.12.24	01:35:46.568	0.92881				2
2025.12.24	01:35:51.954		0.92889			4
2025.12.24	01:35:54.385	0.92876	0.92885			6
2025.12.24	01:35:56.481	0.92875	0.92884			6
2025.12.24	01:35:57.565	0.92877	0.92885			6
2025.12.24	01:36:00.868	0.92878				2
2025.12.24	01:36:01.227	0.92877	0.92886			6
2025.12.24	01:36:06.014	0.92878	0.92885			6
2025.12.24	01:36:07.038	0.92876	0.92884			6
2025.12.24	01:36:09.090	0.92877				2
2025.12.24	01:36:10.098		0.92885			4
2025.12.24	01:36:18.634		0.92884			4
2025.12.24	01:36:19.586		0.92885			4
2025.12.24	01:36:22.741		0.92884			4
2025.12.24	01:36:24.145		0.92885			4
2025.12.24	01:36:24.781		0.92884			4
2025.12.24	01:36:25.359	0.92874	0.92881			6
2025.12.24	01:36:29.511	0.92873	0.92880			6
2025.12.24	01:36:36.519		0.92881			4
2025.12.24	01:36:48.159		0.92880			4
2025.12.24	01:36:51.654		0.92881			4
2025.12.24	01:37:00.809	0.92873				2
2025.12.24	01:37:03.593		0.92880			4
2025.12.24	01:37:04.157		0.92882			4
2025.12.24	01:37:06.909		0.92881			4
2025.12.24	01:37:07.673	0.92874				2
2025.12.24	01:37:13.675		0.92882			4
2025.12.24	01:37:15.103	0.92873	0.92881			6
2025.12.24	01:37:21.451	0.92874				2
2025.12.24	01:37:22.355	0.92873	0.92882			6
2025.12.24	01:37:24.558	0.92874	0.92881			6
2025.12.24	01:37:27.858	0.92875	0.92883			6
2025.12.24	01:37:29.903		0.92884			4
2025.12.24	01:37:31.121		0.92883			4
2025.12.24	01:37:35.832	0.92874	0.92881			6
2025.12.24	01:37:39.206	0.92876	0.92885			6
2025.12.24	01:37:40.855	0.92877				2
2025.12.24	01:37:46.391	0.92876				2
2025.12.24	01:37:47.155	0.92877				2
2025.12.24	01:38:00.512	0.92877				2
2025.12.24	01:38:10.855	0.92878				2
2025.12.24	01:38:14.655		0.92886			4
2025.12.24	01:38:14.998	0.92877	0.92885			6
2025.12.24	01:38:18.829	0.92876				2
2025.12.24	01:38:19.483	0.92879	0.92886			6
2025.12.24	01:38:21.551	0.92878				2
2025.12.24	01:38:24.623	0.92879	0.92888			6
2025.12.24	01:38:27.054	0.92880	0.92887			6
2025.12.24	01:38:30.053	0.92879	0.92888			6
2025.12.24	01:38:42.237	0.92878				2
2025.12.24	01:38:49.500		0.92887			4
2025.12.24	01:38:49.942		0.92888			4
2025.12.24	01:38:50.625		0.92887			4
2025.12.24	01:38:50.971		0.92888			4
2025.12.24	01:38:51.282	0.92879	0.92887			6
2025.12.24	01:38:53.159	0.92878	0.92886			6
2025.12.24	01:38:59.417	0.92879				2
2025.12.24	01:39:01.018	0.92878	0.92885			6
2025.12.24	01:39:05.190		0.92886			4
2025.12.24	01:39:09.434	0.92876	0.92885			6
2025.12.24	01:39:09.739	0.92877				2
2025.12.24	01:39:10.639	0.92878				2
2025.12.24	01:39:15.055		0.92886			4
2025.12.24	01:39:19.964	0.92876	0.92885			6
2025.12.24	01:39:22.169	0.92878	0.92886			6
2025.12.24	01:39:25.422	0.92877	0.92885			6
2025.12.24	01:39:25.957		0.92886			4
2025.12.24	01:39:26.358		0.92885			4
2025.12.24	01:39:26.787		0.92886			4
2025.12.24	01:39:28.219	0.92878	0.92885			6
2025.12.24	01:39:30.712	0.92879	0.92889			6
2025.12.24	01:39:31.880		0.92888			4
2025.12.24	01:39:32.976	0.92878				2
2025.12.24	01:39:34.522		0.92886			4
2025.12.24	01:39:36.683	0.92879	0.92887			6
2025.12.24	01:39:39.355	0.92880	0.92886			6
2025.12.24	01:39:49.497	0.92878	0.92885			6
2025.12.24	01:39:50.535	0.92877	0.92884			6
2025.12.24	01:39:55.704	0.92878	0.92885			6
2025.12.24	01:40:00.323	0.92878				2
2025.12.24	01:40:04.565	0.92879	0.92886			6
2025.12.24	01:40:06.915	0.92878				2
2025.12.24	01:40:10.080	0.92879				2
2025.12.24	01:40:20.073	0.92877	0.92887			6
2025.12.24	01:40:22.210	0.92876	0.92885			6
2025.12.24	01:40:22.628	0.92877				2
2025.12.24	01:40:25.874	0.92878				2
2025.12.24	01:40:26.311	0.92877				2
2025.12.24	01:40:28.545	0.92879	0.92887			6
2025.12.24	01:40:33.373		0.92888			4
2025.12.24	01:40:35.663		0.92887			4
2025.12.24	01:40:39.777	0.92882	0.92889			6
2025.12.24	01:40:40.101		0.92890			4
2025.12.24	01:40:47.528	0.92883				2
2025.12.24	01:40:58.469		0.92892			4
2025.12.24	01:41:00.065	0.92883				2
2025.12.24	01:41:03.354		0.92890			4
2025.12.24	01:41:22.867		0.92891			4
2025.12.24	01:41:27.708	0.92887	0.92894			6
2025.12.24	01:41:31.791	0.92886	0.92895			6
2025.12.24	01:41:36.653	0.92887	0.92894			6
2025.12.24	01:41:38.501	0.92886	0.92893			6
2025.12.24	01:41:53.509		0.92894			4
2025.12.24	01:41:57.356		0.92893			4
2025.12.24	01:42:00.291	0.92886				2
2025.12.24	01:42:00.795		0.92894			4
2025.12.24	01:42:03.987		0.92893			4
2025.12.24	01:42:04.980	0.92885				2
2025.12.24	01:42:23.790		0.92892			4
2025.12.24	01:42:39.556	0.92883	0.92890			6
2025.12.24	01:42:40.777	0.92882	0.92889			6
2025.12.24	01:42:43.199	0.92881	0.92891			6
2025.12.24	01:42:43.872	0.92883	0.92890			6
2025.12.24	01:42:44.476	0.92882				2
2025.12.24	01:42:45.577		0.92889			4
2025.12.24	01:42:46.072	0.92883				2
2025.12.24	01:42:47.154	0.92882				2
2025.12.24	01:42:48.276	0.92883	0.92890			6
2025.12.24	01:42:48.718	0.92882	0.92891			6
2025.12.24	01:42:49.724		0.92890			4
2025.12.24	01:43:00.289	0.92882				2
2025.12.24	01:43:04.853		0.92889			4
2025.12.24	01:43:06.954	0.92883	0.92890			6
2025.12.24	01:43:10.839	0.92885	0.92893			6
2025.12.24	01:43:23.046	0.92883	0.92892			6
2025.12.24	01:43:28.791	0.92885	0.92894			6
2025.12.24	01:43:43.854		0.92893			4
2025.12.24	01:43:46.862		0.92894			4
2025.12.24	01:44:03.846	0.92886	0.92893			6
2025.12.24	01:44:07.593	0.92885				2
2025.12.24	01:44:10.579		0.92892			4
2025.12.24	01:44:11.217	0.92884				2
2025.12.24	01:44:14.081		0.92891			4
2025.12.24	01:44:23.430	0.92883				2
2025.12.24	01:44:28.982	0.92884				2
2025.12.24	01:44:31.767		0.92890			4
2025.12.24	01:44:33.101		0.92891			4
2025.12.24	01:44:33.461	0.92883				2
2025.12.24	01:44:34.538		0.92890			4
2025.12.24	01:44:39.725	0.92882	0.92889			6
2025.12.24	01:44:41.923		0.92890			4
2025.12.24	01:44:43.978	0.92884	0.92891			6
2025.12.24	01:44:44.881		0.92892			4
2025.12.24	01:44:45.217		0.92890			4
2025.12.24	01:44:55.514	0.92883	0.92891			6
2025.12.24	01:45:00.354	0.92884	0.92890			6
2025.12.24	01:45:01.376		0.92891			4
2025.12.24	01:45:02.027	0.92883	0.92890			6
2025.12.24	01:45:05.690	0.92879	0.92888			6
2025.12.24	01:45:10.079	0.92883	0.92890			6
2025.12.24	01:45:15.382	0.92882				2
2025.12.24	01:45:17.013	0.92883	0.92889			6
2025.12.24	01:45:19.016	0.92881	0.92888			6
2025.12.24	01:45:20.685	0.92880				2
2025.12.24	01:45:23.272	0.92881				2
2025.12.24	01:45:23.595		0.92889			4
2025.12.24	01:45:25.255		0.92888			4
2025.12.24	01:45:29.977	0.92882	0.92889			6
2025.12.24	01:45:32.124	0.92881	0.92888			6
2025.12.24	01:45:37.426		0.92889			4
2025.12.24	01:45:38.055		0.92888			4
2025.12.24	01:45:39.876	0.92880	0.92887			6
2025.12.24	01:45:40.522	0.92881	0.92889			6
2025.12.24	01:45:41.548		0.92888			4
2025.12.24	01:45:42.459	0.92880				2
2025.12.24	01:45:47.790	0.92879	0.92887			6
2025.12.24	01:45:50.447		0.92888			4
2025.12.24	01:45:50.759		0.92886			4
2025.12.24	01:45:51.650		0.92888			4
2025.12.24	01:45:52.766		0.92887			4
2025.12.24	01:46:00.947	0.92879				2
2025.12.24	01:46:06.302	0.92878				2
2025.12.24	01:46:08.475	0.92879	0.92888			6
2025.12.24	01:46:08.966	0.92880	0.92889			6
2025.12.24	01:46:09.543	0.92879	0.92888			6
2025.12.24	01:46:10.534	0.92880	0.92889			6
2025.12.24	01:46:15.379	0.92876	0.92884			6
2025.12.24	01:46:15.711	0.92877				2
2025.12.24	01:46:20.970		0.92885			4
2025.12.24	01:46:31.011	0.92878	0.92884			6
2025.12.24	01:46:33.570		0.92885			4
2025.12.24	01:46:36.291	0.92879	0.92887			6
2025.12.24	01:46:53.019	0.92882	0.92890			6
2025.12.24	01:46:53.389	0.92881	0.92889			6
2025.12.24	01:46:55.803	0.92880	0.92888			6
2025.12.24	01:46:56.131	0.92877	0.92884			6
2025.12.24	01:47:00.614	0.92877				2
2025.12.24	01:47:03.662	0.92876	0.92883			6
2025.12.24	01:47:06.095	0.92875	0.92882			6
2025.12.24	01:47:06.419		0.92883			4
2025.12.24	01:47:13.244		0.92884			4
2025.12.24	01:47:16.437	0.92876	0.92883			6
2025.12.24	01:47:18.167	0.92874				2
2025.12.24	01:47:37.490	0.92875	0.92882			6
2025.12.24	01:47:48.756	0.92874	0.92883			6
2025.12.24	01:47:50.535	0.92875	0.92882			6
2025.12.24	01:47:58.456	0.92879	0.92887			6
2025.12.24	01:48:00.355	0.92876	0.92884			6
2025.12.24	01:48:00.665	0.92874	0.92881			6
2025.12.24	01:48:04.220		0.92882			4
2025.12.24	01:48:08.038		0.92881			4
2025.12.24	01:48:19.670	0.92875	0.92882			6
2025.12.24	01:48:27.876	0.92873	0.92880			6
2025.12.24	01:48:28.403	0.92872				2
2025.12.24	01:48:36.537	0.92873				2
2025.12.24	01:48:40.612	0.92874	0.92881			6
2025.12.24	01:48:55.387	0.92873				2
2025.12.24	01:49:00.654	0.92873				2
2025.12.24	01:49:04.148		0.92880			4
2025.12.24	01:49:12.791	0.92874	0.92881			6
2025.12.24	01:49:15.053	0.92873	0.92880			6
2025.12.24	01:49:15.381		0.92879			4
2025.12.24	01:49:22.416		0.92882			4
2025.12.24	01:49:23.434		0.92883			4
2025.12.24	01:49:24.371	0.92874	0.92882			6
2025.12.24	01:49:27.784		0.92884			4
2025.12.24	01:49:32.162		0.92885			4
2025.12.24	01:49:34.327	0.92875	0.92884			6
2025.12.24	01:49:40.834	0.92874	0.92882			6
2025.12.24	01:49:54.126	0.92876	0.92884			6
2025.12.24	01:50:00.302	0.92875	0.92883			6
2025.12.24	01:50:00.703	0.92874	0.92884			6
2025.12.24	01:50:04.055	0.92875				2
2025.12.24	01:50:05.931	0.92874				2
2025.12.24	01:50:14.455		0.92883			4
2025.12.24	01:50:17.216		0.92884			4
2025.12.24	01:50:18.986		0.92883			4
2025.12.24	01:50:19.295	0.92872	0.92880			6
2025.12.24	01:50:21.693	0.92874	0.92883			6
2025.12.24	01:50:23.487		0.92884			4
2025.12.24	01:50:24.140	0.92875	0.92885			6
2025.12.24	01:50:24.622	0.92876	0.92884			6
2025.12.24	01:50:26.091		0.92883			4
2025.12.24	01:50:26.779		0.92884			4
2025.12.24	01:50:27.965	0.92875	0.92883			6
2025.12.24	01:50:35.478	0.92876	0.92884			6
2025.12.24	01:51:00.504	0.92875	0.92885			6
2025.12.24	01:51:00.843	0.92876	0.92884			6
2025.12.24	01:51:03.821	0.92875	0.92885			6
2025.12.24	01:51:05.891	0.92876	0.92883			6
2025.12.24	01:51:06.365	0.92875				2
2025.12.24	01:51:06.744		0.92884			4
2025.12.24	01:51:07.047		0.92882			4
2025.12.24	01:51:11.376		0.92884			4
2025.12.24	01:51:14.982		0.92885			4
2025.12.24	01:51:15.609		0.92884			4
2025.12.24	01:51:16.258		0.92885			4
2025.12.24	01:51:18.456		0.92884			4
2025.12.24	01:51:27.366	0.92874	0.92882			6
2025.12.24	01:51:27.690	0.92875				2
2025.12.24	01:51:31.795	0.92874				2
2025.12.24	01:51:38.869		0.92883			4
2025.12.24	01:51:42.153	0.92875	0.92882			6
2025.12.24	01:51:46.301	0.92874	0.92883			6
2025.12.24	01:51:52.264	0.92875	0.92882			6
2025.12.24	01:51:56.666	0.92874	0.92883			6
2025.12.24	01:51:57.699		0.92882			4
2025.12.24	01:52:00.657	0.92874				2
2025.12.24	01:52:04.940	0.92875				2
2025.12.24	01:52:14.817	0.92874				2
2025.12.24	01:52:18.621	0.92875	0.92884			6
2025.12.24	01:52:22.369		0.92883			4
2025.12.24	01:52:23.475	0.92876				2
2025.12.24	01:52:27.653	0.92875				2
2025.12.24	01:52:29.895	0.92876				2
2025.12.24	01:52:35.661	0.92875	0.92884			6
2025.12.24	01:52:36.880	0.92876	0.92883			6
2025.12.24	01:53:00.000	0.92876				2
2025.12.24	01:53:05.771	0.92875	0.92884			6
2025.12.24	01:53:07.463	0.92876	0.92883			6
2025.12.24	01:53:15.158	0.92875	0.92884			6
2025.12.24	01:53:17.694	0.92876	0.92883			6
2025.12.24	01:53:23.452	0.92875	0.92884			6
2025.12.24	01:53:23.767	0.92876	0.92883			6
2025.12.24	01:53:26.556	0.92875	0.92884			6
2025.12.24	01:53:29.090	0.92874	0.92882			6
2025.12.24	01:53:29.824	0.92875	0.92883			6
2025.12.24	01:53:31.507	0.92874				2
2025.12.24	01:53:32.853	0.92875	0.92882			6
2025.12.24	01:53:34.020	0.92883	0.92890			6
2025.12.24	01:53:34.339	0.92882				2
2025.12.24	01:53:35.170	0.92883				2
2025.12.24	01:53:35.631	0.92882				2
2025.12.24	01:53:37.243	0.92883				2
2025.12.24	01:53:41.034	0.92882	0.92891			6
2025.12.24	01:53:42.294	0.92883	0.92890			6
2025.12.24	01:53:49.547	0.92882	0.92891			6
2025.12.24	01:53:50.534	0.92883				2
2025.12.24	01:53:51.617	0.92882				2
2025.12.24	01:53:52.655	0.92883				2
2025.12.24	01:53:55.764	0.92884				2
2025.12.24	01:53:59.981	0.92883	0.92890			6
2025.12.24	01:54:00.724	0.92881	0.92891			6
2025.12.24	01:54:01.439	0.92880	0.92889			6
2025.12.24	01:54:01.773		0.92890			4
2025.12.24	01:54:02.079		0.92889			4
2025.12.24	01:54:02.918		0.92888			4
2025.12.24	01:54:03.444		0.92889			4
2025.12.24	01:54:03.774		0.92888			4
2025.12.24	01:54:04.096		0.92887			4
2025.12.24	01:54:04.433		0.92888			4
2025.12.24	01:54:04.740	0.92879	0.92890			6
2025.12.24	01:54:05.049		0.92888			4
2025.12.24	01:54:06.039		0.92886			4
2025.12.24	01:54:07.827	0.92878	0.92887			6
2025.12.24	01:54:08.236	0.92879				2
2025.12.24	01:54:09.143		0.92886			4
2025.12.24	01:54:12.692	0.92878	0.92887			6
2025.12.24	01:54:13.705	0.92879	0.92886			6
2025.12.24	01:54:15.437	0.92878	0.92885			6
2025.12.24	01:54:15.743		0.92886			4
2025.12.24	01:54:24.910	0.92877				2
2025.12.24	01:54:25.242	0.92875	0.92884			6
2025.12.24	01:54:28.236		0.92883			4
2025.12.24	01:54:29.244	0.92874	0.92882			6
2025.12.24	01:54:31.861	0.92875	0.92883			6
2025.12.24	01:54:34.290	0.92876	0.92884			6
2025.12.24	01:54:34.621	0.92874	0.92883			6
2025.12.24	01:54:37.492	0.92875	0.92882			6
2025.12.24	01:54:37.924	0.92873				2
2025.12.24	01:54:39.561	0.92874	0.92881			6
2025.12.24	01:54:41.681	0.92875	0.92882			6
2025.12.24	01:54:47.591	0.92873	0.92883			6
2025.12.24	01:54:49.344	0.92876	0.92884			6
2025.12.24	01:54:49.676	0.92875				2
2025.12.24	01:54:50.396	0.92874	0.92883			6
2025.12.24	01:54:55.344		0.92884			4
2025.12.24	01:55:01.805	0.92874	0.92883			6
2025.12.24	01:55:04.361	0.92875				2
2025.12.24	01:55:09.274		0.92884			4
2025.12.24	01:55:13.585	0.92874	0.92882			6
2025.12.24	01:55:15.367	0.92873				2
2025.12.24	01:55:19.903	0.92874	0.92881			6
2025.12.24	01:55:25.010	0.92871				2
2025.12.24	01:55:28.182	0.92872				2
2025.12.24	01:55:31.848	0.92871	0.92882			6
2025.12.24	01:55:32.248	0.92873	0.92881			6
2025.12.24	01:55:34.723		0.92880			4
2025.12.24	01:55:35.755	0.92872	0.92881			6
2025.12.24	01:55:42.297	0.92873	0.92880			6
2025.12.24	01:55:42.968		0.92882			4
2025.12.24	01:55:47.482	0.92875				2
2025.12.24	01:55:53.529	0.92880	0.92887			6
2025.12.24	01:56:00.746	0.92880				2
2025.12.24	01:56:01.304	0.92879				2
2025.12.24	01:56:04.155		0.92886			4
2025.12.24	01:56:07.593		0.92887			4
2025.12.24	01:56:14.902	0.92877				2
2025.12.24	01:56:16.577	0.92878	0.92886			6
2025.12.24	01:56:17.481		0.92887			4
2025.12.24	01:56:18.647	0.92877				2
2025.12.24	01:56:19.035	0.92880				2
2025.12.24	01:56:19.646	0.92883	0.92892			6
2025.12.24	01:56:19.950	0.92884				2
2025.12.24	01:56:22.443	0.92885				2
2025.12.24	01:56:24.460		0.92893			4
2025.12.24	01:56:25.174	0.92884				2
2025.12.24	01:56:40.683	0.92881	0.92889			6
2025.12.24	01:56:48.835	0.92882				2
2025.12.24	01:56:50.395	0.92881	0.92888			6
2025.12.24	01:57:01.390	0.92881				2
2025.12.24	01:57:10.536	0.92882	0.92890			6
2025.12.24	01:57:14.281		0.92889			4
2025.12.24	01:57:16.346	0.92880				2
2025.12.24	01:57:18.380	0.92881				2
2025.12.24	01:57:25.193	0.92882				2
2025.12.24	01:57:37.857	0.92883	0.92890			6
2025.12.24	01:57:46.266	0.92882	0.92889			6
2025.12.24	01:58:00.532	0.92882				2
2025.12.24	01:58:03.938	0.92881	0.92888			6
2025.12.24	01:58:05.273	0.92882	0.92890			6
2025.12.24	01:58:15.956	0.92883				2
2025.12.24	01:58:25.472	0.92880	0.92888			6
2025.12.24	01:58:27.362	0.92882				2
2025.12.24	01:58:28.265		0.92890			4
2025.12.24	01:58:29.711	0.92885	0.92893			6
2025.12.24	01:58:45.437	0.92886	0.92896			6
2025.12.24	01:58:47.413		0.92894			4
2025.12.24	01:58:48.425		0.92893			4
2025.12.24	01:58:49.862	0.92888	0.92896			6
2025.12.24	01:58:50.652	0.92889				2
2025.12.24	01:58:54.920	0.92890	0.92898			6
2025.12.24	01:58:55.979		0.92897			4
2025.12.24	01:59:00.654	0.92888	0.92895			6
2025.12.24	01:59:02.043	0.92890	0.92898			6
2025.12.24	01:59:07.978		0.92897			4
2025.12.24	01:59:10.917	0.92889				2
2025.12.24	01:59:13.016		0.92898			4
2025.12.24	01:59:16.077		0.92897			4
2025.12.24	01:59:21.025	0.92890				2
2025.12.24	01:59:29.981		0.92898			4
2025.12.24	01:59:31.146		0.92897			4
2025.12.24	01:59:32.628	0.92888	0.92895			6
2025.12.24	01:59:34.523	0.92887	0.92894			6
2025.12.24	01:59:55.853		0.92895			4
2025.12.24	02:00:00.332	0.92887				2
2025.12.24	02:00:01.435	0.92888				2
2025.12.24	02:00:02.510	0.92887	0.92894			6
2025.12.24	02:00:03.735		0.92893			4
2025.12.24	02:00:04.603	0.92881	0.92890			6
2025.12.24	02:00:05.486	0.92883				2
2025.12.24	02:00:07.605	0.92885	0.92892			6
2025.12.24	02:00:08.238	0.92883				2
2025.12.24	02:00:10.798	0.92884				2
2025.12.24	02:00:17.726	0.92882	0.92889			6
2025.12.24	02:00:18.040		0.92891			4
2025.12.24	02:00:19.594	0.92883	0.92890			6
2025.12.24	02:00:20.697	0.92882	0.92891			6
2025.12.24	02:00:21.454	0.92883	0.92890			6
2025.12.24	02:00:23.478		0.92891			4
2025.12.24	02:00:25.107	0.92881	0.92889			6
2025.12.24	02:00:26.931	0.92882				2
2025.12.24	02:00:28.618	0.92881	0.92888			6
2025.12.24	02:00:29.031		0.92889			4
2025.12.24	02:00:31.210	0.92882				2
2025.12.24	02:00:32.078	0.92878	0.92885			6
2025.12.24	02:00:32.938	0.92877	0.92884			6
2025.12.24	02:00:35.006	0.92878				2
2025.12.24	02:00:36.728	0.92877				2
2025.12.24	02:00:37.923	0.92878	0.92885			6
2025.12.24	02:00:39.640	0.92876	0.92882			6
2025.12.24	02:00:41.510		0.92883			4
2025.12.24	02:00:42.092		0.92884			4
2025.12.24	02:00:43.754	0.92877	0.92883			6
2025.12.24	02:00:44.258	0.92875	0.92884			6
2025.12.24	02:00:45.166	0.92877	0.92883			6
2025.12.24	02:00:46.151	0.92876				2
2025.12.24	02:00:46.462	0.92877				2
2025.12.24	02:00:47.861	0.92875	0.92885			6
2025.12.24	02:00:49.787	0.92872	0.92881			6
2025.12.24	02:00:50.099		0.92880			4
2025.12.24	02:00:50.411		0.92881			4
2025.12.24	02:00:53.850		0.92880			4
2025.12.24	02:00:55.249	0.92873	0.92882			6
2025.12.24	02:01:00.081	0.92873				2
2025.12.24	02:01:00.401		0.92883			4
2025.12.24	02:01:00.725	0.92872	0.92882			6
2025.12.24	02:01:02.536	0.92873	0.92881			6
2025.12.24	02:01:02.861		0.92880			4
2025.12.24	02:01:03.500	0.92872	0.92881			6
2025.12.24	02:01:04.258		0.92880			4
2025.12.24	02:01:05.376	0.92873				2
2025.12.24	02:01:06.747		0.92883			4
2025.12.24	02:01:08.043	0.92872	0.92882			6
2025.12.24	02:01:08.408	0.92873	0.92881			6
2025.12.24	02:01:12.337	0.92874				2
2025.12.24	02:01:13.757	0.92873				2
2025.12.24	02:01:14.371		0.92882			4
2025.12.24	02:01:15.412		0.92881			4
2025.12.24	02:01:17.860	0.92872				2
2025.12.24	02:01:19.554		0.92880			4
2025.12.24	02:01:19.909		0.92881			4
2025.12.24	02:01:20.224	0.92873	0.92882			6
2025.12.24	02:01:21.464		0.92881			4
2025.12.24	02:01:22.031	0.92874	0.92883			6
2025.12.24	02:01:22.536	0.92873	0.92882			6
2025.12.24	02:01:23.004		0.92881			4
2025.12.24	02:01:24.407		0.92880			4
2025.12.24	02:01:26.260		0.92881			4
2025.12.24	02:01:27.025		0.92882			4
2025.12.24	02:01:28.321	0.92872	0.92881			6
2025.12.24	02:01:30.390		0.92880			4
2025.12.24	02:01:30.703	0.92866	0.92874			6
2025.12.24	02:01:31.019	0.92863	0.92873			6
2025.12.24	02:01:32.957	0.92864	0.92872			6
2025.12.24	02:01:33.738		0.92873			4
2025.12.24	02:01:34.148	0.92865				2
2025.12.24	02:01:34.459	0.92866	0.92874			6
2025.12.24	02:01:34.801	0.92863	0.92870			6
2025.12.24	02:01:35.228	0.92868	0.92878			6
2025.12.24	02:01:35.557	0.92869				2
2025.12.24	02:01:35.861		0.92879			4
2025.12.24	02:01:36.165		0.92878			4
2025.12.24	02:01:37.275	0.92870	0.92880			6
2025.12.24	02:01:37.812	0.92871				2
2025.12.24	02:01:38.129	0.92870	0.92879			6
2025.12.24	02:01:38.596	0.92869	0.92878			6
2025.12.24	02:01:39.671	0.92871				2
2025.12.24	02:01:42.961	0.92869				2
2025.12.24	02:01:43.669	0.92870				2
2025.12.24	02:01:44.667	0.92873	0.92883			6
2025.12.24	02:01:45.826		0.92882			4
2025.12.24	02:01:46.444	0.92872	0.92883			6
2025.12.24	02:01:47.323		0.92882			4
2025.12.24	02:01:47.748		0.92880			4
2025.12.24	02:01:48.601		0.92881			4
2025.12.24	02:01:48.987	0.92873				2
2025.12.24	02:01:50.624	0.92870	0.92879			6
2025.12.24	02:01:51.242	0.92873	0.92880			6
2025.12.24	02:01:57.706		0.92881			4
2025.12.24	02:01:58.481	0.92874				2
2025.12.24	02:01:58.917	0.92870	0.92880			6
2025.12.24	02:01:59.228		0.92877			4
2025.12.24	02:02:00.270	0.92870				2
2025.12.24	02:02:02.069		0.92878			4
2025.12.24	02:02:03.697	0.92869	0.92877			6
2025.12.24	02:02:04.976	0.92870	0.92879			6
2025.12.24	02:02:05.294		0.92878			4
2025.12.24	02:02:06.138		0.92877			4
2025.12.24	02:02:09.471	0.92869				2
2025.12.24	02:02:12.482	0.92870	0.92879			6
2025.12.24	02:02:12.829	0.92869	0.92877			6
2025.12.24	02:02:14.509		0.92878			4
2025.12.24	02:02:15.118	0.92872	0.92879			6
2025.12.24	02:02:16.081	0.92870	0.92877			6
2025.12.24	02:02:18.255	0.92869				2
2025.12.24	02:02:20.068	0.92870				2
2025.12.24	02:02:22.033	0.92869				2
2025.12.24	02:02:22.340		0.92876			4
2025.12.24	02:02:23.077		0.92877			4
2025.12.24	02:02:24.156		0.92876			4
2025.12.24	02:02:24.473		0.92877			4
2025.12.24	02:02:26.092		0.92878			4
2025.12.24	02:02:27.285		0.92876			4
2025.12.24	02:02:28.173		0.92877			4
2025.12.24	02:02:28.853		0.92876			4
2025.12.24	02:02:29.640		0.92878			4
2025.12.24	02:02:34.202	0.92868	0.92876			6
2025.12.24	02:02:36.334	0.92866	0.92875			6
2025.12.24	02:02:36.831		0.92876			4
2025.12.24	02:02:37.620	0.92868				2
2025.12.24	02:02:40.647		0.92877			4
2025.12.24	02:02:40.980		0.92876			4
2025.12.24	02:02:41.353	0.92867				2
2025.12.24	02:02:45.895		0.92878			4
2025.12.24	02:02:46.199	0.92863	0.92871			6
2025.12.24	02:02:46.517	0.92864				2
2025.12.24	02:02:47.417	0.92863	0.92870			6
2025.12.24	02:02:49.159	0.92862	0.92869			6
2025.12.24	02:02:49.478	0.92863	0.92872			6
2025.12.24	02:02:51.377		0.92871			4
2025.12.24	02:02:59.376		0.92870			4
2025.12.24	02:03:01.374	0.92863				2
2025.12.24	02:03:03.678	0.92867	0.92874			6
2025.12.24	02:03:04.132	0.92865				2
2025.12.24	02:03:04.513		0.92875			4
2025.12.24	02:03:06.379	0.92868	0.92878			6
2025.12.24	02:03:06.691	0.92869	0.92879			6
2025.12.24	02:03:07.340		0.92878			4
2025.12.24	02:03:08.409	0.92867				2
2025.12.24	02:03:16.020		0.92877			4
2025.12.24	02:03:17.647	0.92868				2
2025.12.24	02:03:19.175		0.92878			4
2025.12.24	02:03:29.895	0.92869	0.92879			6
2025.12.24	02:03:30.287		0.92880			4
2025.12.24	02:03:31.704	0.92870				2
2025.12.24	02:03:35.656		0.92879			4
2025.12.24	02:03:42.706	0.92868	0.92880			6
2025.12.24	02:03:44.934	0.92869				2
2025.12.24	02:03:52.736		0.92879			4
2025.12.24	02:03:53.178	0.92864	0.92873			6
2025.12.24	02:03:53.481		0.92874			4
2025.12.24	02:03:54.118		0.92875			4
2025.12.24	02:03:54.487		0.92874			4
2025.12.24	02:03:55.135		0.92875			4
2025.12.24	02:03:55.523		0.92874			4
2025.12.24	02:03:59.891	0.92865	0.92876			6
2025.12.24	02:04:00.321	0.92865				2
2025.12.24	02:04:01.964	0.92866	0.92875			6
2025.12.24	02:04:02.280	0.92867	0.92877			6
2025.12.24	02:04:02.588	0.92869				2
2025.12.24	02:04:02.899	0.92867				2
2025.12.24	02:04:03.453		0.92876			4
2025.12.24	02:04:04.354		0.92875			4
2025.12.24	02:04:04.981	0.92866	0.92876			6
2025.12.24	02:04:13.414	0.92860	0.92867			6
2025.12.24	02:04:13.739		0.92868			4
2025.12.24	02:04:14.166	0.92861	0.92870			6
2025.12.24	02:04:14.616	0.92860	0.92869			6
2025.12.24	02:04:19.241		0.92870			4
2025.12.24	02:04:21.314	0.92861				2
2025.12.24	02:04:22.227	0.92862				2
2025.12.24	02:04:24.706	0.92861				2
2025.12.24	02:04:26.886		0.92869			4
2025.12.24	02:04:28.951	0.92862	0.92870			6
2025.12.24	02:04:31.425		0.92869			4
2025.12.24	02:04:37.112		0.92871			4
2025.12.24	02:04:42.567	0.92863				2
2025.12.24	02:04:42.884		0.92869			4
2025.12.24	02:04:44.078		0.92871			4
2025.12.24	02:04:45.193	0.92862				2
2025.12.24	02:04:50.823	0.92863				2
2025.12.24	02:04:53.951		0.92870			4
2025.12.24	02:04:59.990	0.92862	0.92871			6
2025.12.24	02:05:00.744	0.92862				2
2025.12.24	02:05:02.184		0.92870			4
2025.12.24	02:05:06.471	0.92868	0.92877			6
2025.12.24	02:05:11.278	0.92867				2
2025.12.24	02:05:12.263		0.92876			4
2025.12.24	02:05:13.451	0.92866	0.92874			6
2025.12.24	02:05:15.788	0.92867	0.92875			6
2025.12.24	02:05:17.377		0.92874			4
2025.12.24	02:05:18.679		0.92875			4
2025.12.24	02:05:21.331	0.92869				2
2025.12.24	02:05:21.975		0.92876			4
2025.12.24	02:05:23.830	0.92868	0.92877			6
2025.12.24	02:05:25.007		0.92876			4
2025.12.24	02:05:25.426	0.92870	0.92877			6
2025.12.24	02:05:26.726	0.92872	0.92880			6
2025.12.24	02:05:30.113		0.92881			4
2025.12.24	02:05:34.783	0.92871	0.92880			6
2025.12.24	02:05:38.679	0.92868	0.92878			6
2025.12.24	02:05:38.984		0.92876			4
2025.12.24	02:05:41.977	0.92869				2
2025.12.24	02:05:46.113	0.92871	0.92880			6
2025.12.24	02:05:47.157	0.92870	0.92877			6
2025.12.24	02:05:49.560	0.92869				2
2025.12.24	02:05:56.456	0.92871	0.92879			6
2025.12.24	02:05:57.372	0.92870	0.92881			6
2025.12.24	02:05:57.678		0.92879			4
2025.12.24	02:05:58.742		0.92877			4
2025.12.24	02:06:00.869	0.92870				2
2025.12.24	02:06:05.848	0.92869				2
2025.12.24	02:06:30.063	0.92874	0.92882			6
2025.12.24	02:06:31.597	0.92875	0.92883			6
2025.12.24	02:06:40.019	0.92877	0.92886			6
2025.12.24	02:06:40.600	0.92876				2
2025.12.24	02:06:40.981	0.92877	0.92885			6
2025.12.24	02:06:41.855		0.92886			4
2025.12.24	02:06:43.641		0.92883			4
2025.12.24	02:06:43.947	0.92875	0.92884			6
2025.12.24	02:06:47.974	0.92882	0.92890			6
2025.12.24	02:06:48.348		0.92889			4
2025.12.24	02:06:48.811	0.92881	0.92890			6
2025.12.24	02:06:49.229	0.92882				2
2025.12.24	02:06:49.833	0.92878	0.92886			6
2025.12.24	02:06:50.247	0.92877				2
2025.12.24	02:06:51.866	0.92876	0.92884			6
2025.12.24	02:06:53.034	0.92879	0.92887			6
2025.12.24	02:06:53.345	0.92878				2
2025.12.24	02:06:53.734		0.92888			4
2025.12.24	02:06:54.089		0.92887			4
2025.12.24	02:06:58.200	0.92875	0.92884			6
2025.12.24	02:07:00.323	0.92875				2
2025.12.24	02:07:04.715		0.92883			4
2025.12.24	02:07:05.093		0.92884			4
2025.12.24	02:07:08.318		0.92883			4
2025.12.24	02:07:17.505	0.92874	0.92884			6
2025.12.24	02:07:23.034	0.92872	0.92876			6
2025.12.24	02:07:24.679	0.92873	0.92882			6
2025.12.24	02:07:25.779	0.92874				2
2025.12.24	02:07:31.290	0.92873	0.92881			6
2025.12.24	02:07:32.649	0.92872	0.92880			6
2025.12.24	02:07:33.213	0.92873				2
2025.12.24	02:07:34.198	0.92872				2
2025.12.24	02:07:34.971	0.92873				2
2025.12.24	02:07:37.520		0.92882			4
2025.12.24	02:07:41.114	0.92874				2
2025.12.24	02:07:42.133		0.92884			4
2025.12.24	02:07:42.477		0.92885			4
2025.12.24	02:07:43.664		0.92884			4
2025.12.24	02:07:44.159	0.92873	0.92881			6
2025.12.24	02:07:46.037	0.92872	0.92878			6
2025.12.24	02:07:50.185	0.92873	0.92880			6
2025.12.24	02:07:54.146		0.92882			4
2025.12.24	02:07:54.596		0.92880			4
2025.12.24	02:07:55.171	0.92875	0.92882			6
2025.12.24	02:07:57.911	0.92873	0.92881			6
2025.12.24	02:08:00.532	0.92874	0.92883			6
2025.12.24	02:08:02.828	0.92873	0.92882			6
2025.12.24	02:08:05.213	0.92874	0.92884			6
2025.12.24	02:08:07.108	0.92875	0.92883			6
2025.12.24	02:08:09.659		0.92882			4
2025.12.24	02:08:11.601		0.92883			4
2025.12.24	02:08:12.611		0.92882			4
2025.12.24	02:08:13.965		0.92883			4
2025.12.24	02:08:14.309		0.92884			4
2025.12.24	02:08:14.936		0.92883			4
2025.12.24	02:08:15.714		0.92884			4
2025.12.24	02:08:23.146		0.92883			4
2025.12.24	02:08:24.877		0.92886			4
2025.12.24	02:08:25.182		0.92884			4
2025.12.24	02:08:26.080	0.92877	0.92887			6
2025.12.24	02:08:26.419		0.92886			4
2025.12.24	02:08:36.310	0.92878	0.92887			6
2025.12.24	02:08:40.624	0.92879	0.92889			6
2025.12.24	02:08:41.191		0.92888			4
2025.12.24	02:08:46.492	0.92880				2
2025.12.24	02:08:47.912		0.92889			4
2025.12.24	02:08:49.425	0.92879				2
2025.12.24	02:08:51.096		0.92890			4
2025.12.24	02:08:54.451	0.92880	0.92888			6
2025.12.24	02:08:55.073	0.92877	0.92886			6
2025.12.24	02:08:55.377	0.92876				2
2025.12.24	02:09:00.445	0.92876				2
2025.12.24	02:09:03.418	0.92878	0.92887			6
2025.12.24	02:09:04.054	0.92879				2
2025.12.24	02:09:08.248	0.92878				2
2025.12.24	02:09:11.025	0.92879	0.92888			6
2025.12.24	02:09:14.325		0.92887			4
2025.12.24	02:09:18.740		0.92888			4
2025.12.24	02:09:26.169	0.92877	0.92886			6
2025.12.24	02:09:30.365		0.92887			4
2025.12.24	02:09:31.126		0.92886			4
2025.12.24	02:09:52.025	0.92875	0.92885			6
2025.12.24	02:09:54.197		0.92884			4
2025.12.24	02:09:55.223		0.92885			4
2025.12.24	02:09:55.603		0.92884			4
2025.12.24	02:09:59.346		0.92885			4
2025.12.24	02:10:00.119	0.92875	0.92884			6
2025.12.24	02:10:00.428		0.92883			4
2025.12.24	02:10:01.166	0.92874	0.92884			6
2025.12.24	02:10:03.795	0.92875	0.92885			6
2025.12.24	02:10:04.108	0.92876				2
2025.12.24	02:10:04.448		0.92886			4
2025.12.24	02:10:06.415	0.92878	0.92888			6
2025.12.24	02:10:07.415	0.92879				2
2025.12.24	02:10:07.835	0.92877	0.92886			6
2025.12.24	02:10:13.164		0.92887			4
2025.12.24	02:10:14.670	0.92879	0.92888			6
2025.12.24	02:10:15.011	0.92878	0.92887			6
2025.12.24	02:10:15.322		0.92888			4
2025.12.24	02:10:18.516	0.92879				2
2025.12.24	02:10:31.536		0.92889			4
2025.12.24	02:10:33.365		0.92888			4
2025.12.24	02:10:37.091		0.92887			4
2025.12.24	02:10:37.398		0.92889			4
2025.12.24	02:10:40.211	0.92878	0.92888			6
2025.12.24	02:10:40.715	0.92879				2
2025.12.24	02:10:44.451	0.92878				2
2025.12.24	02:10:48.080		0.92889			4
2025.12.24	02:10:50.671	0.92879	0.92888			6
2025.12.24	02:11:01.096	0.92879	0.92889			6
2025.12.24	02:11:02.549	0.92880	0.92890			6
2025.12.24	02:11:02.933		0.92888			4
2025.12.24	02:11:03.832		0.92889			4
2025.12.24	02:11:20.432	0.92878	0.92888			6
2025.12.24	02:11:29.586	0.92879	0.92889			6
2025.12.24	02:11:30.592		0.92888			4
2025.12.24	02:11:30.900	0.92878				2
2025.12.24	02:11:40.946	0.92879				2
2025.12.24	02:11:42.159		0.92889			4
2025.12.24	02:11:47.547		0.92886			4
2025.12.24	02:11:49.296	0.92875				2
2025.12.24	02:11:49.610	0.92876				2
2025.12.24	02:11:51.375	0.92877	0.92887			6
2025.12.24	02:11:51.879	0.92875	0.92886			6
2025.12.24	02:11:52.194	0.92876	0.92887			6
2025.12.24	02:11:53.454	0.92877				2
2025.12.24	02:11:58.448		0.92888			4
2025.12.24	02:11:59.734	0.92876	0.92887			6
2025.12.24	02:12:00.415	0.92876				2
2025.12.24	02:12:02.361	0.92877				2
2025.12.24	02:12:05.191		0.92888			4
2025.12.24	02:12:16.800	0.92878				2
2025.12.24	02:12:23.549	0.92877				2
2025.12.24	02:12:30.669	0.92878				2
2025.12.24	02:12:37.471	0.92879				2
2025.12.24	02:12:37.850	0.92878				2
2025.12.24	02:12:55.884	0.92877				2
2025.12.24	02:12:56.260	0.92878				2
2025.12.24	02:13:04.855	0.92878				2
2025.12.24	02:13:05.560		0.92888			4
2025.12.24	02:13:16.332	0.92877				2
2025.12.24	02:13:17.430		0.92891			4
2025.12.24	02:13:21.557		0.92889			4
2025.12.24	02:13:27.111		0.92890			4
2025.12.24	02:13:27.726	0.92878	0.92888			6
2025.12.24	02:13:29.760	0.92877				2
2025.12.24	02:13:42.837	0.92878				2
2025.12.24	02:13:48.991	0.92879				2
2025.12.24	02:14:00.854	0.92878				2
2025.12.24	02:14:01.237	0.92879				2
2025.12.24	02:14:03.969	0.92880				2
2025.12.24	02:14:05.180		0.92890			4
2025.12.24	02:14:05.495	0.92881	0.92888			6
2025.12.24	02:14:07.228	0.92879				2
2025.12.24	02:14:21.296		0.92890			4
2025.12.24	02:14:25.631	0.92880				2
2025.12.24	02:14:28.216	0.92879				2
2025.12.24	02:14:29.438	0.92880				2
2025.12.24	02:14:30.152	0.92879				2
2025.12.24	02:14:32.710		0.92888			4
2025.12.24	02:14:36.322	0.92880				2
2025.12.24	02:14:36.768	0.92885	0.92896			6
2025.12.24	02:14:37.081	0.92884	0.92892			6
2025.12.24	02:14:37.406	0.92883				2
2025.12.24	02:14:40.807	0.92884				2
2025.12.24	02:14:48.310	0.92883	0.92891			6
2025.12.24	02:14:51.106	0.92881	0.92890			6
2025.12.24	02:14:52.178	0.92882				2
2025.12.24	02:15:00.304	0.92882				2
2025.12.24	02:15:05.010	0.92883	0.92891			6
2025.12.24	02:15:05.396	0.92882				2
2025.12.24	02:15:10.115		0.92890			4
2025.12.24	02:15:19.702		0.92891			4
2025.12.24	02:15:21.439		0.92894			4
2025.12.24	02:15:24.315		0.92892			4
2025.12.24	02:15:25.177		0.92891			4
2025.12.24	02:15:27.759	0.92883				2
2025.12.24	02:15:36.217		0.92889			4
2025.12.24	02:15:36.677	0.92882				2
2025.12.24	02:15:37.551	0.92883	0.92890			6
2025.12.24	02:15:40.847	0.92882	0.92889			6
2025.12.24	02:15:41.235		0.92888			4
2025.12.24	02:15:43.274	0.92881				2
2025.12.24	02:15:43.839	0.92882	0.92889			6
2025.12.24	02:15:44.613	0.92881	0.92888			6
2025.12.24	02:15:53.628	0.92880				2
2025.12.24	02:15:54.019		0.92889			4
2025.12.24	02:16:00.406	0.92880	0.92888			6
2025.12.24	02:16:06.718	0.92881				2
2025.12.24	02:16:07.054		0.92889			4
2025.12.24	02:16:10.610		0.92888			4
2025.12.24	02:16:12.307	0.92880				2
2025.12.24	02:16:13.223	0.92881	0.92889			6
2025.12.24	02:16:14.352	0.92884	0.92890			6
2025.12.24	02:16:16.265	0.92883				2
2025.12.24	02:16:26.257	0.92884				2
2025.12.24	02:16:27.392	0.92885				2
2025.12.24	02:16:28.088	0.92884				2
2025.12.24	02:16:29.126	0.92883				2
2025.12.24	02:16:32.809	0.92885				2
2025.12.24	02:16:33.111	0.92884				2
2025.12.24	02:16:34.394	0.92885				2
2025.12.24	02:16:34.869		0.92891			4
2025.12.24	02:16:35.473	0.92883	0.92890			6
2025.12.24	02:16:36.363	0.92882	0.92889			6
2025.12.24	02:16:40.154	0.92881	0.92888			6
2025.12.24	02:16:41.231	0.92883	0.92889			6
2025.12.24	02:16:44.583		0.92890			4
2025.12.24	02:16:47.008	0.92882	0.92889			6
2025.12.24	02:16:47.436	0.92881				2
2025.12.24	02:16:47.791	0.92882				2
2025.12.24	02:16:48.321		0.92890			4
2025.12.24	02:16:49.781		0.92889			4
2025.12.24	02:16:50.224	0.92883				2
2025.12.24	02:16:54.851	0.92881	0.92888			6
2025.12.24	02:16:57.239	0.92880				2
2025.12.24	02:16:58.303	0.92881				2
2025.12.24	02:16:58.969	0.92882	0.92889			6
2025.12.24	02:17:00.033	0.92882				2
2025.12.24	02:17:02.683	0.92881	0.92888			6
2025.12.24	02:17:04.813	0.92880				2
2025.12.24	02:17:05.713	0.92879	0.92887			6
2025.12.24	02:17:09.370	0.92880	0.92888			6
2025.12.24	02:17:10.428	0.92879				2
2025.12.24	02:17:13.581	0.92880				2
2025.12.24	02:17:14.053	0.92879				2
2025.12.24	02:17:16.403		0.92889			4
2025.12.24	02:17:16.804	0.92877	0.92885			6
2025.12.24	02:17:17.189		0.92886			4
2025.12.24	02:17:17.710		0.92885			4
2025.12.24	02:17:19.383		0.92886			4
2025.12.24	02:17:22.244		0.92885			4
2025.12.24	02:17:24.416		0.92886			4
2025.12.24	02:17:27.751	0.92878				2
2025.12.24	02:17:30.385		0.92887			4
2025.12.24	02:17:35.536	0.92879				2
2025.12.24	02:17:38.032		0.92888			4
2025.12.24	02:17:39.223	0.92878	0.92886			6
2025.12.24	02:17:42.317	0.92877	0.92884			6
2025.12.24	02:17:44.126		0.92885			4
2025.12.24	02:17:44.444	0.92876	0.92886			6
2025.12.24	02:17:45.773		0.92885			4
2025.12.24	02:17:46.350	0.92877	0.92886			6
2025.12.24	02:17:49.436		0.92885			4
2025.12.24	02:17:52.641		0.92886			4
2025.12.24	02:17:54.295	0.92880	0.92887			6
2025.12.24	02:17:55.507	0.92879				2
2025.12.24	02:17:56.594	0.92880				2
2025.12.24	02:17:59.276	0.92879	0.92886			6
2025.12.24	02:17:59.594		0.92887			4
2025.12.24	02:18:00.062	0.92878	0.92886			6
2025.12.24	02:18:00.597	0.92879				2
2025.12.24	02:18:02.729	0.92878				2
2025.12.24	02:18:04.372		0.92887			4
2025.12.24	02:18:09.149	0.92879				2
2025.12.24	02:18:09.507	0.92878	0.92885			6
2025.12.24	02:18:13.293		0.92887			4
2025.12.24	02:18:13.600		0.92886			4
2025.12.24	02:18:17.451	0.92879				2
2025.12.24	02:18:21.287	0.92878				2
2025.12.24	02:18:21.821	0.92879				2
2025.12.24	02:18:26.045		0.92887			4
2025.12.24	02:18:31.130		0.92886			4
2025.12.24	02:18:35.213	0.92877				2
2025.12.24	02:18:35.520		0.92885			4
2025.12.24	02:18:35.877	0.92879	0.92887			6
2025.12.24	02:18:36.195		0.92886			4
2025.12.24	02:18:38.361	0.92877				2
2025.12.24	02:18:47.440	0.92879	0.92887			6
2025.12.24	02:18:47.925		0.92886			4
2025.12.24	02:18:50.751	0.92878				2
2025.12.24	02:18:51.345		0.92887			4
