<DATE>	<TIME>	<BID>	<ASK>	<LAST>	<VOLUME>	<FLAGS>
2025.09.12	00:03:30.508	0.93305	0.93432			6
2025.09.12	00:03:32.858	0.93301	0.93429			6
2025.09.12	00:03:34.005	0.93302				2
2025.09.12	00:03:39.116	0.93303				2
2025.09.12	00:03:39.440	0.93300	0.93433			6
2025.09.12	00:04:02.483	0.93300				2
2025.09.12	00:04:28.786	0.93298	0.93432			6
2025.09.12	00:04:56.388	0.93297	0.93434			6
2025.09.12	00:05:00.514	0.93305	0.93446			6
2025.09.12	00:05:52.481		0.93430			4
2025.09.12	00:05:54.981		0.93450			4
2025.09.12	00:06:47.479	0.93305				2
2025.09.12	00:06:54.979		0.93451			4
2025.09.12	00:06:55.945		0.93439			4
2025.09.12	00:07:00.516	0.93297	0.93431			6
2025.09.12	00:07:14.993		0.93427			4
2025.09.12	00:07:47.196		0.93442			4
2025.09.12	00:08:07.450	0.93297				2
2025.09.12	00:08:26.910	0.93296	0.93465			6
2025.09.12	00:08:28.346	0.93265				2
2025.09.12	00:08:37.057	0.93283				2
2025.09.12	00:08:38.350	0.93284				2
2025.09.12	00:08:40.533	0.93283				2
2025.09.12	00:08:40.913	0.93286				2
2025.09.12	00:08:41.295	0.93283				2
2025.09.12	00:08:55.970	0.93320	0.93467			6
2025.09.12	00:09:00.378	0.93320				2
2025.09.12	00:09:03.208	0.93319				2
2025.09.12	00:09:03.910	0.93322				2
2025.09.12	00:09:04.311	0.93331				2
2025.09.12	00:09:06.361	0.93327				2
2025.09.12	00:09:15.068	0.93325				2
2025.09.12	00:09:19.759	0.93328				2
2025.09.12	00:09:24.522	0.93325				2
2025.09.12	00:09:29.247	0.93327				2
2025.09.12	00:09:29.827	0.93335				2
2025.09.12	00:09:55.972		0.93466			4
2025.09.12	00:10:00.322	0.93370				2
2025.09.12	00:10:06.156	0.93371				2
2025.09.12	00:10:07.409	0.93377	0.93498			6
2025.09.12	00:10:07.946	0.93378				2
2025.09.12	00:10:11.429	0.93360	0.93565			6
2025.09.12	00:10:11.755		0.93564			4
2025.09.12	00:10:12.668	0.93358	0.93562			6
2025.09.12	00:10:17.829		0.93566			4
2025.09.12	00:10:18.131		0.93569			4
2025.09.12	00:10:19.344	0.93359	0.93568			6
2025.09.12	00:10:27.532	0.93360				2
2025.09.12	00:10:28.141	0.93365	0.93570			6
2025.09.12	00:10:28.444		0.93571			4
2025.09.12	00:10:32.390	0.93366				2
2025.09.12	00:10:35.725	0.93371	0.93573			6
2025.09.12	00:10:36.032	0.93362	0.93562			6
2025.09.12	00:10:39.975	0.93363				2
2025.09.12	00:10:42.098	0.93364				2
2025.09.12	00:10:49.989	0.93365				2
2025.09.12	00:10:50.899		0.93561			4
2025.09.12	00:11:00.003	0.93365				2
2025.09.12	00:11:02.431	0.93366				2
2025.09.12	00:11:04.857	0.93369	0.93490			6
2025.09.12	00:11:06.212	0.93366	0.93561			6
2025.09.12	00:11:07.133	0.93382	0.93490			6
2025.09.12	00:11:07.654	0.93383				2
2025.09.12	00:11:09.557	0.93385				2
2025.09.12	00:11:13.238	0.93370	0.93561			6
2025.09.12	00:11:13.857	0.93387	0.93496			6
2025.09.12	00:11:14.159	0.93399	0.93521			6
2025.09.12	00:11:14.826	0.93400	0.93503			6
2025.09.12	00:11:15.135		0.93521			4
2025.09.12	00:11:15.487	0.93401				2
2025.09.12	00:11:15.798	0.93404	0.93501			6
2025.09.12	00:11:16.107	0.93401	0.93521			6
2025.09.12	00:11:17.559	0.93400				2
2025.09.12	00:11:19.812	0.93403	0.93505			6
2025.09.12	00:11:20.131	0.93405				2
2025.09.12	00:11:20.435	0.93384	0.93568			6
2025.09.12	00:11:20.735	0.93400	0.93521			6
2025.09.12	00:11:25.957	0.93398				2
2025.09.12	00:11:26.598	0.93400	0.93506			6
2025.09.12	00:11:26.906	0.93405				2
2025.09.12	00:11:27.219	0.93388	0.93565			6
2025.09.12	00:11:27.534	0.93398	0.93521			6
2025.09.12	00:11:27.841	0.93397				2
2025.09.12	00:11:29.041	0.93398				2
2025.09.12	00:11:32.431	0.93401	0.93504			6
2025.09.12	00:11:32.740	0.93398	0.93521			6
2025.09.12	00:11:33.392	0.93388	0.93560			6
2025.09.12	00:11:33.704	0.93403	0.93506			6
2025.09.12	00:11:34.081	0.93404				2
2025.09.12	00:11:34.550	0.93398	0.93521			6
2025.09.12	00:11:37.422	0.93391				2
2025.09.12	00:11:37.933		0.93492			4
2025.09.12	00:11:50.746	0.93388				2
2025.09.12	00:11:51.046	0.93390				2
2025.09.12	00:11:52.466	0.93393				2
2025.09.12	00:11:58.798	0.93354	0.93480			6
2025.09.12	00:11:59.100	0.93379	0.93506			6
2025.09.12	00:11:59.553	0.93378	0.93521			6
2025.09.12	00:11:59.857	0.93373	0.93510			6
2025.09.12	00:12:00.159	0.93373				2
2025.09.12	00:12:00.689	0.93375	0.93507			6
2025.09.12	00:12:01.694	0.93376				2
2025.09.12	00:12:05.553	0.93375				2
2025.09.12	00:12:07.056	0.93372	0.93510			6
2025.09.12	00:12:08.693	0.93376	0.93507			6
2025.09.12	00:12:10.654	0.93375				2
2025.09.12	00:12:12.155	0.93376				2
2025.09.12	00:12:22.362	0.93375				2
2025.09.12	00:12:27.035	0.93376				2
2025.09.12	00:12:36.457	0.93375				2
2025.09.12	00:12:40.249		0.93508			4
2025.09.12	00:12:47.254	0.93374	0.93509			6
2025.09.12	00:12:59.860	0.93373	0.93510			6
2025.09.12	00:13:00.535	0.93373				2
2025.09.12	00:13:01.359		0.93509			4
2025.09.12	00:13:03.157		0.93510			4
2025.09.12	00:13:06.673	0.93374	0.93509			6
2025.09.12	00:13:07.179	0.93372	0.93511			6
2025.09.12	00:13:09.153	0.93371	0.93512			6
2025.09.12	00:13:10.176	0.93373	0.93510			6
2025.09.12	00:13:25.683	0.93375	0.93508			6
2025.09.12	00:13:29.662	0.93377	0.93506			6
2025.09.12	00:13:30.032	0.93305	0.93478			6
2025.09.12	00:13:34.054	0.93366	0.93516			6
2025.09.12	00:13:35.862	0.93367				2
2025.09.12	00:13:43.503	0.93365	0.93518			6
2025.09.12	00:13:46.587	0.93360	0.93523			6
2025.09.12	00:14:02.265	0.93360				2
2025.09.12	00:14:19.136	0.93358	0.93525			6
2025.09.12	00:14:34.600	0.93360	0.93523			6
2025.09.12	00:14:36.609	0.93286	0.93466			6
2025.09.12	00:14:37.673	0.93287	0.93465			6
2025.09.12	00:14:38.735	0.93286				2
2025.09.12	00:14:39.760		0.93466			4
2025.09.12	00:14:41.781	0.93287	0.93464			6
2025.09.12	00:14:42.804	0.93286	0.93465			6
2025.09.12	00:14:43.830	0.93287	0.93464			6
2025.09.12	00:14:44.856	0.93286	0.93466			6
2025.09.12	00:14:45.866	0.93287	0.93465			6
2025.09.12	00:14:46.893	0.93286				2
2025.09.12	00:14:47.919	0.93287	0.93464			6
2025.09.12	00:14:48.938	0.93286	0.93466			6
2025.09.12	00:14:49.960	0.93287	0.93465			6
2025.09.12	00:14:50.986	0.93286	0.93466			6
2025.09.12	00:14:51.997	0.93287	0.93465			6
2025.09.12	00:14:53.002	0.93286	0.93466			6
2025.09.12	00:14:54.020	0.93287	0.93465			6
2025.09.12	00:14:55.033	0.93286	0.93466			6
2025.09.12	00:14:55.967	0.93360	0.93523			6
2025.09.12	00:14:56.976	0.93282	0.93470			6
2025.09.12	00:15:00.534	0.93282				2
2025.09.12	00:15:09.978	0.93351	0.93508			6
2025.09.12	00:15:10.802	0.93294	0.93458			6
2025.09.12	00:15:11.787	0.93302	0.93450			6
2025.09.12	00:15:13.056		0.93449			4
2025.09.12	00:15:14.853		0.93450			4
2025.09.12	00:15:21.364	0.93344	0.93465			6
2025.09.12	00:15:24.290	0.93343	0.93462			6
2025.09.12	00:15:25.461	0.93342				2
2025.09.12	00:15:28.379	0.93302	0.93449			6
2025.09.12	00:15:28.877	0.93300	0.93452			6
2025.09.12	00:15:29.377	0.93302	0.93449			6
2025.09.12	00:15:32.553		0.93450			4
2025.09.12	00:15:33.103	0.93301	0.93451			6
2025.09.12	00:15:34.661	0.93302	0.93450			6
2025.09.12	00:15:36.153		0.93449			4
2025.09.12	00:15:36.792	0.93301	0.93450			6
2025.09.12	00:15:42.289	0.93303	0.93449			6
2025.09.12	00:15:50.356	0.93301	0.93451			6
2025.09.12	00:15:52.657	0.93302	0.93450			6
2025.09.12	00:15:54.808	0.93284				2
2025.09.12	00:15:56.727	0.93285	0.93449			6
2025.09.12	00:15:57.053	0.93287	0.93447			6
2025.09.12	00:15:58.082		0.93448			4
2025.09.12	00:16:01.057	0.93287	0.93447			6
2025.09.12	00:16:01.732	0.93285	0.93449			6
2025.09.12	00:16:02.073	0.93283	0.93451			6
2025.09.12	00:16:03.227	0.93284	0.93450			6
2025.09.12	00:16:05.856		0.93451			4
2025.09.12	00:16:07.057	0.93282	0.93452			6
2025.09.12	00:16:07.670	0.93278	0.93457			6
2025.09.12	00:16:08.226	0.93275	0.93459			6
2025.09.12	00:16:08.730	0.93276	0.93458			6
2025.09.12	00:16:09.726	0.93278	0.93456			6
2025.09.12	00:16:15.350	0.93290	0.93444			6
2025.09.12	00:16:15.956	0.93255	0.93460			6
2025.09.12	00:16:16.470	0.93256	0.93458			6
2025.09.12	00:16:16.860	0.93258	0.93457			6
2025.09.12	00:16:17.252		0.93456			4
2025.09.12	00:16:17.553	0.93260				2
2025.09.12	00:16:17.862	0.93258				2
2025.09.12	00:16:18.543	0.93260	0.93455			6
2025.09.12	00:16:19.255	0.93261	0.93454			6
2025.09.12	00:16:20.315	0.93257	0.93458			6
2025.09.12	00:16:20.623	0.93255	0.93460			6
2025.09.12	00:16:22.053	0.93302	0.93437			6
2025.09.12	00:16:57.525	0.93246	0.93447			6
2025.09.12	00:16:57.955	0.93230				2
2025.09.12	00:16:58.702	0.93246				2
2025.09.12	00:16:59.554		0.93445			4
2025.09.12	00:17:00.453	0.93246				2
2025.09.12	00:17:02.256		0.93444			4
2025.09.12	00:17:03.156		0.93443			4
2025.09.12	00:17:03.737		0.93442			4
2025.09.12	00:17:04.056		0.93441			4
2025.09.12	00:17:05.586		0.93443			4
2025.09.12	00:17:05.962		0.93444			4
2025.09.12	00:17:06.595		0.93455			4
2025.09.12	00:17:07.053		0.93454			4
2025.09.12	00:17:07.362		0.93453			4
2025.09.12	00:17:07.962		0.93449			4
2025.09.12	00:17:08.346		0.93448			4
2025.09.12	00:17:09.453		0.93446			4
2025.09.12	00:17:10.052		0.93445			4
2025.09.12	00:17:10.953		0.93444			4
2025.09.12	00:17:11.962		0.93446			4
2025.09.12	00:17:12.454		0.93445			4
2025.09.12	00:17:13.057		0.93450			4
2025.09.12	00:17:13.953		0.93448			4
2025.09.12	00:17:15.753		0.93450			4
2025.09.12	00:17:16.060		0.93449			4
2025.09.12	00:17:16.956		0.93450			4
2025.09.12	00:17:18.010	0.93256	0.93432			6
2025.09.12	00:17:18.344	0.93246	0.93440			6
2025.09.12	00:17:18.962		0.93446			4
2025.09.12	00:17:21.083		0.93440			4
2025.09.12	00:17:22.653		0.93441			4
2025.09.12	00:17:25.959		0.93444			4
2025.09.12	00:17:40.419		0.93447			4
2025.09.12	00:17:45.702		0.93444			4
2025.09.12	00:17:46.345		0.93447			4
2025.09.12	00:17:48.700		0.93444			4
2025.09.12	00:17:56.566	0.93230	0.93456			6
2025.09.12	00:17:56.897		0.93452			4
2025.09.12	00:17:59.554		0.93451			4
2025.09.12	00:18:00.755	0.93230				2
2025.09.12	00:18:05.787	0.93239	0.93443			6
2025.09.12	00:18:06.457		0.93442			4
2025.09.12	00:18:16.106	0.93247	0.93451			6
2025.09.12	00:18:16.653	0.93246	0.93452			6
2025.09.12	00:18:17.854	0.93247	0.93451			6
2025.09.12	00:18:29.337	0.93246	0.93452			6
2025.09.12	00:18:33.158		0.93451			4
2025.09.12	00:18:33.757	0.93247				2
2025.09.12	00:18:34.957		0.93450			4
2025.09.12	00:18:36.154	0.93246	0.93451			6
2025.09.12	00:18:40.584	0.93230	0.93450			6
2025.09.12	00:18:42.161	0.93245	0.93451			6
2025.09.12	00:18:42.670	0.93237	0.93459			6
2025.09.12	00:18:45.458	0.93238				2
2025.09.12	00:18:51.239	0.93259	0.93456			6
2025.09.12	00:18:53.253	0.93260				2
2025.09.12	00:18:53.925	0.93258	0.93457			6
2025.09.12	00:18:58.281	0.93259	0.93456			6
2025.09.12	00:18:59.496	0.93242	0.93449			6
2025.09.12	00:18:59.855		0.93450			4
2025.09.12	00:19:00.357	0.93242				2
2025.09.12	00:19:02.255		0.93449			4
2025.09.12	00:19:10.152	0.93259	0.93456			6
2025.09.12	00:19:10.653		0.93457			4
2025.09.12	00:19:11.555		0.93456			4
2025.09.12	00:19:14.195	0.93258	0.93457			6
2025.09.12	00:19:14.554		0.93458			4
2025.09.12	00:19:15.154	0.93259				2
2025.09.12	00:19:17.253	0.93260	0.93457			6
2025.09.12	00:19:21.158	0.93261	0.93456			6
2025.09.12	00:19:23.556	0.93260	0.93457			6
2025.09.12	00:19:24.753		0.93456			4
2025.09.12	00:19:28.349	0.93256	0.93461			6
2025.09.12	00:19:28.740	0.93249	0.93467			6
2025.09.12	00:19:29.257	0.93248	0.93468			6
2025.09.12	00:19:30.456	0.93249				2
2025.09.12	00:19:31.957	0.93248				2
2025.09.12	00:19:34.657	0.93254	0.93462			6
2025.09.12	00:19:36.184	0.93248	0.93469			6
2025.09.12	00:19:39.728	0.93246	0.93470			6
2025.09.12	00:19:45.933	0.93257				2
2025.09.12	00:19:54.757		0.93471			4
2025.09.12	00:19:57.453	0.93264	0.93464			6
2025.09.12	00:19:57.761		0.93468			4
2025.09.12	00:19:59.619	0.93259				2
2025.09.12	00:20:00.009	0.93262	0.93465			6
2025.09.12	00:20:01.087	0.93268				2
2025.09.12	00:20:03.155		0.93468			4
2025.09.12	00:20:03.691		0.93460			4
2025.09.12	00:20:04.369		0.93458			4
2025.09.12	00:20:06.346		0.93468			4
2025.09.12	00:20:21.753		0.93467			4
2025.09.12	00:20:25.357		0.93468			4
2025.09.12	00:20:26.857		0.93467			4
2025.09.12	00:20:28.054		0.93468			4
2025.09.12	00:20:30.756		0.93467			4
2025.09.12	00:20:33.041	0.93280	0.93457			6
2025.09.12	00:20:34.348		0.93458			4
2025.09.12	00:20:40.917		0.93454			4
2025.09.12	00:20:57.317		0.93448			4
2025.09.12	00:20:59.841		0.93458			4
2025.09.12	00:21:00.355	0.93280				2
2025.09.12	00:21:10.289		0.93457			4
2025.09.12	00:21:10.963		0.93458			4
2025.09.12	00:21:16.654		0.93474			4
2025.09.12	00:21:17.225		0.93468			4
2025.09.12	00:21:27.087		0.93459			4
2025.09.12	00:21:33.043	0.93275				2
2025.09.12	00:21:43.419		0.93458			4
2025.09.12	00:21:47.884		0.93465			4
2025.09.12	00:21:54.628		0.93458			4
2025.09.12	00:22:00.352	0.93275				2
2025.09.12	00:22:05.345		0.93465			4
2025.09.12	00:22:06.736		0.93463			4
2025.09.12	00:22:10.296		0.93464			4
2025.09.12	00:22:14.892		0.93465			4
2025.09.12	00:22:16.655		0.93467			4
2025.09.12	00:22:18.057		0.93453			4
2025.09.12	00:22:18.595		0.93460			4
2025.09.12	00:22:19.954		0.93461			4
2025.09.12	00:22:22.660		0.93457			4
2025.09.12	00:22:23.857		0.93458			4
2025.09.12	00:22:24.211		0.93451			4
2025.09.12	00:22:24.661		0.93450			4
2025.09.12	00:22:30.253		0.93445			4
2025.09.12	00:22:41.128		0.93452			4
2025.09.12	00:22:43.366		0.93451			4
2025.09.12	00:22:44.812		0.93444			4
2025.09.12	00:22:47.917	0.93280	0.93451			6
2025.09.12	00:22:57.123		0.93444			4
2025.09.12	00:23:03.061	0.93280	0.93450			6
2025.09.12	00:23:12.126		0.93443			4
2025.09.12	00:23:14.802		0.93441			4
2025.09.12	00:23:15.694	0.93273	0.93448			6
2025.09.12	00:23:16.083	0.93278	0.93447			6
2025.09.12	00:23:20.730		0.93446			4
2025.09.12	00:23:22.663		0.93445			4
2025.09.12	00:23:24.659		0.93438			4
2025.09.12	00:23:29.146		0.93439			4
2025.09.12	00:23:33.690		0.93446			4
2025.09.12	00:23:36.564		0.93439			4
2025.09.12	00:23:39.668		0.93441			4
2025.09.12	00:23:43.294		0.93456			4
2025.09.12	00:23:43.703		0.93446			4
2025.09.12	00:23:50.742		0.93444			4
2025.09.12	00:23:54.456		0.93445			4
2025.09.12	00:23:56.900		0.93444			4
2025.09.12	00:24:00.446	0.93278				2
2025.09.12	00:24:08.816		0.93437			4
2025.09.12	00:24:11.757		0.93444			4
2025.09.12	00:24:16.083	0.93280				2
2025.09.12	00:24:18.277	0.93275	0.93447			6
2025.09.12	00:24:18.670		0.93444			4
2025.09.12	00:24:19.647	0.93280				2
2025.09.12	00:24:19.957		0.93442			4
2025.09.12	00:24:33.677		0.93434			4
2025.09.12	00:24:34.981		0.93439			4
2025.09.12	00:24:35.956		0.93440			4
2025.09.12	00:24:41.178		0.93446			4
2025.09.12	00:24:48.007		0.93434			4
2025.09.12	00:24:57.422		0.93433			4
2025.09.12	00:24:57.956		0.93434			4
2025.09.12	00:25:00.306	0.93280				2
2025.09.12	00:25:01.063		0.93433			4
2025.09.12	00:25:02.156		0.93437			4
2025.09.12	00:25:06.256		0.93433			4
2025.09.12	00:25:11.049		0.93452			4
2025.09.12	00:25:11.371		0.93448			4
2025.09.12	00:25:12.729		0.93452			4
2025.09.12	00:25:13.048		0.93442			4
2025.09.12	00:25:13.617		0.93439			4
2025.09.12	00:25:16.156	0.93276	0.93434			6
2025.09.12	00:25:19.352		0.93433			4
2025.09.12	00:25:25.856		0.93440			4
2025.09.12	00:25:36.698		0.93439			4
2025.09.12	00:25:44.210		0.93438			4
2025.09.12	00:25:48.147		0.93437			4
2025.09.12	00:25:51.760		0.93431			4
2025.09.12	00:25:55.961		0.93437			4
2025.09.12	00:26:03.047	0.93276	0.93431			6
2025.09.12	00:26:09.255		0.93437			4
2025.09.12	00:26:12.724		0.93434			4
2025.09.12	00:26:13.059		0.93433			4
2025.09.12	00:26:13.366		0.93422			4
2025.09.12	00:26:16.149	0.93277	0.93421			6
2025.09.12	00:26:16.469		0.93422			4
2025.09.12	00:26:17.973		0.93432			4
2025.09.12	00:26:21.061		0.93421			4
2025.09.12	00:26:21.751		0.93436			4
2025.09.12	00:26:33.696		0.93437			4
2025.09.12	00:26:40.827		0.93441			4
2025.09.12	00:26:41.409		0.93437			4
2025.09.12	00:26:42.537		0.93438			4
2025.09.12	00:26:43.774		0.93437			4
2025.09.12	00:26:45.196		0.93435			4
2025.09.12	00:26:45.724		0.93442			4
2025.09.12	00:26:49.653		0.93440			4
2025.09.12	00:26:49.971		0.93441			4
2025.09.12	00:26:50.421		0.93439			4
2025.09.12	00:26:50.859		0.93433			4
2025.09.12	00:26:51.756		0.93434			4
2025.09.12	00:26:52.951		0.93433			4
2025.09.12	00:26:54.743		0.93441			4
2025.09.12	00:26:55.249		0.93450			4
2025.09.12	00:26:55.806		0.93458			4
2025.09.12	00:26:56.336		0.93456			4
2025.09.12	00:26:57.157		0.93448			4
2025.09.12	00:26:57.964		0.93446			4
2025.09.12	00:26:59.226		0.93453			4
2025.09.12	00:26:59.826		0.93456			4
2025.09.12	00:27:00.368	0.93277	0.93452			6
2025.09.12	00:27:01.200		0.93456			4
2025.09.12	00:27:02.796		0.93453			4
2025.09.12	00:27:03.277		0.93452			4
2025.09.12	00:27:03.965		0.93455			4
2025.09.12	00:27:04.296		0.93447			4
2025.09.12	00:27:04.963		0.93444			4
2025.09.12	00:27:06.757		0.93443			4
2025.09.12	00:27:09.255		0.93453			4
2025.09.12	00:27:09.963		0.93456			4
2025.09.12	00:27:11.124		0.93449			4
2025.09.12	00:27:11.725		0.93446			4
2025.09.12	00:27:16.054	0.93280				2
2025.09.12	00:27:19.291		0.93450			4
2025.09.12	00:27:19.625		0.93444			4
2025.09.12	00:27:21.758		0.93448			4
2025.09.12	00:27:22.952		0.93449			4
2025.09.12	00:27:24.024	0.93268	0.93452			6
2025.09.12	00:27:26.827		0.93450			4
2025.09.12	00:27:27.753		0.93449			4
2025.09.12	00:27:30.761		0.93450			4
2025.09.12	00:27:33.178		0.93451			4
2025.09.12	00:27:34.017		0.93450			4
2025.09.12	00:27:36.223		0.93449			4
2025.09.12	00:27:37.952		0.93452			4
2025.09.12	00:27:38.301		0.93454			4
2025.09.12	00:27:39.045		0.93453			4
2025.09.12	00:27:40.331		0.93454			4
2025.09.12	00:27:44.466		0.93451			4
2025.09.12	00:27:45.602		0.93452			4
2025.09.12	00:27:45.918		0.93454			4
2025.09.12	00:27:46.657		0.93455			4
2025.09.12	00:27:47.744		0.93451			4
2025.09.12	00:27:49.205		0.93450			4
2025.09.12	00:27:50.118		0.93451			4
2025.09.12	00:27:51.967		0.93453			4
2025.09.12	00:27:53.050		0.93452			4
2025.09.12	00:27:53.965		0.93450			4
2025.09.12	00:28:01.124	0.93268	0.93451			6
2025.09.12	00:28:01.439		0.93458			4
2025.09.12	00:28:01.872		0.93461			4
2025.09.12	00:28:02.196		0.93454			4
2025.09.12	00:28:02.957		0.93451			4
2025.09.12	00:28:03.913		0.93456			4
2025.09.12	00:28:04.948		0.93449			4
2025.09.12	00:28:05.430		0.93446			4
2025.09.12	00:28:11.410		0.93450			4
2025.09.12	00:28:11.997		0.93453			4
2025.09.12	00:28:13.965		0.93455			4
2025.09.12	00:28:14.492		0.93445			4
2025.09.12	00:28:15.965		0.93442			4
2025.09.12	00:28:19.606		0.93453			4
2025.09.12	00:28:20.963		0.93456			4
2025.09.12	00:28:21.749		0.93458			4
2025.09.12	00:28:22.769		0.93450			4
2025.09.12	00:28:24.058	0.93275	0.93458			6
2025.09.12	00:28:24.389		0.93460			4
2025.09.12	00:28:25.956		0.93443			4
2025.09.12	00:28:28.118		0.93454			4
2025.09.12	00:28:28.422		0.93468			4
2025.09.12	00:28:29.963		0.93460			4
2025.09.12	00:28:30.581		0.93455			4
2025.09.12	00:28:31.199		0.93445			4
2025.09.12	00:28:31.518		0.93454			4
2025.09.12	00:28:31.820		0.93448			4
2025.09.12	00:28:33.504		0.93453			4
2025.09.12	00:28:34.525		0.93463			4
2025.09.12	00:28:34.956		0.93454			4
2025.09.12	00:28:35.281		0.93453			4
2025.09.12	00:28:36.694		0.93464			4
2025.09.12	00:28:37.054		0.93463			4
2025.09.12	00:28:37.777		0.93453			4
2025.09.12	00:28:38.797		0.93463			4
2025.09.12	00:28:39.869		0.93453			4
2025.09.12	00:28:40.905		0.93474			4
2025.09.12	00:28:42.480		0.93475			4
2025.09.12	00:28:46.480		0.93466			4
2025.09.12	00:28:47.777		0.93456			4
2025.09.12	00:28:48.789		0.93468			4
2025.09.12	00:28:50.335		0.93458			4
2025.09.12	00:28:50.856		0.93467			4
2025.09.12	00:28:51.411		0.93468			4
2025.09.12	00:28:51.938		0.93445			4
2025.09.12	00:28:53.177		0.93454			4
2025.09.12	00:28:55.338		0.93444			4
2025.09.12	00:28:56.578		0.93445			4
2025.09.12	00:28:57.198		0.93454			4
2025.09.12	00:28:57.818		0.93444			4
2025.09.12	00:28:58.138		0.93445			4
2025.09.12	00:28:58.439		0.93454			4
2025.09.12	00:28:59.063		0.93455			4
2025.09.12	00:28:59.713		0.93457			4
2025.09.12	00:29:00.459	0.93275	0.93445			6
2025.09.12	00:29:00.816		0.93442			4
2025.09.12	00:29:01.131		0.93445			4
2025.09.12	00:29:02.177		0.93453			4
2025.09.12	00:29:02.481		0.93452			4
2025.09.12	00:29:02.798		0.93455			4
2025.09.12	00:29:03.099		0.93469			4
2025.09.12	00:29:04.343		0.93468			4
2025.09.12	00:29:05.579		0.93469			4
2025.09.12	00:29:07.662		0.93465			4
2025.09.12	00:29:08.764		0.93463			4
2025.09.12	00:29:09.415		0.93457			4
2025.09.12	00:29:10.259		0.93458			4
2025.09.12	00:29:10.922		0.93459			4
2025.09.12	00:29:11.647		0.93450			4
2025.09.12	00:29:12.445		0.93459			4
2025.09.12	00:29:13.776		0.93451			4
2025.09.12	00:29:14.130		0.93439			4
2025.09.12	00:29:14.775		0.93446			4
2025.09.12	00:29:15.353		0.93459			4
2025.09.12	00:29:15.658		0.93460			4
2025.09.12	00:29:16.656		0.93441			4
2025.09.12	00:29:17.557		0.93440			4
2025.09.12	00:29:19.505		0.93435			4
2025.09.12	00:29:20.426		0.93437			4
2025.09.12	00:29:21.458		0.93446			4
2025.09.12	00:29:21.764		0.93448			4
2025.09.12	00:29:22.657		0.93449			4
2025.09.12	00:29:23.225		0.93450			4
2025.09.12	00:29:23.639		0.93474			4
2025.09.12	00:29:23.964		0.93482			4
2025.09.12	00:29:24.478		0.93456			4
2025.09.12	00:29:26.237		0.93446			4
2025.09.12	00:29:27.244		0.93440			4
2025.09.12	00:29:27.776		0.93446			4
2025.09.12	00:29:28.202		0.93434			4
2025.09.12	00:29:28.516	0.93263	0.93435			6
2025.09.12	00:29:28.828		0.93426			4
2025.09.12	00:29:29.139		0.93429			4
2025.09.12	00:29:29.446		0.93440			4
2025.09.12	00:29:29.757		0.93445			4
2025.09.12	00:29:30.114		0.93440			4
2025.09.12	00:29:31.130		0.93443			4
2025.09.12	00:29:31.597		0.93424			4
2025.09.12	00:29:31.910		0.93428			4
2025.09.12	00:29:33.718		0.93436			4
2025.09.12	00:29:34.780		0.93446			4
2025.09.12	00:29:35.698		0.93445			4
2025.09.12	00:29:36.671		0.93443			4
2025.09.12	00:29:37.448		0.93434			4
2025.09.12	00:29:37.952		0.93455			4
2025.09.12	00:29:38.271		0.93449			4
2025.09.12	00:29:38.786		0.93441			4
2025.09.12	00:29:39.778		0.93452			4
2025.09.12	00:29:40.331		0.93445			4
2025.09.12	00:29:40.962		0.93436			4
2025.09.12	00:29:41.278		0.93428			4
2025.09.12	00:29:41.791		0.93427			4
2025.09.12	00:29:42.351		0.93425			4
2025.09.12	00:29:43.024		0.93452			4
2025.09.12	00:29:43.963		0.93430			4
2025.09.12	00:29:46.157		0.93429			4
2025.09.12	00:29:48.832		0.93450			4
2025.09.12	00:29:50.260		0.93454			4
2025.09.12	00:29:50.980		0.93467			4
2025.09.12	00:29:51.834		0.93451			4
2025.09.12	00:29:52.278		0.93450			4
2025.09.12	00:29:52.956		0.93448			4
2025.09.12	00:29:53.266		0.93452			4
2025.09.12	00:29:53.576		0.93448			4
2025.09.12	00:29:53.878		0.93453			4
2025.09.12	00:29:54.415		0.93442			4
2025.09.12	00:29:55.354		0.93441			4
2025.09.12	00:29:55.793		0.93436			4
2025.09.12	00:29:56.550		0.93454			4
2025.09.12	00:29:58.351		0.93448			4
2025.09.12	00:29:58.659		0.93454			4
2025.09.12	00:30:00.030	0.93263	0.93435			6
2025.09.12	00:30:00.337		0.93446			4
2025.09.12	00:30:00.639		0.93455			4
2025.09.12	00:30:01.280		0.93458			4
2025.09.12	00:30:02.119		0.93457			4
2025.09.12	00:30:02.438		0.93482			4
2025.09.12	00:30:02.758		0.93486			4
2025.09.12	00:30:03.060		0.93483			4
2025.09.12	00:30:07.098		0.93475			4
2025.09.12	00:30:08.553		0.93470			4
2025.09.12	00:30:10.543		0.93449			4
2025.09.12	00:30:10.858		0.93451			4
2025.09.12	00:30:11.181	0.93235	0.93445			6
2025.09.12	00:30:11.493	0.93244	0.93441			6
2025.09.12	00:30:11.872	0.93256	0.93451			6
2025.09.12	00:30:12.178	0.93233	0.93453			6
2025.09.12	00:30:12.484	0.93256	0.93446			6
2025.09.12	00:30:13.150		0.93447			4
2025.09.12	00:30:13.458		0.93450			4
2025.09.12	00:30:13.927		0.93451			4
2025.09.12	00:30:14.253		0.93452			4
2025.09.12	00:30:18.157		0.93450			4
2025.09.12	00:30:18.671		0.93449			4
2025.09.12	00:30:20.255		0.93441			4
2025.09.12	00:30:24.225		0.93447			4
2025.09.12	00:30:24.753		0.93446			4
2025.09.12	00:30:28.661		0.93447			4
2025.09.12	00:30:29.702		0.93449			4
2025.09.12	00:30:30.745		0.93452			4
2025.09.12	00:30:38.972		0.93450			4
2025.09.12	00:30:39.811		0.93449			4
2025.09.12	00:30:41.412		0.93444			4
2025.09.12	00:30:42.492		0.93446			4
2025.09.12	00:30:56.030		0.93447			4
2025.09.12	00:31:00.783	0.93256				2
2025.09.12	00:31:54.757		0.93446			4
2025.09.12	00:31:56.123	0.93257	0.93440			6
2025.09.12	00:32:00.370	0.93256	0.93444			6
2025.09.12	00:32:00.964		0.93446			4
2025.09.12	00:32:06.753		0.93445			4
2025.09.12	00:32:11.965		0.93443			4
2025.09.12	00:32:12.303	0.93258	0.93440			6
2025.09.12	00:32:13.052	0.93257				2
2025.09.12	00:32:14.364	0.93256	0.93443			6
2025.09.12	00:32:15.968		0.93444			4
2025.09.12	00:32:16.785		0.93446			4
2025.09.12	00:32:20.993		0.93453			4
2025.09.12	00:32:21.640		0.93450			4
2025.09.12	00:32:22.016		0.93451			4
2025.09.12	00:32:24.687		0.93449			4
2025.09.12	00:32:34.661		0.93448			4
2025.09.12	00:32:35.118		0.93449			4
2025.09.12	00:32:35.914		0.93446			4
2025.09.12	00:32:36.222		0.93449			4
2025.09.12	00:32:36.558		0.93447			4
2025.09.12	00:32:37.966		0.93448			4
2025.09.12	00:32:41.725		0.93447			4
2025.09.12	00:32:42.576		0.93448			4
2025.09.12	00:32:43.075		0.93447			4
2025.09.12	00:32:43.923		0.93448			4
2025.09.12	00:32:45.282		0.93442			4
2025.09.12	00:32:47.312		0.93440			4
2025.09.12	00:32:47.786		0.93442			4
2025.09.12	00:32:48.525	0.93260	0.93438			6
2025.09.12	00:32:48.884	0.93259	0.93439			6
2025.09.12	00:32:49.384	0.93256	0.93442			6
2025.09.12	00:32:49.887	0.93262	0.93436			6
2025.09.12	00:32:50.250	0.93260	0.93438			6
2025.09.12	00:32:50.747	0.93256	0.93442			6
2025.09.12	00:32:51.595	0.93258	0.93440			6
2025.09.12	00:32:52.096	0.93256	0.93442			6
2025.09.12	00:32:52.596	0.93261	0.93437			6
2025.09.12	00:32:52.960	0.93257	0.93441			6
2025.09.12	00:32:53.373	0.93256	0.93442			6
2025.09.12	00:32:54.315	0.93257	0.93441			6
2025.09.12	00:32:54.815	0.93256	0.93442			6
2025.09.12	00:32:55.317	0.93259	0.93439			6
2025.09.12	00:32:55.675	0.93258	0.93440			6
2025.09.12	00:32:56.174	0.93256	0.93442			6
2025.09.12	00:32:56.676	0.93260	0.93438			6
2025.09.12	00:32:57.042	0.93256	0.93442			6
2025.09.12	00:32:58.050	0.93262	0.93436			6
2025.09.12	00:32:58.402	0.93256	0.93442			6
2025.09.12	00:32:59.405	0.93261	0.93438			6
2025.09.12	00:32:59.768	0.93259	0.93439			6
2025.09.12	00:33:00.259	0.93256	0.93442			6
2025.09.12	00:33:01.110	0.93258	0.93441			6
2025.09.12	00:33:01.604	0.93256	0.93442			6
2025.09.12	00:33:02.105	0.93260	0.93438			6
2025.09.12	00:33:02.472	0.93258	0.93440			6
2025.09.12	00:33:02.974	0.93256	0.93442			6
2025.09.12	00:33:03.837	0.93258	0.93440			6
2025.09.12	00:33:04.332	0.93256	0.93442			6
2025.09.12	00:33:05.178	0.93260	0.93438			6
2025.09.12	00:33:05.673	0.93256	0.93442			6
2025.09.12	00:33:06.564	0.93259	0.93439			6
2025.09.12	00:33:07.056	0.93256	0.93442			6
2025.09.12	00:33:09.186	0.93260	0.93438			6
2025.09.12	00:33:09.687	0.93256	0.93443			6
2025.09.12	00:33:10.022		0.93446			4
2025.09.12	00:33:10.966		0.93445			4
2025.09.12	00:33:11.777		0.93446			4
2025.09.12	00:33:15.162		0.93445			4
2025.09.12	00:33:17.854		0.93446			4
2025.09.12	00:33:26.693		0.93442			4
2025.09.12	00:33:40.137	0.93261	0.93438			6
2025.09.12	00:33:40.635	0.93256	0.93442			6
2025.09.12	00:33:41.133	0.93264	0.93434			6
2025.09.12	00:33:41.516	0.93262	0.93436			6
2025.09.12	00:33:42.021	0.93256	0.93442			6
2025.09.12	00:33:42.517	0.93257	0.93441			6
2025.09.12	00:33:42.886	0.93263	0.93435			6
2025.09.12	00:33:43.386	0.93256	0.93442			6
2025.09.12	00:33:45.615	0.93261	0.93437			6
2025.09.12	00:33:46.111	0.93256	0.93442			6
2025.09.12	00:33:46.412	0.93263	0.93435			6
2025.09.12	00:33:46.970	0.93262	0.93436			6
2025.09.12	00:33:47.473	0.93256	0.93442			6
2025.09.12	00:33:48.338	0.93261	0.93437			6
2025.09.12	00:33:48.833	0.93256	0.93442			6
2025.09.12	00:33:49.331	0.93266	0.93432			6
2025.09.12	00:33:49.709	0.93256	0.93442			6
2025.09.12	00:33:50.214	0.93258	0.93440			6
2025.09.12	00:33:50.714	0.93259	0.93439			6
2025.09.12	00:33:51.050	0.93257	0.93441			6
2025.09.12	00:33:51.412	0.93258	0.93440			6
2025.09.12	00:33:52.050	0.93259	0.93439			6
2025.09.12	00:33:52.391	0.93257	0.93441			6
2025.09.12	00:33:52.794	0.93258	0.93440			6
2025.09.12	00:33:53.390	0.93259	0.93439			6
2025.09.12	00:33:53.731	0.93263	0.93435			6
2025.09.12	00:33:54.233	0.93258	0.93440			6
2025.09.12	00:33:54.734	0.93259	0.93439			6
2025.09.12	00:33:55.080	0.93263	0.93435			6
2025.09.12	00:33:55.580	0.93258	0.93440			6
2025.09.12	00:33:56.084	0.93259	0.93439			6
2025.09.12	00:33:56.422	0.93257	0.93441			6
2025.09.12	00:33:56.796	0.93259	0.93439			6
2025.09.12	00:33:57.241	0.93257				2
2025.09.12	00:33:57.763	0.93256	0.93441			6
2025.09.12	00:33:58.263	0.93257	0.93440			6
2025.09.12	00:33:58.763		0.93439			4
2025.09.12	00:33:59.120	0.93256	0.93441			6
2025.09.12	00:33:59.599	0.93257	0.93439			6
2025.09.12	00:34:00.109	0.93265	0.93431			6
2025.09.12	00:34:04.379	0.93264	0.93432			6
2025.09.12	00:34:04.860	0.93263	0.93433			6
2025.09.12	00:34:05.871	0.93264				2
2025.09.12	00:34:07.655	0.93265	0.93432			6
2025.09.12	00:34:11.859	0.93261	0.93436			6
2025.09.12	00:34:12.963	0.93262	0.93435			6
2025.09.12	00:34:14.407	0.93261	0.93436			6
2025.09.12	00:34:15.790	0.93260	0.93438			6
2025.09.12	00:34:16.619	0.93258	0.93439			6
2025.09.12	00:34:16.962	0.93257	0.93440			6
2025.09.12	00:34:21.758		0.93441			4
2025.09.12	00:34:26.222	0.93259	0.93438			6
2025.09.12	00:34:27.225	0.93256	0.93442			6
2025.09.12	00:34:37.502		0.93441			4
2025.09.12	00:34:38.083		0.93443			4
2025.09.12	00:34:40.401	0.93259				2
2025.09.12	00:34:40.962		0.93446			4
2025.09.12	00:34:41.427		0.93443			4
2025.09.12	00:34:41.917		0.93444			4
2025.09.12	00:34:42.348		0.93439			4
2025.09.12	00:34:42.927		0.93447			4
2025.09.12	00:34:44.358		0.93441			4
2025.09.12	00:34:49.703		0.93445			4
2025.09.12	00:34:52.446		0.93444			4
2025.09.12	00:34:54.442		0.93442			4
2025.09.12	00:35:00.539	0.93259				2
2025.09.12	00:35:26.553		0.93441			4
2025.09.12	00:35:32.882		0.93435			4
2025.09.12	00:35:33.965		0.93433			4
2025.09.12	00:35:35.922		0.93442			4
2025.09.12	00:35:36.910		0.93441			4
2025.09.12	00:35:37.765		0.93442			4
2025.09.12	00:35:40.402	0.93260				2
2025.09.12	00:36:00.453	0.93260				2
2025.09.12	00:36:07.956		0.93439			4
2025.09.12	00:36:10.011		0.93437			4
2025.09.12	00:36:16.935		0.93440			4
2025.09.12	00:36:19.727		0.93442			4
2025.09.12	00:36:22.061		0.93441			4
2025.09.12	00:36:28.953		0.93442			4
2025.09.12	00:36:29.555		0.93441			4
2025.09.12	00:36:30.442		0.93440			4
2025.09.12	00:36:40.400	0.93259				2
2025.09.12	00:36:42.142		0.93439			4
2025.09.12	00:36:43.375		0.93437			4
2025.09.12	00:36:44.838		0.93441			4
2025.09.12	00:36:46.352		0.93440			4
2025.09.12	00:36:49.692		0.93436			4
2025.09.12	00:36:53.362		0.93437			4
2025.09.12	00:36:54.864		0.93432			4
2025.09.12	00:36:57.441		0.93431			4
2025.09.12	00:36:58.255		0.93435			4
2025.09.12	00:36:59.291		0.93433			4
2025.09.12	00:36:59.807		0.93435			4
2025.09.12	00:37:00.421	0.93259				2
2025.09.12	00:37:04.654		0.93439			4
2025.09.12	00:37:04.974		0.93440			4
2025.09.12	00:37:12.469		0.93437			4
2025.09.12	00:37:13.664		0.93440			4
2025.09.12	00:37:19.035		0.93437			4
2025.09.12	00:37:20.181		0.93438			4
2025.09.12	00:37:21.157		0.93437			4
2025.09.12	00:37:24.838		0.93440			4
2025.09.12	00:37:33.753		0.93439			4
2025.09.12	00:37:40.222	0.93258				2
2025.09.12	00:37:45.968		0.93438			4
2025.09.12	00:37:50.855		0.93439			4
2025.09.12	00:38:00.228	0.93258				2
2025.09.12	00:38:01.957		0.93438			4
2025.09.12	00:38:03.648		0.93439			4
2025.09.12	00:38:08.963		0.93438			4
2025.09.12	00:38:14.660		0.93439			4
2025.09.12	00:38:22.468		0.93437			4
2025.09.12	00:38:23.003		0.93436			4
2025.09.12	00:38:23.400		0.93437			4
2025.09.12	00:38:24.550		0.93439			4
2025.09.12	00:38:29.967		0.93438			4
2025.09.12	00:38:31.056		0.93439			4
2025.09.12	00:38:38.258		0.93438			4
2025.09.12	00:38:43.046		0.93439			4
2025.09.12	00:38:44.259		0.93437			4
2025.09.12	00:38:46.354		0.93436			4
2025.09.12	00:38:48.871		0.93437			4
2025.09.12	00:38:50.592		0.93436			4
2025.09.12	00:38:52.952		0.93435			4
2025.09.12	00:38:54.727		0.93431			4
2025.09.12	00:38:55.249		0.93428			4
2025.09.12	00:38:55.652		0.93429			4
2025.09.12	00:38:55.957		0.93435			4
2025.09.12	00:39:00.755	0.93258				2
2025.09.12	00:39:06.285		0.93436			4
2025.09.12	00:39:11.039		0.93437			4
2025.09.12	00:39:26.971		0.93438			4
2025.09.12	00:39:29.221		0.93437			4
2025.09.12	00:39:30.454		0.93438			4
2025.09.12	00:39:35.254		0.93437			4
2025.09.12	00:39:41.047		0.93436			4
2025.09.12	00:39:42.246		0.93437			4
2025.09.12	00:39:46.801		0.93438			4
2025.09.12	00:39:49.354		0.93437			4
2025.09.12	00:39:58.405		0.93436			4
2025.09.12	00:39:58.732		0.93437			4
2025.09.12	00:39:59.294		0.93438			4
2025.09.12	00:39:59.856		0.93437			4
2025.09.12	00:40:00.752	0.93258	0.93436			6
2025.09.12	00:40:02.800		0.93437			4
2025.09.12	00:40:04.831		0.93436			4
2025.09.12	00:40:05.260		0.93437			4
2025.09.12	00:40:10.668		0.93436			4
2025.09.12	00:40:14.255		0.93435			4
2025.09.12	00:40:15.156		0.93436			4
2025.09.12	00:40:16.267		0.93435			4
2025.09.12	00:40:17.554		0.93436			4
2025.09.12	00:40:18.877		0.93435			4
2025.09.12	00:40:20.993		0.93436			4
2025.09.12	00:40:24.760		0.93435			4
2025.09.12	00:40:25.552		0.93436			4
2025.09.12	00:40:27.155		0.93435			4
2025.09.12	00:40:34.421		0.93433			4
2025.09.12	00:40:39.853		0.93436			4
2025.09.12	00:40:40.229	0.93260				2
2025.09.12	00:40:40.912		0.93437			4
2025.09.12	00:40:42.834		0.93436			4
2025.09.12	00:40:45.128		0.93434			4
2025.09.12	00:40:47.691		0.93433			4
2025.09.12	00:40:49.655		0.93434			4
2025.09.12	00:40:50.067		0.93433			4
2025.09.12	00:40:50.372		0.93434			4
2025.09.12	00:40:52.055		0.93433			4
2025.09.12	00:40:52.705		0.93432			4
2025.09.12	00:40:55.016		0.93434			4
2025.09.12	00:41:00.411	0.93260	0.93435			6
2025.09.12	00:41:15.154		0.93433			4
2025.09.12	00:41:17.289		0.93432			4
2025.09.12	00:41:20.405		0.93433			4
2025.09.12	00:41:22.244		0.93430			4
2025.09.12	00:41:23.312		0.93432			4
2025.09.12	00:41:26.811		0.93433			4
2025.09.12	00:41:31.650		0.93432			4
2025.09.12	00:41:33.155		0.93433			4
2025.09.12	00:41:36.454		0.93432			4
2025.09.12	00:41:37.526		0.93430			4
2025.09.12	00:41:38.254		0.93432			4
2025.09.12	00:41:39.917		0.93433			4
2025.09.12	00:41:42.053		0.93432			4
2025.09.12	00:41:43.062		0.93433			4
2025.09.12	00:41:48.378		0.93432			4
2025.09.12	00:41:49.355		0.93433			4
2025.09.12	00:41:52.275		0.93432			4
2025.09.12	00:41:53.233		0.93431			4
2025.09.12	00:41:53.962		0.93430			4
2025.09.12	00:41:56.432		0.93431			4
2025.09.12	00:41:57.964		0.93432			4
2025.09.12	00:42:01.661	0.93260				2
2025.09.12	00:42:05.928		0.93433			4
2025.09.12	00:42:06.484		0.93432			4
2025.09.12	00:42:09.753		0.93435			4
2025.09.12	00:42:10.923		0.93436			4
2025.09.12	00:42:13.096		0.93437			4
2025.09.12	00:42:13.466		0.93436			4
2025.09.12	00:42:14.853		0.93437			4
2025.09.12	00:42:15.243		0.93436			4
2025.09.12	00:42:17.854		0.93435			4
2025.09.12	00:42:18.250		0.93436			4
2025.09.12	00:42:21.754		0.93435			4
2025.09.12	00:42:22.063		0.93436			4
2025.09.12	00:42:23.823		0.93435			4
2025.09.12	00:42:24.856		0.93434			4
2025.09.12	00:42:26.860		0.93435			4
2025.09.12	00:42:30.044		0.93432			4
2025.09.12	00:42:30.470		0.93433			4
2025.09.12	00:42:31.657		0.93432			4
2025.09.12	00:42:32.796		0.93433			4
2025.09.12	00:42:35.924		0.93432			4
2025.09.12	00:42:39.669		0.93431			4
2025.09.12	00:42:40.019		0.93434			4
2025.09.12	00:42:40.401	0.93257				2
2025.09.12	00:42:47.969		0.93435			4
2025.09.12	00:42:49.329		0.93434			4
2025.09.12	00:42:50.475		0.93435			4
2025.09.12	00:42:51.955		0.93434			4
2025.09.12	00:42:55.326		0.93435			4
2025.09.12	00:42:57.261		0.93436			4
2025.09.12	00:42:57.970		0.93434			4
2025.09.12	00:43:01.039	0.93257				2
2025.09.12	00:43:08.257		0.93433			4
2025.09.12	00:43:09.938		0.93432			4
2025.09.12	00:43:10.250		0.93433			4
2025.09.12	00:43:10.653		0.93432			4
2025.09.12	00:43:10.958		0.93433			4
2025.09.12	00:43:11.299		0.93434			4
2025.09.12	00:43:13.210		0.93431			4
2025.09.12	00:43:13.965		0.93430			4
2025.09.12	00:43:15.162		0.93427			4
2025.09.12	00:43:15.513		0.93425			4
2025.09.12	00:43:19.953		0.93424			4
2025.09.12	00:43:20.256		0.93425			4
2025.09.12	00:43:23.024		0.93426			4
2025.09.12	00:43:23.342		0.93425			4
2025.09.12	00:43:24.022		0.93426			4
2025.09.12	00:43:24.357		0.93425			4
2025.09.12	00:43:24.946		0.93429			4
2025.09.12	00:43:25.298		0.93428			4
2025.09.12	00:43:25.602		0.93427			4
2025.09.12	00:43:26.348		0.93428			4
2025.09.12	00:43:28.449		0.93427			4
2025.09.12	00:43:30.056		0.93428			4
2025.09.12	00:43:31.885		0.93429			4
2025.09.12	00:43:32.968		0.93428			4
2025.09.12	00:43:39.153		0.93427			4
2025.09.12	00:43:40.371		0.93429			4
2025.09.12	00:43:42.930	0.93266				2
2025.09.12	00:43:44.969		0.93428			4
2025.09.12	00:43:47.555		0.93429			4
2025.09.12	00:43:48.191		0.93427			4
2025.09.12	00:43:50.137		0.93429			4
2025.09.12	00:43:51.155		0.93428			4
2025.09.12	00:43:51.905		0.93429			4
2025.09.12	00:43:53.857		0.93428			4
2025.09.12	00:43:58.002		0.93429			4
2025.09.12	00:43:58.841		0.93427			4
2025.09.12	00:44:00.146	0.93266	0.93425			6
2025.09.12	00:44:04.658		0.93424			4
2025.09.12	00:44:05.855		0.93425			4
2025.09.12	00:44:07.322		0.93426			4
2025.09.12	00:44:08.347		0.93425			4
2025.09.12	00:44:10.018		0.93428			4
2025.09.12	00:44:10.825		0.93427			4
2025.09.12	00:44:14.255		0.93428			4
2025.09.12	00:44:15.756		0.93429			4
2025.09.12	00:44:18.153		0.93428			4
2025.09.12	00:44:20.036		0.93429			4
2025.09.12	00:44:20.857		0.93428			4
2025.09.12	00:44:25.015		0.93427			4
2025.09.12	00:44:37.969		0.93428			4
2025.09.12	00:44:38.278		0.93427			4
2025.09.12	00:44:38.609		0.93428			4
2025.09.12	00:44:39.044		0.93427			4
2025.09.12	00:44:45.278		0.93425			4
2025.09.12	00:44:48.495		0.93423			4
2025.09.12	00:44:56.252		0.93422			4
2025.09.12	00:45:00.351	0.93266				2
2025.09.12	00:45:00.672		0.93423			4
2025.09.12	00:45:03.154	0.93260	0.93452			6
2025.09.12	00:45:03.781	0.93261	0.93454			6
2025.09.12	00:45:06.503	0.93266	0.93425			6
2025.09.12	00:45:07.955		0.93426			4
2025.09.12	00:45:10.388	0.93284	0.93408			6
2025.09.12	00:45:13.054		0.93409			4
2025.09.12	00:45:13.769		0.93408			4
2025.09.12	00:45:14.252		0.93407			4
2025.09.12	00:45:16.646		0.93406			4
2025.09.12	00:45:19.360		0.93407			4
2025.09.12	00:45:20.061		0.93406			4
2025.09.12	00:45:26.439		0.93405			4
2025.09.12	00:45:27.004		0.93404			4
2025.09.12	00:45:27.321		0.93406			4
2025.09.12	00:45:28.133		0.93408			4
2025.09.12	00:45:30.249		0.93405			4
2025.09.12	00:45:33.388		0.93406			4
2025.09.12	00:45:36.152		0.93408			4
2025.09.12	00:45:37.216		0.93409			4
2025.09.12	00:45:39.594		0.93408			4
2025.09.12	00:45:40.017		0.93409			4
2025.09.12	00:45:44.815		0.93410			4
2025.09.12	00:45:45.453		0.93411			4
2025.09.12	00:45:46.963		0.93412			4
2025.09.12	00:45:56.726		0.93410			4
2025.09.12	00:46:00.233	0.93284	0.93412			6
2025.09.12	00:46:06.293		0.93411			4
2025.09.12	00:46:10.171		0.93412			4
2025.09.12	00:46:11.826		0.93410			4
2025.09.12	00:46:24.155		0.93409			4
2025.09.12	00:46:27.756		0.93410			4
2025.09.12	00:46:30.431		0.93409			4
2025.09.12	00:46:35.077		0.93408			4
2025.09.12	00:46:37.655		0.93409			4
2025.09.12	00:46:39.153		0.93408			4
2025.09.12	00:46:39.857		0.93407			4
2025.09.12	00:46:40.195		0.93409			4
2025.09.12	00:46:40.988		0.93408			4
2025.09.12	00:46:42.210		0.93407			4
2025.09.12	00:46:50.306		0.93406			4
2025.09.12	00:46:54.998		0.93408			4
2025.09.12	00:46:56.514		0.93407			4
2025.09.12	00:47:00.757	0.93284	0.93406			6
2025.09.12	00:47:03.174	0.93277	0.93436			6
2025.09.12	00:47:06.547	0.93274	0.93406			6
2025.09.12	00:47:10.536		0.93405			4
2025.09.12	00:47:13.964		0.93404			4
2025.09.12	00:47:14.970		0.93405			4
2025.09.12	00:47:17.069		0.93404			4
2025.09.12	00:47:18.335		0.93405			4
2025.09.12	00:47:22.763		0.93404			4
2025.09.12	00:47:25.018		0.93407			4
2025.09.12	00:47:26.509		0.93408			4
2025.09.12	00:47:27.504		0.93407			4
2025.09.12	00:47:27.818		0.93406			4
2025.09.12	00:47:29.554		0.93405			4
2025.09.12	00:47:33.143		0.93406			4
2025.09.12	00:47:38.237		0.93404			4
2025.09.12	00:47:38.953		0.93405			4
2025.09.12	00:47:40.201		0.93404			4
2025.09.12	00:47:41.598		0.93401			4
2025.09.12	00:47:44.362		0.93403			4
2025.09.12	00:47:49.265		0.93402			4
2025.09.12	00:47:50.854		0.93403			4
2025.09.12	00:47:53.857		0.93402			4
2025.09.12	00:47:55.658		0.93403			4
2025.09.12	00:47:56.509		0.93402			4
2025.09.12	00:47:58.356		0.93401			4
2025.09.12	00:48:00.841	0.93274				2
2025.09.12	00:48:15.454		0.93400			4
2025.09.12	00:48:19.615		0.93401			4
2025.09.12	00:48:23.554		0.93400			4
2025.09.12	00:48:30.053		0.93397			4
2025.09.12	00:48:32.856		0.93398			4
2025.09.12	00:48:35.256		0.93397			4
2025.09.12	00:48:37.191		0.93396			4
2025.09.12	00:48:40.021		0.93399			4
2025.09.12	00:48:42.000		0.93400			4
2025.09.12	00:48:43.039		0.93402			4
2025.09.12	00:48:44.359		0.93403			4
2025.09.12	00:48:53.233		0.93400			4
2025.09.12	00:48:55.653		0.93399			4
2025.09.12	00:48:56.505		0.93402			4
2025.09.12	00:49:00.195	0.93283	0.93398			6
2025.09.12	00:49:01.275		0.93397			4
2025.09.12	00:49:03.256		0.93398			4
2025.09.12	00:49:04.053		0.93399			4
2025.09.12	00:49:08.430		0.93404			4
2025.09.12	00:49:09.455		0.93403			4
2025.09.12	00:49:11.555		0.93404			4
2025.09.12	00:49:23.348	0.93295				2
2025.09.12	00:49:23.879	0.93274	0.93424			6
2025.09.12	00:49:30.966		0.93422			4
2025.09.12	00:49:44.736		0.93426			4
2025.09.12	00:49:45.780		0.93424			4
2025.09.12	00:49:47.970		0.93422			4
2025.09.12	00:49:57.369	0.93279	0.93420			6
2025.09.12	00:49:57.928	0.93281				2
2025.09.12	00:49:58.885	0.93286	0.93415			6
2025.09.12	00:50:00.066	0.93281	0.93420			6
2025.09.12	00:50:00.456	0.93289	0.93412			6
2025.09.12	00:50:04.056	0.93329	0.93413			6
2025.09.12	00:50:04.387	0.93328	0.93414			6
2025.09.12	00:50:04.731	0.93277	0.93440			6
2025.09.12	00:50:05.106	0.93274				2
2025.09.12	00:50:08.034	0.93287				2
2025.09.12	00:50:10.020		0.93439			4
2025.09.12	00:50:11.350		0.93444			4
2025.09.12	00:50:11.653		0.93446			4
2025.09.12	00:50:12.157		0.93447			4
2025.09.12	00:50:13.080		0.93445			4
2025.09.12	00:50:15.602		0.93441			4
2025.09.12	00:50:16.346		0.93435			4
2025.09.12	00:50:17.290		0.93439			4
2025.09.12	00:50:20.425		0.93444			4
2025.09.12	00:50:23.858		0.93443			4
2025.09.12	00:50:29.929		0.93441			4
2025.09.12	00:50:32.256		0.93442			4
2025.09.12	00:50:32.641		0.93443			4
2025.09.12	00:50:35.661		0.93440			4
2025.09.12	00:50:39.462	0.93288	0.93438			6
2025.09.12	00:50:40.004	0.93287	0.93440			6
2025.09.12	00:50:40.963		0.93439			4
2025.09.12	00:50:45.225	0.93288	0.93438			6
2025.09.12	00:50:45.622	0.93287	0.93442			6
2025.09.12	00:50:46.808	0.93288	0.93438			6
2025.09.12	00:50:47.305	0.93287	0.93441			6
2025.09.12	00:50:49.619		0.93442			4
2025.09.12	00:50:49.966	0.93289	0.93437			6
2025.09.12	00:50:51.963	0.93288	0.93438			6
2025.09.12	00:50:53.904	0.93287	0.93439			6
2025.09.12	00:50:55.653	0.93292	0.93434			6
2025.09.12	00:50:55.965	0.93291	0.93436			6
2025.09.12	00:50:56.806	0.93292	0.93435			6
2025.09.12	00:50:57.874	0.93290	0.93436			6
2025.09.12	00:51:00.155	0.93290				2
2025.09.12	00:51:01.354	0.93291				2
2025.09.12	00:51:05.669	0.93288	0.93439			6
2025.09.12	00:51:06.033	0.93287	0.93440			6
2025.09.12	00:51:06.967	0.93289	0.93438			6
2025.09.12	00:51:07.320	0.93287	0.93440			6
2025.09.12	00:51:08.109	0.93289				2
2025.09.12	00:51:08.770		0.93438			4
2025.09.12	00:51:09.095		0.93437			4
2025.09.12	00:51:09.626		0.93438			4
2025.09.12	00:51:12.155		0.93437			4
2025.09.12	00:51:13.354		0.93436			4
2025.09.12	00:51:14.855		0.93437			4
2025.09.12	00:51:18.071	0.93291	0.93434			6
2025.09.12	00:51:18.752	0.93293				2
2025.09.12	00:51:20.826	0.93291	0.93436			6
2025.09.12	00:51:22.056	0.93292				2
2025.09.12	00:51:23.905		0.93435			4
2025.09.12	00:51:24.753	0.93293				2
2025.09.12	00:51:25.955	0.93292				2
2025.09.12	00:51:27.235	0.93293	0.93434			6
2025.09.12	00:51:28.189	0.93294				2
2025.09.12	00:51:28.652	0.93291				2
2025.09.12	00:51:33.066	0.93292	0.93433			6
2025.09.12	00:51:38.749	0.93295				2
2025.09.12	00:51:39.176	0.93294				2
2025.09.12	00:51:39.963	0.93296	0.93431			6
2025.09.12	00:51:40.538	0.93295				2
2025.09.12	00:51:41.264	0.93296	0.93432			6
2025.09.12	00:51:43.227	0.93295	0.93431			6
2025.09.12	00:51:43.533	0.93296				2
2025.09.12	00:51:44.854	0.93295	0.93432			6
2025.09.12	00:51:45.214	0.93297	0.93431			6
2025.09.12	00:51:45.791	0.93295	0.93432			6
2025.09.12	00:51:46.955	0.93294	0.93433			6
2025.09.12	00:51:48.755	0.93295	0.93432			6
2025.09.12	00:51:49.955		0.93433			4
2025.09.12	00:51:51.755	0.93296	0.93432			6
2025.09.12	00:51:52.437	0.93294	0.93434			6
2025.09.12	00:51:52.966	0.93293	0.93433			6
2025.09.12	00:51:54.210		0.93434			4
2025.09.12	00:51:54.892	0.93294	0.93433			6
2025.09.12	00:51:55.194		0.93434			4
2025.09.12	00:51:56.184	0.93296	0.93431			6
2025.09.12	00:51:58.729	0.93293				2
2025.09.12	00:51:59.554	0.93294				2
2025.09.12	00:52:00.351	0.93294				2
2025.09.12	00:52:00.755	0.93295	0.93430			6
2025.09.12	00:52:04.053		0.93429			4
2025.09.12	00:52:08.782	0.93297				2
2025.09.12	00:52:10.699	0.93299	0.93427			6
2025.09.12	00:52:11.028	0.93298	0.93429			6
2025.09.12	00:52:11.376	0.93299				2
2025.09.12	00:52:14.331	0.93298				2
2025.09.12	00:52:14.957		0.93428			4
2025.09.12	00:52:15.701	0.93297	0.93429			6
2025.09.12	00:52:16.259		0.93430			4
2025.09.12	00:52:18.456		0.93429			4
2025.09.12	00:52:21.436	0.93298	0.93428			6
2025.09.12	00:52:23.629	0.93297				2
2025.09.12	00:52:24.200	0.93298	0.93427			6
2025.09.12	00:52:28.768	0.93300				2
2025.09.12	00:52:32.544	0.93299	0.93428			6
2025.09.12	00:52:35.028	0.93298	0.93429			6
2025.09.12	00:52:35.963	0.93299	0.93428			6
2025.09.12	00:52:39.974		0.93429			4
2025.09.12	00:52:40.277		0.93428			4
2025.09.12	00:52:41.855		0.93427			4
2025.09.12	00:52:43.925	0.93301	0.93426			6
2025.09.12	00:52:44.840	0.93300	0.93427			6
2025.09.12	00:52:46.353	0.93301	0.93426			6
2025.09.12	00:52:49.214	0.93300				2
2025.09.12	00:52:50.972	0.93299	0.93427			6
2025.09.12	00:52:51.280	0.93302	0.93424			6
2025.09.12	00:52:51.763	0.93300	0.93426			6
2025.09.12	00:52:52.876	0.93301	0.93425			6
2025.09.12	00:52:53.369	0.93302	0.93424			6
2025.09.12	00:52:53.680		0.93425			4
2025.09.12	00:52:54.048	0.93304	0.93424			6
2025.09.12	00:52:55.165	0.93303	0.93425			6
2025.09.12	00:52:55.546	0.93300	0.93428			6
2025.09.12	00:52:55.872	0.93302	0.93425			6
2025.09.12	00:52:56.209	0.93303				2
2025.09.12	00:52:58.377	0.93302				2
2025.09.12	00:52:58.696	0.93299				2
2025.09.12	00:53:00.157	0.93299				2
2025.09.12	00:53:03.154	0.93300				2
2025.09.12	00:53:05.686	0.93299	0.93426			6
2025.09.12	00:53:07.054		0.93425			4
2025.09.12	00:53:08.765	0.93301				2
2025.09.12	00:53:10.061		0.93426			4
2025.09.12	00:53:10.697	0.93302	0.93425			6
2025.09.12	00:53:11.241	0.93300	0.93427			6
2025.09.12	00:53:11.965	0.93298	0.93428			6
2025.09.12	00:53:13.621		0.93429			4
2025.09.12	00:53:14.392	0.93300	0.93427			6
2025.09.12	00:53:14.736	0.93298	0.93428			6
2025.09.12	00:53:15.055	0.93300	0.93427			6
2025.09.12	00:53:15.713	0.93302	0.93426			6
2025.09.12	00:53:16.094	0.93301	0.93427			6
2025.09.12	00:53:17.839	0.93300				2
2025.09.12	00:53:18.756		0.93428			4
2025.09.12	00:53:21.410		0.93427			4
2025.09.12	00:53:22.427	0.93299	0.93428			6
2025.09.12	00:53:22.738	0.93300				2
2025.09.12	00:53:23.620	0.93299	0.93429			6
2025.09.12	00:53:24.348	0.93298				2
2025.09.12	00:53:25.098	0.93300	0.93428			6
2025.09.12	00:53:25.665	0.93299	0.93431			6
2025.09.12	00:53:25.979		0.93429			4
2025.09.12	00:53:26.579	0.93300	0.93427			6
2025.09.12	00:53:28.655	0.93298				2
2025.09.12	00:53:29.738	0.93300	0.93425			6
2025.09.12	00:53:30.155	0.93301	0.93424			6
2025.09.12	00:53:31.785	0.93300	0.93425			6
2025.09.12	00:53:32.854	0.93299	0.93426			6
2025.09.12	00:53:34.354	0.93300				2
2025.09.12	00:53:34.964		0.93425			4
2025.09.12	00:53:35.778	0.93303				2
2025.09.12	00:53:38.722	0.93301	0.93424			6
2025.09.12	00:53:41.881	0.93303	0.93422			6
2025.09.12	00:53:44.255		0.93423			4
2025.09.12	00:53:44.741		0.93422			4
2025.09.12	00:53:45.743	0.93304	0.93421			6
2025.09.12	00:53:48.732	0.93306	0.93422			6
2025.09.12	00:53:54.430	0.93305	0.93423			6
2025.09.12	00:53:56.840	0.93303	0.93424			6
2025.09.12	00:53:57.297	0.93302	0.93426			6
2025.09.12	00:53:57.916	0.93303	0.93425			6
2025.09.12	00:53:58.796	0.93304	0.93424			6
2025.09.12	00:54:01.816	0.93304				2
2025.09.12	00:54:02.711	0.93306	0.93422			6
2025.09.12	00:54:03.018	0.93305	0.93423			6
2025.09.12	00:54:03.381	0.93304	0.93424			6
2025.09.12	00:54:03.800		0.93423			4
2025.09.12	00:54:05.181		0.93424			4
2025.09.12	00:54:06.347		0.93425			4
2025.09.12	00:54:06.663		0.93424			4
2025.09.12	00:54:07.796	0.93307	0.93421			6
2025.09.12	00:54:09.224	0.93306				2
2025.09.12	00:54:10.160	0.93307				2
2025.09.12	00:54:10.485		0.93420			4
2025.09.12	00:54:11.605	0.93306	0.93421			6
2025.09.12	00:54:12.750		0.93422			4
2025.09.12	00:54:13.679	0.93336				2
2025.09.12	00:54:14.011	0.93338	0.93421			6
2025.09.12	00:54:15.149	0.93336	0.93424			6
2025.09.12	00:54:15.932	0.93337	0.93422			6
2025.09.12	00:54:16.594	0.93338	0.93421			6
2025.09.12	00:54:19.345	0.93339				2
2025.09.12	00:54:19.972	0.93338				2
2025.09.12	00:54:21.755	0.93337	0.93422			6
2025.09.12	00:54:22.362	0.93336	0.93424			6
2025.09.12	00:54:23.181	0.93339				2
2025.09.12	00:54:23.854		0.93425			4
2025.09.12	00:54:24.347		0.93424			4
2025.09.12	00:54:25.655		0.93426			4
2025.09.12	00:54:25.969		0.93425			4
2025.09.12	00:54:29.220		0.93424			4
2025.09.12	00:54:30.263		0.93423			4
2025.09.12	00:54:30.837		0.93422			4
2025.09.12	00:54:35.002		0.93423			4
2025.09.12	00:54:36.064	0.93337	0.93422			6
2025.09.12	00:54:38.661	0.93334				2
2025.09.12	00:54:38.977	0.93332	0.93424			6
2025.09.12	00:54:39.296	0.93334	0.93422			6
2025.09.12	00:54:40.221	0.93335	0.93421			6
2025.09.12	00:54:40.534	0.93334	0.93422			6
2025.09.12	00:54:40.861	0.93339				2
2025.09.12	00:54:43.352		0.93423			4
2025.09.12	00:54:44.804		0.93424			4
2025.09.12	00:54:45.377		0.93422			4
2025.09.12	00:54:49.149		0.93423			4
2025.09.12	00:54:49.653		0.93422			4
2025.09.12	00:54:50.928	0.93371	0.93433			6
2025.09.12	00:54:51.280	0.93373				2
2025.09.12	00:54:51.668	0.93374				2
2025.09.12	00:54:52.980	0.93373				2
2025.09.12	00:54:53.857	0.93376				2
2025.09.12	00:54:55.654		0.93429			4
2025.09.12	00:54:56.693	0.93377	0.93433			6
2025.09.12	00:54:57.415	0.93378	0.93432			6
2025.09.12	00:54:58.305	0.93379	0.93433			6
2025.09.12	00:55:00.415	0.93381				2
2025.09.12	00:55:01.447	0.93379				2
2025.09.12	00:55:01.837	0.93381				2
2025.09.12	00:55:02.241	0.93380				2
2025.09.12	00:55:03.269	0.93379				2
2025.09.12	00:55:04.589	0.93380				2
2025.09.12	00:55:05.703	0.93379				2
2025.09.12	00:55:06.729	0.93380				2
2025.09.12	00:55:09.455	0.93381				2
2025.09.12	00:55:10.350	0.93380				2
2025.09.12	00:55:10.786	0.93378				2
2025.09.12	00:55:11.253	0.93377				2
2025.09.12	00:55:12.310	0.93378				2
2025.09.12	00:55:13.618	0.93381				2
2025.09.12	00:55:13.927	0.93382				2
2025.09.12	00:55:15.456	0.93383				2
2025.09.12	00:55:16.813	0.93382				2
2025.09.12	00:55:17.335	0.93384				2
2025.09.12	00:55:17.963	0.93382				2
2025.09.12	00:55:22.053	0.93383				2
2025.09.12	00:55:23.255	0.93382				2
2025.09.12	00:55:24.354	0.93380				2
2025.09.12	00:55:24.739	0.93381				2
2025.09.12	00:55:25.581	0.93380				2
2025.09.12	00:55:26.833	0.93381				2
2025.09.12	00:55:27.140	0.93383				2
2025.09.12	00:55:27.517	0.93381				2
2025.09.12	00:55:27.839	0.93380				2
2025.09.12	00:55:29.816	0.93381				2
2025.09.12	00:55:32.810	0.93379				2
2025.09.12	00:55:33.946	0.93378				2
2025.09.12	00:55:36.805	0.93379				2
2025.09.12	00:55:38.255	0.93378				2
2025.09.12	00:55:38.841	0.93379				2
2025.09.12	00:55:39.437	0.93381				2
2025.09.12	00:55:40.341	0.93380				2
2025.09.12	00:55:41.806	0.93381				2
2025.09.12	00:55:42.957	0.93382				2
2025.09.12	00:55:45.453	0.93383				2
2025.09.12	00:55:46.356	0.93382				2
2025.09.12	00:55:49.295	0.93383				2
2025.09.12	00:55:50.938		0.93436			4
2025.09.12	00:55:51.965	0.93381				2
2025.09.12	00:55:52.344	0.93384				2
2025.09.12	00:55:54.431	0.93383				2
2025.09.12	00:55:54.871	0.93384				2
2025.09.12	00:55:56.440	0.93382				2
2025.09.12	00:55:56.785	0.93383				2
2025.09.12	00:55:58.729	0.93384				2
2025.09.12	00:56:01.353	0.93384				2
2025.09.12	00:56:05.700	0.93385				2
2025.09.12	00:56:06.010	0.93378				2
2025.09.12	00:56:08.254	0.93379				2
2025.09.12	00:56:13.289	0.93378				2
2025.09.12	00:56:14.027		0.93444			4
2025.09.12	00:56:15.057	0.93380	0.93443			6
2025.09.12	00:56:15.663	0.93378	0.93445			6
2025.09.12	00:56:16.075	0.93382				2
2025.09.12	00:56:16.626	0.93381				2
2025.09.12	00:56:17.165	0.93382				2
2025.09.12	00:56:17.531	0.93381				2
2025.09.12	00:56:18.215	0.93369	0.93430			6
2025.09.12	00:56:19.413	0.93384	0.93442			6
2025.09.12	00:56:19.770	0.93382	0.93444			6
2025.09.12	00:56:20.253		0.93431			4
2025.09.12	00:56:20.565	0.93368				2
2025.09.12	00:56:21.421	0.93382	0.93444			6
2025.09.12	00:56:22.342	0.93384	0.93442			6
2025.09.12	00:56:22.934	0.93383	0.93443			6
2025.09.12	00:56:23.486	0.93368	0.93431			6
2025.09.12	00:56:25.853	0.93383	0.93443			6
2025.09.12	00:56:26.167	0.93387	0.93439			6
2025.09.12	00:56:26.768	0.93386	0.93441			6
2025.09.12	00:56:27.631	0.93389	0.93437			6
2025.09.12	00:56:27.941	0.93388	0.93438			6
2025.09.12	00:56:28.979	0.93387	0.93439			6
2025.09.12	00:56:29.986		0.93440			4
2025.09.12	00:56:30.378	0.93389	0.93438			6
2025.09.12	00:56:30.903	0.93387	0.93440			6
2025.09.12	00:56:31.217	0.93366	0.93436			6
2025.09.12	00:56:31.563	0.93365				2
2025.09.12	00:56:32.416	0.93363	0.93437			6
2025.09.12	00:56:32.719	0.93359	0.93434			6
2025.09.12	00:56:33.041	0.93385	0.93442			6
2025.09.12	00:56:33.377	0.93386	0.93440			6
2025.09.12	00:56:33.758	0.93357	0.93441			6
2025.09.12	00:56:34.060	0.93386	0.93442			6
2025.09.12	00:56:34.735	0.93388	0.93439			6
2025.09.12	00:56:35.038		0.93440			4
2025.09.12	00:56:35.728	0.93386	0.93441			6
2025.09.12	00:56:36.137		0.93439			4
2025.09.12	00:56:37.412	0.93387				2
2025.09.12	00:56:37.849	0.93388	0.93438			6
2025.09.12	00:56:38.351	0.93386	0.93439			6
2025.09.12	00:56:38.658	0.93387				2
2025.09.12	00:56:40.901		0.93440			4
2025.09.12	00:56:41.516		0.93439			4
2025.09.12	00:56:42.409	0.93391				2
2025.09.12	00:56:43.497	0.93390				2
2025.09.12	00:56:44.349		0.93434			4
2025.09.12	00:56:44.650		0.93437			4
2025.09.12	00:56:46.139	0.93389	0.93438			6
2025.09.12	00:56:47.142	0.93390	0.93437			6
2025.09.12	00:56:47.643	0.93389	0.93438			6
2025.09.12	00:56:48.756	0.93388	0.93439			6
2025.09.12	00:56:49.802	0.93386	0.93441			6
2025.09.12	00:56:50.305	0.93387	0.93440			6
2025.09.12	00:56:50.820	0.93386	0.93441			6
2025.09.12	00:56:52.855	0.93385	0.93442			6
2025.09.12	00:56:53.253	0.93387	0.93440			6
2025.09.12	00:56:53.860	0.93389	0.93438			6
2025.09.12	00:56:55.965	0.93391	0.93436			6
2025.09.12	00:56:56.925	0.93390	0.93437			6
2025.09.12	00:56:57.549	0.93389	0.93439			6
2025.09.12	00:56:58.045	0.93390	0.93437			6
2025.09.12	00:56:58.540	0.93387	0.93440			6
2025.09.12	00:56:59.044	0.93388	0.93439			6
2025.09.12	00:57:00.134	0.93389	0.93438			6
2025.09.12	00:57:01.020	0.93391	0.93436			6
2025.09.12	00:57:01.483	0.93388	0.93439			6
2025.09.12	00:57:02.036	0.93367	0.93438			6
2025.09.12	00:57:02.338	0.93389	0.93439			6
2025.09.12	00:57:02.800		0.93440			4
2025.09.12	00:57:03.670	0.93390	0.93439			6
2025.09.12	00:57:04.377	0.93391	0.93438			6
2025.09.12	00:57:05.256	0.93389	0.93440			6
2025.09.12	00:57:05.906	0.93393	0.93436			6
2025.09.12	00:57:06.412	0.93391	0.93439			6
2025.09.12	00:57:06.915	0.93393	0.93436			6
2025.09.12	00:57:08.477	0.93391	0.93438			6
2025.09.12	00:57:08.905	0.93392	0.93436			6
2025.09.12	00:57:09.321	0.93390	0.93437			6
2025.09.12	00:57:09.910	0.93392	0.93435			6
2025.09.12	00:57:10.353	0.93393				2
2025.09.12	00:57:11.575	0.93390	0.93437			6
2025.09.12	00:57:11.965		0.93438			4
2025.09.12	00:57:12.596	0.93389	0.93439			6
2025.09.12	00:57:13.127	0.93390	0.93438			6
2025.09.12	00:57:13.615	0.93389	0.93439			6
2025.09.12	00:57:15.655		0.93438			4
2025.09.12	00:57:16.163		0.93439			4
2025.09.12	00:57:17.715	0.93388				2
2025.09.12	00:57:18.756	0.93371	0.93430			6
2025.09.12	00:57:19.842	0.93390	0.93438			6
2025.09.12	00:57:20.867	0.93389				2
2025.09.12	00:57:21.376	0.93391	0.93437			6
2025.09.12	00:57:21.870	0.93372	0.93428			6
2025.09.12	00:57:22.480	0.93390	0.93437			6
2025.09.12	00:57:23.485	0.93391				2
2025.09.12	00:57:24.365	0.93390	0.93438			6
2025.09.12	00:57:25.555	0.93388				2
2025.09.12	00:57:25.859	0.93389	0.93439			6
2025.09.12	00:57:26.186	0.93392	0.93436			6
2025.09.12	00:57:26.576	0.93393	0.93438			6
2025.09.12	00:57:26.877	0.93390	0.93437			6
2025.09.12	00:57:27.453		0.93438			4
2025.09.12	00:57:27.777	0.93389				2
2025.09.12	00:57:28.677	0.93386	0.93441			6
2025.09.12	00:57:28.979	0.93388	0.93440			6
2025.09.12	00:57:29.697	0.93386	0.93442			6
2025.09.12	00:57:30.715		0.93440			4
2025.09.12	00:57:31.047	0.93385				2
2025.09.12	00:57:31.719	0.93387				2
2025.09.12	00:57:32.219	0.93386				2
2025.09.12	00:57:35.217	0.93387				2
2025.09.12	00:57:35.814	0.93371	0.93429			6
2025.09.12	00:57:36.218	0.93372	0.93427			6
2025.09.12	00:57:36.815	0.93388	0.93440			6
2025.09.12	00:57:37.314	0.93387				2
2025.09.12	00:57:40.429	0.93388				2
2025.09.12	00:57:41.255	0.93391				2
2025.09.12	00:57:42.197	0.93393	0.93443			6
2025.09.12	00:57:42.964	0.93394				2
2025.09.12	00:57:43.456	0.93395				2
2025.09.12	00:57:44.270	0.93394				2
2025.09.12	00:57:45.456	0.93391	0.93432			6
2025.09.12	00:57:45.758	0.93392				2
2025.09.12	00:57:46.537	0.93393				2
2025.09.12	00:57:47.148	0.93392				2
2025.09.12	00:57:47.519	0.93393				2
2025.09.12	00:57:47.822	0.93392	0.93439			6
2025.09.12	00:57:48.211	0.93390				2
2025.09.12	00:57:48.520	0.93391				2
2025.09.12	00:57:48.823	0.93393				2
2025.09.12	00:57:49.521	0.93391	0.93438			6
2025.09.12	00:57:49.907	0.93393	0.93443			6
2025.09.12	00:57:50.226	0.93392				2
2025.09.12	00:57:50.853	0.93390				2
2025.09.12	00:57:51.517	0.93392				2
2025.09.12	00:57:51.935	0.93394				2
2025.09.12	00:57:52.238	0.93391				2
2025.09.12	00:57:52.539	0.93392				2
2025.09.12	00:57:53.537	0.93391				2
2025.09.12	00:57:53.854	0.93393				2
2025.09.12	00:57:54.164	0.93392				2
2025.09.12	00:57:54.836	0.93390				2
2025.09.12	00:57:55.140	0.93391				2
2025.09.12	00:57:55.537	0.93392				2
2025.09.12	00:57:55.908	0.93386	0.93444			6
2025.09.12	00:57:56.349	0.93385				2
2025.09.12	00:57:57.143	0.93387				2
2025.09.12	00:57:57.447	0.93392				2
2025.09.12	00:57:57.913	0.93393				2
2025.09.12	00:57:58.414	0.93391				2
2025.09.12	00:57:58.771	0.93395	0.93443			6
2025.09.12	00:57:59.079	0.93391	0.93446			6
2025.09.12	00:57:59.883	0.93394	0.93443			6
2025.09.12	00:58:00.356	0.93386	0.93446			6
2025.09.12	00:58:00.659	0.93395				2
2025.09.12	00:58:01.047	0.93394				2
2025.09.12	00:58:01.364	0.93384	0.93444			6
2025.09.12	00:58:01.678	0.93385				2
2025.09.12	00:58:02.330	0.93390	0.93446			6
2025.09.12	00:58:02.857	0.93387				2
2025.09.12	00:58:03.424	0.93388				2
2025.09.12	00:58:03.852	0.93389	0.93442			6
2025.09.12	00:58:05.377	0.93390				2
2025.09.12	00:58:05.852	0.93394				2
2025.09.12	00:58:07.856	0.93393				2
2025.09.12	00:58:08.881	0.93392	0.93444			6
2025.09.12	00:58:09.198	0.93388	0.93436			6
2025.09.12	00:58:09.517	0.93394	0.93442			6
2025.09.12	00:58:09.820	0.93395	0.93445			6
2025.09.12	00:58:10.138	0.93397	0.93442			6
2025.09.12	00:58:10.440	0.93392				2
2025.09.12	00:58:10.755	0.93395	0.93446			6
2025.09.12	00:58:11.057	0.93396	0.93442			6
2025.09.12	00:58:11.866		0.93446			4
2025.09.12	00:58:12.179	0.93393	0.93438			6
2025.09.12	00:58:12.497	0.93397				2
2025.09.12	00:58:12.825	0.93398	0.93446			6
2025.09.12	00:58:13.140	0.93397				2
2025.09.12	00:58:13.459	0.93398				2
2025.09.12	00:58:14.077	0.93399				2
2025.09.12	00:58:14.403	0.93396				2
2025.09.12	00:58:14.722	0.93397				2
2025.09.12	00:58:15.049	0.93396				2
2025.09.12	00:58:15.357	0.93395				2
2025.09.12	00:58:16.022	0.93397				2
2025.09.12	00:58:16.341	0.93396				2
2025.09.12	00:58:16.884	0.93395				2
2025.09.12	00:58:18.778	0.93399				2
2025.09.12	00:58:19.190	0.93401				2
2025.09.12	00:58:19.499	0.93399				2
2025.09.12	00:58:20.994	0.93398				2
2025.09.12	00:58:23.955	0.93399				2
2025.09.12	00:58:28.845	0.93397				2
2025.09.12	00:58:29.335	0.93401				2
2025.09.12	00:58:29.964	0.93402				2
2025.09.12	00:58:30.390		0.93436			4
2025.09.12	00:58:31.424	0.93401				2
2025.09.12	00:58:32.347	0.93400				2
2025.09.12	00:58:33.515	0.93399				2
2025.09.12	00:58:36.548	0.93398				2
2025.09.12	00:58:37.626	0.93399				2
2025.09.12	00:58:39.745		0.93442			4
2025.09.12	00:58:40.562	0.93398				2
2025.09.12	00:58:41.745		0.93440			4
2025.09.12	00:58:42.252	0.93399				2
2025.09.12	00:58:43.232	0.93398	0.93442			6
2025.09.12	00:58:43.878	0.93400				2
2025.09.12	00:58:44.404	0.93407	0.93466			6
2025.09.12	00:58:46.186	0.93408	0.93474			6
2025.09.12	00:58:46.726	0.93409	0.93477			6
2025.09.12	00:58:47.194		0.93474			4
2025.09.12	00:58:48.510	0.93408				2
2025.09.12	00:58:48.858		0.93475			4
2025.09.12	00:58:51.207	0.93409	0.93473			6
2025.09.12	00:58:53.863	0.93412	0.93489			6
2025.09.12	00:58:54.415	0.93413				2
2025.09.12	00:58:54.877	0.93414				2
2025.09.12	00:58:55.179	0.93415				2
2025.09.12	00:58:55.798	0.93413	0.93479			6
2025.09.12	00:58:56.100		0.93490			4
2025.09.12	00:58:56.461	0.93415				2
2025.09.12	00:58:56.764	0.93422	0.93498			6
2025.09.12	00:58:57.078	0.93419	0.93508			6
2025.09.12	00:58:57.385	0.93411	0.93482			6
2025.09.12	00:58:57.696	0.93410				2
2025.09.12	00:58:58.003	0.93418	0.93481			6
2025.09.12	00:58:58.319	0.93420	0.93486			6
2025.09.12	00:58:58.621	0.93419	0.93507			6
2025.09.12	00:58:59.205	0.93418	0.93502			6
2025.09.12	00:58:59.518	0.93420	0.93508			6
2025.09.12	00:58:59.992	0.93410	0.93510			6
2025.09.12	00:59:00.310	0.93413				2
2025.09.12	00:59:00.618		0.93501			4
2025.09.12	00:59:00.936		0.93509			4
2025.09.12	00:59:01.239	0.93410	0.93496			6
2025.09.12	00:59:01.656	0.93411				2
2025.09.12	00:59:02.427	0.93409	0.93485			6
2025.09.12	00:59:02.823	0.93406	0.93489			6
2025.09.12	00:59:03.375	0.93408				2
2025.09.12	00:59:03.680	0.93415	0.93500			6
2025.09.12	00:59:04.046	0.93408	0.93496			6
2025.09.12	00:59:04.562	0.93405	0.93494			6
2025.09.12	00:59:04.870	0.93406				2
2025.09.12	00:59:05.171	0.93404	0.93488			6
2025.09.12	00:59:05.485	0.93408	0.93494			6
2025.09.12	00:59:05.791	0.93407	0.93496			6
2025.09.12	00:59:06.176	0.93414	0.93507			6
2025.09.12	00:59:06.791	0.93411	0.93500			6
2025.09.12	00:59:07.187	0.93409				2
2025.09.12	00:59:07.510	0.93408	0.93495			6
2025.09.12	00:59:07.817	0.93404	0.93498			6
2025.09.12	00:59:08.475	0.93407				2
2025.09.12	00:59:08.777	0.93403				2
2025.09.12	00:59:09.077	0.93404	0.93489			6
2025.09.12	00:59:09.379		0.93495			4
2025.09.12	00:59:09.775	0.93402	0.93492			6
2025.09.12	00:59:10.187	0.93404	0.93494			6
2025.09.12	00:59:10.497	0.93403				2
2025.09.12	00:59:10.799	0.93402	0.93493			6
2025.09.12	00:59:11.199	0.93406	0.93490			6
2025.09.12	00:59:11.518	0.93403	0.93495			6
2025.09.12	00:59:11.819	0.93402	0.93481			6
2025.09.12	00:59:12.122	0.93405	0.93508			6
2025.09.12	00:59:12.440	0.93399	0.93494			6
2025.09.12	00:59:12.742	0.93400	0.93493			6
2025.09.12	00:59:13.057	0.93404	0.93492			6
2025.09.12	00:59:13.358		0.93491			4
2025.09.12	00:59:13.660	0.93399	0.93480			6
2025.09.12	00:59:13.977	0.93403	0.93503			6
2025.09.12	00:59:14.278	0.93406				2
2025.09.12	00:59:15.042	0.93405				2
2025.09.12	00:59:15.357	0.93409	0.93518			6
2025.09.12	00:59:15.680	0.93405	0.93506			6
2025.09.12	00:59:16.008	0.93406				2
2025.09.12	00:59:16.317	0.93407	0.93517			6
2025.09.12	00:59:17.086	0.93406	0.93506			6
2025.09.12	00:59:17.924	0.93407				2
2025.09.12	00:59:20.003	0.93406	0.93502			6
2025.09.12	00:59:20.317	0.93405	0.93495			6
2025.09.12	00:59:20.618		0.93499			4
2025.09.12	00:59:20.939	0.93404	0.93493			6
2025.09.12	00:59:21.256	0.93407	0.93510			6
2025.09.12	00:59:21.558	0.93404	0.93519			6
2025.09.12	00:59:21.877	0.93401	0.93497			6
2025.09.12	00:59:22.180	0.93403	0.93495			6
2025.09.12	00:59:22.543	0.93407	0.93499			6
2025.09.12	00:59:22.861	0.93408	0.93500			6
2025.09.12	00:59:23.358	0.93407	0.93499			6
2025.09.12	00:59:23.954	0.93406	0.93507			6
2025.09.12	00:59:24.623		0.93503			4
2025.09.12	00:59:24.938	0.93408	0.93499			6
2025.09.12	00:59:25.240		0.93507			4
2025.09.12	00:59:25.719	0.93407	0.93496			6
2025.09.12	00:59:26.117		0.93502			4
2025.09.12	00:59:26.420	0.93408	0.93503			6
2025.09.12	00:59:26.912	0.93406	0.93495			6
2025.09.12	00:59:27.220	0.93409	0.93501			6
2025.09.12	00:59:28.454	0.93406	0.93495			6
2025.09.12	00:59:28.775	0.93403				2
2025.09.12	00:59:29.078	0.93404				2
2025.09.12	00:59:29.433	0.93403				2
2025.09.12	00:59:29.737	0.93404	0.93497			6
2025.09.12	00:59:30.041	0.93406				2
2025.09.12	00:59:30.422	0.93407				2
2025.09.12	00:59:30.738	0.93405	0.93491			6
2025.09.12	00:59:31.057	0.93410	0.93495			6
2025.09.12	00:59:31.378	0.93406	0.93499			6
2025.09.12	00:59:31.704	0.93407				2
2025.09.12	00:59:32.795	0.93406				2
2025.09.12	00:59:33.902	0.93407				2
2025.09.12	00:59:34.454	0.93404	0.93500			6
2025.09.12	00:59:34.856	0.93406				2
2025.09.12	00:59:35.496		0.93495			4
2025.09.12	00:59:35.803	0.93408	0.93501			6
2025.09.12	00:59:36.337	0.93405	0.93505			6
2025.09.12	00:59:36.741	0.93400	0.93490			6
2025.09.12	00:59:37.389	0.93399				2
2025.09.12	00:59:37.714	0.93393	0.93472			6
2025.09.12	00:59:38.022	0.93395	0.93484			6
2025.09.12	00:59:38.433	0.93397				2
2025.09.12	00:59:39.104		0.93501			4
2025.09.12	00:59:39.418	0.93394	0.93486			6
2025.09.12	00:59:39.917	0.93386				2
2025.09.12	00:59:40.290		0.93474			4
2025.09.12	00:59:40.598		0.93483			4
2025.09.12	00:59:40.957	0.93392	0.93494			6
2025.09.12	00:59:41.258	0.93399	0.93495			6
2025.09.12	00:59:41.661	0.93390				2
2025.09.12	00:59:42.164		0.93488			4
2025.09.12	00:59:42.715	0.93396	0.93496			6
2025.09.12	00:59:43.018	0.93401	0.93501			6
2025.09.12	00:59:43.337	0.93396	0.93493			6
2025.09.12	00:59:43.963	0.93397				2
2025.09.12	00:59:44.294	0.93399	0.93489			6
2025.09.12	00:59:45.359	0.93392	0.93484			6
2025.09.12	00:59:45.678	0.93402	0.93483			6
2025.09.12	00:59:45.998	0.93396	0.93492			6
2025.09.12	00:59:46.323	0.93395				2
2025.09.12	00:59:46.662	0.93396				2
2025.09.12	00:59:46.978	0.93395	0.93489			6
2025.09.12	00:59:47.908	0.93391	0.93486			6
2025.09.12	00:59:48.218	0.93395	0.93484			6
2025.09.12	00:59:48.521	0.93388	0.93492			6
2025.09.12	00:59:48.838	0.93400	0.93491			6
2025.09.12	00:59:49.150		0.93497			4
2025.09.12	00:59:49.457	0.93401	0.93505			6
2025.09.12	00:59:49.780	0.93399	0.93497			6
2025.09.12	00:59:50.277	0.93366	0.93495			6
2025.09.12	00:59:50.579	0.93361				2
2025.09.12	00:59:50.902	0.93367	0.93485			6
2025.09.12	00:59:51.209	0.93372	0.93505			6
2025.09.12	00:59:51.520		0.93513			4
2025.09.12	00:59:51.821		0.93503			4
2025.09.12	00:59:52.479	0.93376				2
2025.09.12	00:59:52.799	0.93372	0.93499			6
2025.09.12	00:59:53.122	0.93369	0.93488			6
2025.09.12	00:59:53.443		0.93487			4
2025.09.12	00:59:53.757	0.93365	0.93488			6
2025.09.12	00:59:54.257	0.93364	0.93487			6
2025.09.12	00:59:54.558	0.93367	0.93486			6
2025.09.12	00:59:55.655	0.93369	0.93484			6
2025.09.12	00:59:56.923	0.93367	0.93486			6
2025.09.12	00:59:57.886		0.93487			4
2025.09.12	00:59:58.507	0.93365	0.93492			6
2025.09.12	00:59:58.818	0.93366	0.93489			6
2025.09.12	00:59:59.141	0.93364	0.93488			6
2025.09.12	00:59:59.443	0.93367				2
2025.09.12	00:59:59.759	0.93372	0.93495			6
2025.09.12	01:00:00.078	0.93358	0.93496			6
2025.09.12	01:00:00.385	0.93370	0.93470			6
2025.09.12	01:00:00.700	0.93374				2
2025.09.12	01:00:01.001	0.93372				2
2025.09.12	01:00:01.350	0.93377	0.93464			6
2025.09.12	01:00:01.665	0.93387	0.93463			6
2025.09.12	01:00:01.975	0.93388				2
2025.09.12	01:00:02.290	0.93379	0.93466			6
2025.09.12	01:00:02.957	0.93377				2
2025.09.12	01:00:03.294	0.93379				2
2025.09.12	01:00:03.675	0.93350	0.93503			6
2025.09.12	01:00:04.616	0.93361				2
2025.09.12	01:00:04.918	0.93363	0.93501			6
2025.09.12	01:00:05.221	0.93361	0.93503			6
2025.09.12	01:00:05.524	0.93346	0.93495			6
2025.09.12	01:00:05.826	0.93348	0.93494			6
2025.09.12	01:00:06.129	0.93350	0.93491			6
2025.09.12	01:00:06.432	0.93348	0.93496			6
2025.09.12	01:00:06.734	0.93351	0.93493			6
2025.09.12	01:00:07.037	0.93381	0.93453			6
2025.09.12	01:00:08.363	0.93382				2
2025.09.12	01:00:08.673	0.93383				2
2025.09.12	01:00:10.479	0.93382				2
2025.09.12	01:00:11.156	0.93386				2
2025.09.12	01:00:11.853	0.93380	0.93409			6
2025.09.12	01:00:12.756	0.93386	0.93425			6
2025.09.12	01:00:13.654	0.93389				2
2025.09.12	01:00:15.483	0.93366	0.93408			6
2025.09.12	01:00:17.254	0.93371				2
2025.09.12	01:00:20.213	0.93365				2
2025.09.12	01:00:21.411	0.93368				2
2025.09.12	01:00:21.780	0.93370				2
2025.09.12	01:00:23.638	0.93376	0.93407			6
2025.09.12	01:00:24.455	0.93377				2
2025.09.12	01:00:25.654	0.93376				2
2025.09.12	01:00:26.415	0.93377				2
2025.09.12	01:00:26.809	0.93376				2
2025.09.12	01:00:28.251	0.93378				2
2025.09.12	01:00:29.352	0.93377				2
2025.09.12	01:00:29.653	0.93376				2
2025.09.12	01:00:30.355	0.93378	0.93406			6
2025.09.12	01:00:34.274	0.93377				2
2025.09.12	01:00:34.615	0.93382				2
2025.09.12	01:00:36.454	0.93381				2
2025.09.12	01:00:37.105	0.93384	0.93422			6
2025.09.12	01:00:37.419	0.93387	0.93428			6
2025.09.12	01:00:37.723		0.93426			4
2025.09.12	01:00:38.350	0.93386				2
2025.09.12	01:00:38.658	0.93382	0.93421			6
2025.09.12	01:00:38.963	0.93383				2
2025.09.12	01:00:39.921	0.93382				2
2025.09.12	01:00:40.309	0.93383				2
2025.09.12	01:00:40.652	0.93382				2
2025.09.12	01:00:41.299	0.93386	0.93420			6
2025.09.12	01:00:41.630	0.93387	0.93422			6
2025.09.12	01:00:41.940	0.93386	0.93420			6
2025.09.12	01:00:42.999	0.93388	0.93421			6
2025.09.12	01:00:43.306	0.93389				2
2025.09.12	01:00:49.442	0.93396	0.93426			6
2025.09.12	01:00:49.767	0.93397	0.93427			6
2025.09.12	01:00:50.814	0.93399				2
2025.09.12	01:00:51.542	0.93404	0.93433			6
2025.09.12	01:00:52.346	0.93405	0.93434			6
2025.09.12	01:00:52.681	0.93414	0.93433			6
2025.09.12	01:00:53.423	0.93409	0.93429			6
2025.09.12	01:00:54.354	0.93402	0.93433			6
2025.09.12	01:00:54.662	0.93404	0.93434			6
2025.09.12	01:00:56.240	0.93394	0.93428			6
2025.09.12	01:00:56.655	0.93391				2
2025.09.12	01:00:57.012	0.93386	0.93427			6
2025.09.12	01:00:58.461	0.93385				2
2025.09.12	01:00:59.259	0.93374	0.93407			6
2025.09.12	01:00:59.585	0.93376	0.93411			6
2025.09.12	01:01:00.306	0.93376				2
2025.09.12	01:01:03.706	0.93382	0.93414			6
2025.09.12	01:01:04.053	0.93383				2
2025.09.12	01:01:05.255	0.93386	0.93415			6
2025.09.12	01:01:07.555	0.93384	0.93416			6
2025.09.12	01:01:10.033	0.93387	0.93415			6
2025.09.12	01:01:44.558	0.93389	0.93419			6
2025.09.12	01:01:45.117	0.93388				2
2025.09.12	01:01:49.398		0.93418			4
2025.09.12	01:01:49.703	0.93387				2
2025.09.12	01:01:50.253	0.93385				2
2025.09.12	01:01:54.526	0.93387				2
2025.09.12	01:01:58.357		0.93417			4
2025.09.12	01:02:00.036	0.93387				2
2025.09.12	01:02:02.256		0.93415			4
2025.09.12	01:02:15.838	0.93389	0.93417			6
2025.09.12	01:02:17.254	0.93387				2
2025.09.12	01:02:26.343	0.93388				2
2025.09.12	01:02:30.348	0.93389				2
2025.09.12	01:02:34.347	0.93391				2
2025.09.12	01:02:54.964	0.93386	0.93414			6
2025.09.12	01:02:55.307		0.93415			4
2025.09.12	01:02:57.751	0.93383				2
2025.09.12	01:03:00.429	0.93383				2
2025.09.12	01:03:00.741	0.93385				2
2025.09.12	01:03:05.865		0.93413			4
2025.09.12	01:03:06.583		0.93414			4
2025.09.12	01:03:23.910	0.93387	0.93416			6
2025.09.12	01:03:25.261	0.93386				2
2025.09.12	01:03:28.355	0.93387	0.93415			6
2025.09.12	01:03:39.443	0.93385				2
2025.09.12	01:03:41.910	0.93386				2
2025.09.12	01:03:42.594	0.93387				2
2025.09.12	01:03:50.845	0.93390	0.93417			6
2025.09.12	01:03:51.591	0.93388				2
2025.09.12	01:03:53.690	0.93389				2
2025.09.12	01:04:00.408	0.93390	0.93416			6
2025.09.12	01:04:01.954	0.93391				2
2025.09.12	01:04:02.351	0.93394				2
2025.09.12	01:04:05.252	0.93392				2
2025.09.12	01:04:09.344		0.93419			4
2025.09.12	01:04:09.675	0.93393				2
2025.09.12	01:04:10.486	0.93394				2
2025.09.12	01:04:19.442	0.93393				2
2025.09.12	01:04:24.268	0.93391				2
2025.09.12	01:04:28.784	0.93393				2
2025.09.12	01:04:29.990		0.93417			4
2025.09.12	01:04:31.132	0.93391				2
2025.09.12	01:04:35.855	0.93392				2
2025.09.12	01:04:44.695		0.93418			4
2025.09.12	01:04:45.333		0.93419			4
2025.09.12	01:04:59.557		0.93418			4
2025.09.12	01:05:00.434	0.93396	0.93420			6
2025.09.12	01:05:03.457	0.93395				2
2025.09.12	01:05:04.654	0.93396				2
2025.09.12	01:05:05.504	0.93397	0.93421			6
2025.09.12	01:05:06.136	0.93396	0.93422			6
2025.09.12	01:05:06.498		0.93423			4
2025.09.12	01:05:06.801	0.93398	0.93425			6
2025.09.12	01:05:07.823	0.93399				2
2025.09.12	01:05:14.462	0.93402	0.93423			6
2025.09.12	01:05:22.054		0.93422			4
2025.09.12	01:05:27.755	0.93403	0.93423			6
2025.09.12	01:05:31.604	0.93400	0.93422			6
2025.09.12	01:05:33.154		0.93421			4
2025.09.12	01:05:35.855	0.93405	0.93427			6
2025.09.12	01:05:39.291	0.93399	0.93423			6
2025.09.12	01:05:40.655	0.93400	0.93421			6
2025.09.12	01:05:42.384	0.93397				2
2025.09.12	01:05:46.271		0.93419			4
2025.09.12	01:05:49.953		0.93418			4
2025.09.12	01:05:51.455	0.93398				2
2025.09.12	01:05:54.365	0.93399	0.93417			6
2025.09.12	01:05:58.423		0.93419			4
2025.09.12	01:06:00.666	0.93400	0.93420			6
2025.09.12	01:06:02.555	0.93401				2
2025.09.12	01:06:06.924		0.93419			4
2025.09.12	01:06:15.754	0.93400				2
2025.09.12	01:06:16.953	0.93401				2
2025.09.12	01:06:18.755	0.93400				2
2025.09.12	01:06:25.939	0.93403	0.93421			6
2025.09.12	01:06:45.153	0.93401	0.93419			6
2025.09.12	01:06:46.935	0.93400				2
2025.09.12	01:06:50.975	0.93399	0.93418			6
2025.09.12	01:06:59.660	0.93397				2
2025.09.12	01:07:00.664	0.93398	0.93419			6
2025.09.12	01:07:15.655	0.93397				2
2025.09.12	01:07:18.962	0.93398				2
2025.09.12	01:07:27.446	0.93397				2
2025.09.12	01:07:29.255	0.93396				2
2025.09.12	01:07:46.057	0.93397	0.93418			6
2025.09.12	01:07:58.856	0.93398				2
2025.09.12	01:07:59.848	0.93397				2
2025.09.12	01:08:00.441	0.93398				2
2025.09.12	01:08:02.258	0.93397	0.93419			6
2025.09.12	01:08:03.458		0.93418			4
2025.09.12	01:08:07.770	0.93398				2
2025.09.12	01:08:08.952	0.93399				2
2025.09.12	01:08:10.057	0.93398				2
2025.09.12	01:08:12.753	0.93399				2
2025.09.12	01:08:13.854	0.93398				2
2025.09.12	01:08:16.332	0.93397				2
2025.09.12	01:08:17.554	0.93398	0.93417			6
2025.09.12	01:08:42.098	0.93397	0.93418			6
2025.09.12	01:08:43.655	0.93398	0.93417			6
2025.09.12	01:09:00.613	0.93397				2
2025.09.12	01:09:05.254	0.93398				2
2025.09.12	01:09:07.962		0.93416			4
2025.09.12	01:09:09.158	0.93397				2
2025.09.12	01:09:10.354		0.93415			4
2025.09.12	01:09:29.254	0.93396				2
2025.09.12	01:09:41.555	0.93397				2
2025.09.12	01:09:43.654		0.93414			4
2025.09.12	01:09:44.806	0.93399	0.93415			6
2025.09.12	01:09:45.153		0.93414			4
2025.09.12	01:09:46.777		0.93415			4
2025.09.12	01:09:48.753		0.93414			4
2025.09.12	01:09:50.142	0.93397	0.93417			6
2025.09.12	01:09:50.461		0.93416			4
2025.09.12	01:09:51.753		0.93417			4
2025.09.12	01:09:56.467	0.93398	0.93418			6
2025.09.12	01:09:58.968		0.93417			4
2025.09.12	01:10:00.352	0.93399				2
2025.09.12	01:10:00.658	0.93401	0.93418			6
2025.09.12	01:10:02.256	0.93400				2
2025.09.12	01:10:03.333		0.93417			4
2025.09.12	01:10:04.745	0.93399	0.93414			6
2025.09.12	01:10:05.860	0.93398				2
2025.09.12	01:10:07.053	0.93400				2
2025.09.12	01:10:11.330	0.93396	0.93415			6
2025.09.12	01:10:11.683		0.93414			4
2025.09.12	01:10:13.091	0.93395				2
2025.09.12	01:10:14.255	0.93394				2
2025.09.12	01:10:24.362	0.93395				2
2025.09.12	01:10:43.053	0.93396	0.93413			6
2025.09.12	01:10:44.887	0.93397	0.93414			6
2025.09.12	01:10:46.053	0.93398	0.93413			6
2025.09.12	01:10:48.815	0.93397	0.93414			6
2025.09.12	01:10:55.772	0.93398				2
2025.09.12	01:10:56.434	0.93397				2
2025.09.12	01:10:58.128	0.93394	0.93410			6
2025.09.12	01:10:58.439		0.93408			4
2025.09.12	01:10:59.048	0.93392				2
2025.09.12	01:11:00.357	0.93390				2
2025.09.12	01:11:00.671	0.93388	0.93407			6
2025.09.12	01:11:03.382	0.93392	0.93408			6
2025.09.12	01:11:04.393	0.93393				2
2025.09.12	01:11:05.975	0.93385	0.93404			6
2025.09.12	01:11:07.357	0.93386				2
2025.09.12	01:11:11.227	0.93388	0.93405			6
2025.09.12	01:11:12.160		0.93406			4
2025.09.12	01:11:12.494	0.93389				2
2025.09.12	01:11:24.700	0.93390				2
2025.09.12	01:11:25.604		0.93408			4
2025.09.12	01:11:27.157	0.93391				2
2025.09.12	01:11:29.379	0.93393				2
2025.09.12	01:11:34.116	0.93394				2
2025.09.12	01:11:34.423	0.93393				2
2025.09.12	01:11:35.854	0.93394				2
2025.09.12	01:11:43.354	0.93393	0.93407			6
2025.09.12	01:11:45.144	0.93392	0.93409			6
2025.09.12	01:11:47.248	0.93393				2
2025.09.12	01:11:49.160		0.93408			4
2025.09.12	01:11:53.157	0.93391	0.93410			6
2025.09.12	01:11:54.069	0.93390	0.93409			6
2025.09.12	01:11:54.799	0.93389				2
2025.09.12	01:11:56.256	0.93390	0.93408			6
2025.09.12	01:12:00.489	0.93391				2
2025.09.12	01:12:02.078	0.93390	0.93409			6
2025.09.12	01:12:03.326	0.93391				2
2025.09.12	01:12:03.714	0.93392				2
2025.09.12	01:12:12.455	0.93391				2
2025.09.12	01:12:19.437	0.93393	0.93407			6
2025.09.12	01:12:20.723	0.93390	0.93401			6
2025.09.12	01:12:21.054	0.93392	0.93406			6
2025.09.12	01:12:21.374	0.93391	0.93407			6
2025.09.12	01:12:44.659	0.93392				2
2025.09.12	01:12:45.378	0.93390	0.93406			6
2025.09.12	01:12:54.138	0.93389	0.93405			6
2025.09.12	01:12:55.054	0.93390				2
2025.09.12	01:12:58.656		0.93404			4
2025.09.12	01:13:00.030	0.93390				2
2025.09.12	01:13:02.553		0.93405			4
2025.09.12	01:13:04.780	0.93391				2
2025.09.12	01:13:05.404	0.93392	0.93408			6
2025.09.12	01:13:06.439	0.93391	0.93406			6
2025.09.12	01:13:07.982	0.93392	0.93407			6
2025.09.12	01:13:12.581		0.93408			4
2025.09.12	01:13:12.880	0.93388	0.93404			6
2025.09.12	01:13:13.407	0.93386	0.93405			6
2025.09.12	01:13:14.344	0.93387	0.93404			6
2025.09.12	01:13:31.578	0.93386				2
2025.09.12	01:13:35.554	0.93387				2
2025.09.12	01:13:50.253	0.93386				2
2025.09.12	01:13:52.655	0.93387				2
2025.09.12	01:14:00.423	0.93390				2
2025.09.12	01:14:01.809	0.93389				2
2025.09.12	01:14:02.959	0.93388				2
2025.09.12	01:14:03.855	0.93385	0.93401			6
2025.09.12	01:14:10.355	0.93384				2
2025.09.12	01:14:13.653	0.93385	0.93400			6
2025.09.12	01:14:15.232	0.93384	0.93401			6
2025.09.12	01:14:16.211	0.93385				2
2025.09.12	01:14:17.854	0.93384				2
2025.09.12	01:14:22.750	0.93383	0.93403			6
2025.09.12	01:14:23.478	0.93384				2
2025.09.12	01:14:31.027	0.93383				2
2025.09.12	01:14:44.763	0.93386	0.93404			6
2025.09.12	01:14:46.103	0.93385				2
2025.09.12	01:14:46.484	0.93388	0.93403			6
2025.09.12	01:14:48.756	0.93385	0.93404			6
2025.09.12	01:14:49.893	0.93387	0.93406			6
2025.09.12	01:14:53.771		0.93405			4
2025.09.12	01:14:56.195		0.93404			4
2025.09.12	01:14:58.626		0.93405			4
2025.09.12	01:15:00.352	0.93387	0.93404			6
2025.09.12	01:15:00.659	0.93388	0.93406			6
2025.09.12	01:15:01.162	0.93389				2
2025.09.12	01:15:03.157	0.93388				2
2025.09.12	01:15:03.464	0.93390				2
2025.09.12	01:15:05.925	0.93388				2
2025.09.12	01:15:06.233		0.93407			4
2025.09.12	01:15:09.949		0.93408			4
2025.09.12	01:15:14.373	0.93389				2
2025.09.12	01:15:15.333	0.93388				2
2025.09.12	01:15:24.374	0.93390				2
2025.09.12	01:15:32.265	0.93388				2
2025.09.12	01:15:33.153		0.93407			4
2025.09.12	01:15:49.107		0.93406			4
2025.09.12	01:15:59.848		0.93407			4
2025.09.12	01:16:01.653	0.93388				2
2025.09.12	01:16:09.019	0.93391	0.93410			6
2025.09.12	01:16:10.981	0.93392				2
2025.09.12	01:16:13.955		0.93411			4
2025.09.12	01:16:14.335	0.93391				2
2025.09.12	01:16:19.380	0.93392				2
2025.09.12	01:16:20.535	0.93391				2
2025.09.12	01:16:21.577	0.93392				2
2025.09.12	01:16:22.677	0.93391				2
2025.09.12	01:16:24.910	0.93392				2
2025.09.12	01:16:25.953	0.93391				2
2025.09.12	01:16:30.676	0.93392				2
2025.09.12	01:16:35.659	0.93394	0.93412			6
2025.09.12	01:16:36.670	0.93392				2
2025.09.12	01:16:37.476		0.93411			4
2025.09.12	01:16:38.572	0.93391				2
2025.09.12	01:16:40.989	0.93392				2
2025.09.12	01:16:41.679	0.93391				2
2025.09.12	01:16:46.054	0.93392				2
2025.09.12	01:16:58.362		0.93409			4
2025.09.12	01:16:59.198	0.93393				2
2025.09.12	01:16:59.736	0.93394				2
2025.09.12	01:17:00.593	0.93395				2
2025.09.12	01:17:03.057	0.93394				2
2025.09.12	01:17:04.480	0.93395				2
2025.09.12	01:17:05.937	0.93394				2
2025.09.12	01:17:16.401	0.93391	0.93410			6
2025.09.12	01:17:16.708	0.93392				2
2025.09.12	01:17:17.713	0.93393				2
2025.09.12	01:17:18.705	0.93394				2
2025.09.12	01:18:00.200	0.93394				2
2025.09.12	01:18:17.255		0.93410			4
2025.09.12	01:18:26.813		0.93413			4
2025.09.12	01:18:27.212		0.93411			4
2025.09.12	01:18:29.255	0.93395				2
2025.09.12	01:18:36.176	0.93394	0.93412			6
2025.09.12	01:18:39.176	0.93395	0.93411			6
2025.09.12	01:18:44.867	0.93396				2
2025.09.12	01:18:45.378	0.93395				2
2025.09.12	01:19:00.156	0.93396	0.93410			6
2025.09.12	01:19:00.621		0.93411			4
2025.09.12	01:19:06.152	0.93395				2
2025.09.12	01:19:07.273	0.93397				2
2025.09.12	01:19:17.967	0.93398				2
2025.09.12	01:19:19.954	0.93397				2
2025.09.12	01:19:23.853		0.93412			4
2025.09.12	01:19:24.647		0.93411			4
2025.09.12	01:19:27.347		0.93412			4
2025.09.12	01:19:40.906	0.93396				2
2025.09.12	01:19:45.360	0.93393				2
2025.09.12	01:19:46.342	0.93394				2
2025.09.12	01:19:47.385		0.93411			4
2025.09.12	01:19:51.773	0.93393				2
2025.09.12	01:19:52.079	0.93394				2
2025.09.12	01:19:53.559	0.93392				2
2025.09.12	01:19:58.976	0.93394				2
2025.09.12	01:20:00.667	0.93394	0.93412			6
2025.09.12	01:20:01.081	0.93399	0.93413			6
2025.09.12	01:20:37.788	0.93397	0.93411			6
2025.09.12	01:20:38.277	0.93395				2
2025.09.12	01:20:39.039	0.93398				2
2025.09.12	01:20:40.654	0.93397	0.93412			6
2025.09.12	01:20:41.131	0.93398	0.93414			6
2025.09.12	01:20:45.377	0.93395	0.93410			6
2025.09.12	01:20:46.345	0.93396				2
2025.09.12	01:21:00.574	0.93397	0.93412			6
2025.09.12	01:21:09.457	0.93393	0.93411			6
2025.09.12	01:21:11.633	0.93395	0.93412			6
2025.09.12	01:21:13.655		0.93411			4
2025.09.12	01:21:13.970	0.93394	0.93412			6
2025.09.12	01:21:22.053	0.93396	0.93406			6
2025.09.12	01:21:22.900	0.93394	0.93412			6
2025.09.12	01:21:23.875	0.93396	0.93406			6
2025.09.12	01:21:25.070	0.93394	0.93412			6
2025.09.12	01:21:29.357	0.93395	0.93410			6
2025.09.12	01:21:34.355	0.93394				2
2025.09.12	01:21:44.899	0.93400	0.93413			6
2025.09.12	01:21:50.552	0.93397	0.93412			6
2025.09.12	01:21:50.864	0.93396				2
2025.09.12	01:21:52.125	0.93397				2
2025.09.12	01:22:00.421	0.93398	0.93411			6
2025.09.12	01:22:12.676	0.93397				2
2025.09.12	01:22:18.260		0.93410			4
2025.09.12	01:22:24.600	0.93396				2
2025.09.12	01:22:30.953	0.93397				2
2025.09.12	01:22:54.590	0.93389	0.93407			6
2025.09.12	01:22:55.729	0.93392	0.93405			6
2025.09.12	01:22:57.152	0.93391				2
2025.09.12	01:22:59.807	0.93390				2
2025.09.12	01:23:00.651	0.93392				2
2025.09.12	01:23:02.253	0.93391	0.93406			6
2025.09.12	01:23:06.346		0.93405			4
2025.09.12	01:23:10.032	0.93394	0.93408			6
2025.09.12	01:23:10.568	0.93393	0.93407			6
2025.09.12	01:23:12.430	0.93391	0.93405			6
2025.09.12	01:23:14.706	0.93390	0.93404			6
2025.09.12	01:23:18.757	0.93391				2
2025.09.12	01:23:24.924		0.93405			4
2025.09.12	01:23:29.115	0.93390				2
2025.09.12	01:23:30.454		0.93404			4
2025.09.12	01:23:31.952		0.93405			4
2025.09.12	01:23:34.523	0.93391				2
2025.09.12	01:23:35.390	0.93392				2
2025.09.12	01:23:50.253		0.93406			4
2025.09.12	01:23:50.961	0.93391	0.93405			6
2025.09.12	01:23:54.457	0.93392				2
2025.09.12	01:23:57.461		0.93406			4
2025.09.12	01:24:00.595	0.93392				2
2025.09.12	01:24:07.910	0.93397	0.93413			6
2025.09.12	01:24:08.351	0.93398				2
2025.09.12	01:24:12.270	0.93397	0.93414			6
2025.09.12	01:24:17.912	0.93398				2
2025.09.12	01:24:20.117	0.93397				2
2025.09.12	01:24:22.357		0.93413			4
2025.09.12	01:24:22.941	0.93398				2
2025.09.12	01:24:24.485	0.93397				2
2025.09.12	01:24:27.098		0.93414			4
2025.09.12	01:24:32.856		0.93413			4
2025.09.12	01:25:00.613	0.93398				2
2025.09.12	01:25:01.735		0.93414			4
2025.09.12	01:25:03.922	0.93397				2
2025.09.12	01:25:04.227	0.93398				2
2025.09.12	01:25:04.947	0.93397				2
2025.09.12	01:25:09.185	0.93395	0.93412			6
2025.09.12	01:25:10.472	0.93396				2
2025.09.12	01:25:15.755		0.93411			4
2025.09.12	01:25:18.474	0.93397				2
2025.09.12	01:25:19.052	0.93398	0.93416			6
2025.09.12	01:25:19.357	0.93399				2
2025.09.12	01:25:20.040		0.93413			4
2025.09.12	01:25:20.552		0.93412			4
2025.09.12	01:25:21.395	0.93400	0.93413			6
2025.09.12	01:25:22.957	0.93399				2
2025.09.12	01:25:23.869		0.93414			4
2025.09.12	01:25:24.754	0.93398				2
2025.09.12	01:25:33.135	0.93397				2
2025.09.12	01:25:35.259	0.93398				2
2025.09.12	01:25:37.057	0.93397				2
2025.09.12	01:25:41.556	0.93398				2
2025.09.12	01:26:00.155	0.93399	0.93413			6
2025.09.12	01:26:00.876	0.93398	0.93414			6
2025.09.12	01:26:04.953	0.93399	0.93413			6
2025.09.12	01:26:37.861	0.93398	0.93415			6
2025.09.12	01:26:39.539		0.93414			4
2025.09.12	01:26:40.190		0.93413			4
2025.09.12	01:26:45.366	0.93399				2
2025.09.12	01:26:47.255	0.93398				2
2025.09.12	01:26:52.954	0.93399				2
2025.09.12	01:26:54.483	0.93398				2
2025.09.12	01:26:55.580	0.93399				2
2025.09.12	01:26:56.559	0.93398				2
2025.09.12	01:26:57.031	0.93397				2
2025.09.12	01:27:00.670	0.93398				2
2025.09.12	01:27:02.100	0.93396	0.93412			6
2025.09.12	01:27:03.178	0.93397				2
2025.09.12	01:27:16.609	0.93396				2
2025.09.12	01:27:22.484	0.93397	0.93413			6
2025.09.12	01:27:25.353	0.93396	0.93412			6
2025.09.12	01:27:33.153	0.93397				2
2025.09.12	01:27:43.050		0.93413			4
2025.09.12	01:27:45.363	0.93398				2
2025.09.12	01:27:46.655	0.93399	0.93412			6
2025.09.12	01:27:59.536	0.93400	0.93415			6
2025.09.12	01:28:00.359	0.93400				2
2025.09.12	01:28:07.328	0.93401	0.93413			6
2025.09.12	01:28:08.355	0.93399				2
2025.09.12	01:28:10.574	0.93401	0.93414			6
2025.09.12	01:28:14.937	0.93399	0.93412			6
2025.09.12	01:28:17.558	0.93398	0.93411			6
2025.09.12	01:28:35.169	0.93399	0.93413			6
2025.09.12	01:28:36.964		0.93412			4
2025.09.12	01:28:49.776		0.93413			4
2025.09.12	01:29:00.423	0.93399	0.93415			6
2025.09.12	01:29:03.607	0.93402				2
2025.09.12	01:29:04.653	0.93401	0.93416			6
2025.09.12	01:29:06.454	0.93402				2
2025.09.12	01:29:13.326	0.93401	0.93415			6
2025.09.12	01:29:14.362	0.93398	0.93412			6
2025.09.12	01:29:15.797	0.93399	0.93411			6
2025.09.12	01:29:18.153	0.93398				2
2025.09.12	01:29:23.552	0.93399				2
2025.09.12	01:29:26.699		0.93413			4
2025.09.12	01:29:31.744		0.93412			4
2025.09.12	01:29:47.381		0.93413			4
2025.09.12	01:29:47.854		0.93412			4
2025.09.12	01:29:51.377		0.93413			4
2025.09.12	01:29:56.811		0.93411			4
2025.09.12	01:29:58.343	0.93398				2
2025.09.12	01:30:00.424	0.93398				2
2025.09.12	01:30:03.209	0.93401	0.93406			6
2025.09.12	01:30:06.560	0.93398	0.93410			6
2025.09.12	01:30:07.896	0.93397				2
2025.09.12	01:30:08.556	0.93398				2
2025.09.12	01:30:26.577	0.93396	0.93411			6
2025.09.12	01:30:27.621	0.93397				2
2025.09.12	01:30:29.142	0.93396	0.93410			6
2025.09.12	01:30:41.649	0.93397	0.93409			6
2025.09.12	01:30:45.365	0.93399	0.93411			6
2025.09.12	01:30:47.259	0.93397				2
2025.09.12	01:31:00.662	0.93398				2
2025.09.12	01:31:02.133		0.93410			4
2025.09.12	01:31:06.893		0.93411			4
2025.09.12	01:31:13.954		0.93410			4
2025.09.12	01:31:33.389	0.93395	0.93409			6
2025.09.12	01:31:45.376	0.93396				2
2025.09.12	01:31:46.273	0.93395				2
2025.09.12	01:31:46.654	0.93396				2
2025.09.12	01:31:48.436	0.93395				2
2025.09.12	01:31:54.155		0.93408			4
2025.09.12	01:31:57.809		0.93409			4
2025.09.12	01:32:00.401	0.93395				2
2025.09.12	01:32:08.919		0.93408			4
2025.09.12	01:32:10.021		0.93409			4
2025.09.12	01:32:11.697	0.93394				2
2025.09.12	01:32:14.576		0.93408			4
2025.09.12	01:32:18.546	0.93395				2
2025.09.12	01:32:27.464		0.93409			4
2025.09.12	01:32:34.391		0.93408			4
2025.09.12	01:32:35.875		0.93409			4
2025.09.12	01:33:01.060	0.93395				2
2025.09.12	01:33:21.155		0.93410			4
2025.09.12	01:33:21.459		0.93409			4
2025.09.12	01:33:37.354	0.93396				2
2025.09.12	01:33:37.870		0.93410			4
2025.09.12	01:33:55.393		0.93409			4
2025.09.12	01:34:00.218	0.93395				2
2025.09.12	01:34:01.361	0.93396	0.93410			6
2025.09.12	01:34:02.812	0.93393	0.93408			6
2025.09.12	01:34:38.304	0.93388	0.93406			6
2025.09.12	01:34:39.330	0.93390	0.93404			6
2025.09.12	01:34:39.647	0.93391	0.93406			6
2025.09.12	01:34:44.371	0.93392	0.93407			6
2025.09.12	01:34:46.782	0.93391	0.93405			6
2025.09.12	01:34:47.372	0.93390				2
2025.09.12	01:34:47.879	0.93391	0.93406			6
2025.09.12	01:34:49.395	0.93392	0.93405			6
2025.09.12	01:34:50.421	0.93393	0.93406			6
2025.09.12	01:34:54.724		0.93407			4
2025.09.12	01:34:56.374	0.93391	0.93404			6
2025.09.12	01:34:57.425	0.93392				2
2025.09.12	01:34:59.580	0.93390				2
2025.09.12	01:35:00.028	0.93390				2
2025.09.12	01:35:00.579	0.93392	0.93405			6
2025.09.12	01:35:16.723	0.93391				2
2025.09.12	01:35:22.284	0.93392	0.93406			6
2025.09.12	01:35:22.682	0.93386	0.93404			6
2025.09.12	01:35:23.594	0.93388	0.93405			6
2025.09.12	01:35:25.229	0.93390				2
2025.09.12	01:35:34.348		0.93404			4
2025.09.12	01:35:39.129	0.93391				2
2025.09.12	01:35:40.257	0.93390				2
2025.09.12	01:35:41.519	0.93391				2
2025.09.12	01:35:43.057		0.93405			4
2025.09.12	01:35:52.053	0.93390				2
2025.09.12	01:35:58.478	0.93391				2
2025.09.12	01:36:00.440	0.93391				2
2025.09.12	01:36:22.968	0.93394				2
2025.09.12	01:36:25.053	0.93393				2
2025.09.12	01:36:32.834	0.93391				2
2025.09.12	01:36:39.079	0.93393				2
2025.09.12	01:36:44.184		0.93405			4
2025.09.12	01:37:00.430	0.93393				2
2025.09.12	01:37:03.063	0.93392				2
2025.09.12	01:37:05.627	0.93393				2
2025.09.12	01:37:13.846	0.93388	0.93404			6
2025.09.12	01:37:19.064	0.93389				2
2025.09.12	01:37:20.557		0.93405			4
2025.09.12	01:37:22.356	0.93390	0.93404			6
2025.09.12	01:37:30.455	0.93389				2
2025.09.12	01:37:31.554	0.93386				2
2025.09.12	01:37:38.958	0.93388	0.93405			6
2025.09.12	01:37:40.041	0.93387	0.93404			6
2025.09.12	01:37:42.153	0.93386				2
2025.09.12	01:38:01.047	0.93390				2
2025.09.12	01:38:02.858	0.93389				2
2025.09.12	01:38:08.257	0.93388				2
2025.09.12	01:38:24.967	0.93389				2
2025.09.12	01:38:38.170	0.93387				2
2025.09.12	01:38:39.192	0.93391	0.93405			6
2025.09.12	01:38:44.291	0.93392				2
2025.09.12	01:38:56.044	0.93394				2
2025.09.12	01:39:00.852	0.93392	0.93406			6
2025.09.12	01:39:05.112	0.93395				2
2025.09.12	01:39:07.360	0.93394	0.93407			6
2025.09.12	01:39:14.185	0.93392	0.93406			6
2025.09.12	01:39:23.764		0.93405			4
2025.09.12	01:40:01.410	0.93392				2
2025.09.12	01:40:02.353	0.93388	0.93406			6
2025.09.12	01:40:02.674	0.93392				2
2025.09.12	01:40:03.855	0.93393	0.93405			6
2025.09.12	01:40:05.553	0.93392				2
2025.09.12	01:40:06.751	0.93394				2
2025.09.12	01:40:07.785	0.93393				2
2025.09.12	01:40:11.239	0.93391				2
2025.09.12	01:40:12.922	0.93392				2
2025.09.12	01:40:24.025	0.93393				2
2025.09.12	01:40:28.504	0.93392				2
2025.09.12	01:40:29.000	0.93393				2
2025.09.12	01:40:35.824	0.93394				2
2025.09.12	01:40:37.953	0.93393				2
2025.09.12	01:40:51.481	0.93395				2
2025.09.12	01:40:55.657	0.93394				2
2025.09.12	01:41:00.672	0.93394				2
2025.09.12	01:41:01.056	0.93395				2
2025.09.12	01:41:01.851		0.93407			4
2025.09.12	01:41:02.958	0.93393	0.93406			6
2025.09.12	01:41:29.528	0.93395				2
2025.09.12	01:41:29.977	0.93394				2
2025.09.12	01:41:31.510	0.93396	0.93405			6
2025.09.12	01:41:47.097	0.93395				2
2025.09.12	01:41:49.055	0.93394				2
2025.09.12	01:41:56.380	0.93393	0.93404			6
2025.09.12	01:41:58.339	0.93392				2
2025.09.12	01:42:00.433	0.93392				2
2025.09.12	01:42:01.667	0.93391				2
2025.09.12	01:42:07.113	0.93390				2
2025.09.12	01:42:08.731	0.93392				2
2025.09.12	01:42:11.491		0.93405			4
2025.09.12	01:42:12.825	0.93393				2
2025.09.12	01:42:17.554	0.93394				2
2025.09.12	01:42:19.054	0.93393				2
2025.09.12	01:42:20.853	0.93394				2
2025.09.12	01:42:23.637	0.93399	0.93408			6
2025.09.12	01:42:23.938	0.93400				2
2025.09.12	01:42:31.787	0.93402	0.93409			6
2025.09.12	01:42:32.107	0.93404				2
2025.09.12	01:42:34.053	0.93403				2
2025.09.12	01:42:44.338		0.93410			4
2025.09.12	01:42:45.041		0.93409			4
2025.09.12	01:42:49.820	0.93404	0.93410			6
2025.09.12	01:42:50.139	0.93407	0.93420			6
2025.09.12	01:42:50.470	0.93406	0.93418			6
2025.09.12	01:42:50.799	0.93404	0.93415			6
2025.09.12	01:42:51.193	0.93405	0.93416			6
2025.09.12	01:42:52.743	0.93406	0.93417			6
2025.09.12	01:42:53.070		0.93418			4
2025.09.12	01:42:59.928	0.93407				2
2025.09.12	01:43:00.378	0.93407				2
2025.09.12	01:43:20.623		0.93419			4
2025.09.12	01:43:28.640	0.93405	0.93417			6
2025.09.12	01:43:28.967	0.93406				2
2025.09.12	01:43:35.555	0.93396	0.93408			6
2025.09.12	01:43:36.350	0.93397				2
2025.09.12	01:43:42.755		0.93407			4
2025.09.12	01:43:46.347	0.93395				2
2025.09.12	01:43:48.285	0.93396				2
2025.09.12	01:43:49.502		0.93408			4
2025.09.12	01:44:00.535	0.93396				2
2025.09.12	01:44:03.857		0.93410			4
2025.09.12	01:44:06.755	0.93397				2
2025.09.12	01:44:11.032		0.93411			4
2025.09.12	01:44:12.458		0.93410			4
2025.09.12	01:44:15.720		0.93411			4
2025.09.12	01:44:28.145	0.93400	0.93412			6
2025.09.12	01:44:28.460	0.93401				2
2025.09.12	01:44:30.428	0.93403	0.93417			6
2025.09.12	01:44:31.080		0.93415			4
2025.09.12	01:44:37.792	0.93405	0.93417			6
2025.09.12	01:44:38.199		0.93418			4
2025.09.12	01:44:41.453	0.93404	0.93416			6
2025.09.12	01:44:46.355	0.93405	0.93417			6
2025.09.12	01:45:00.535	0.93405				2
2025.09.12	01:45:03.471		0.93416			4
2025.09.12	01:45:17.379	0.93407	0.93418			6
2025.09.12	01:45:36.263	0.93406	0.93417			6
2025.09.12	01:45:43.875	0.93407	0.93418			6
2025.09.12	01:46:00.634	0.93407				2
2025.09.12	01:46:05.926	0.93406	0.93417			6
2025.09.12	01:46:09.787	0.93407				2
2025.09.12	01:46:12.209	0.93405	0.93416			6
2025.09.12	01:46:13.279	0.93404				2
2025.09.12	01:46:15.154	0.93405				2
2025.09.12	01:46:19.104		0.93417			4
2025.09.12	01:46:19.672	0.93404	0.93416			6
2025.09.12	01:46:28.369	0.93405	0.93418			6
2025.09.12	01:46:35.206		0.93419			4
2025.09.12	01:46:41.211		0.93418			4
2025.09.12	01:46:43.486	0.93406				2
2025.09.12	01:46:48.397	0.93405				2
2025.09.12	01:47:01.636	0.93405				2
2025.09.12	01:47:03.519	0.93406				2
2025.09.12	01:47:10.525	0.93408				2
2025.09.12	01:47:11.554	0.93406				2
2025.09.12	01:47:11.932	0.93409				2
2025.09.12	01:47:12.241	0.93406				2
2025.09.12	01:47:12.581	0.93408	0.93417			6
2025.09.12	01:47:12.986	0.93406	0.93418			6
2025.09.12	01:48:00.154	0.93406				2
2025.09.12	01:48:11.451	0.93405				2
2025.09.12	01:48:11.785	0.93406				2
2025.09.12	01:48:13.040		0.93418			4
2025.09.12	01:48:14.674	0.93405				2
2025.09.12	01:48:16.954	0.93406				2
2025.09.12	01:48:25.582	0.93405	0.93417			6
2025.09.12	01:48:27.617	0.93404	0.93416			6
2025.09.12	01:48:31.219	0.93405	0.93417			6
2025.09.12	01:48:36.443	0.93404	0.93416			6
2025.09.12	01:48:39.625	0.93403				2
2025.09.12	01:48:52.320	0.93404	0.93415			6
2025.09.12	01:48:55.906		0.93416			4
2025.09.12	01:48:58.361	0.93403	0.93414			6
2025.09.12	01:49:00.352	0.93403				2
2025.09.12	01:49:03.371	0.93404	0.93415			6
2025.09.12	01:49:11.411	0.93400	0.93413			6
2025.09.12	01:49:12.336		0.93412			4
2025.09.12	01:49:16.944		0.93411			4
2025.09.12	01:49:19.097		0.93412			4
2025.09.12	01:49:22.167	0.93399	0.93411			6
2025.09.12	01:49:29.154		0.93412			4
2025.09.12	01:49:32.365	0.93404	0.93415			6
2025.09.12	01:49:34.654	0.93403				2
2025.09.12	01:49:35.886	0.93400	0.93413			6
2025.09.12	01:49:51.016	0.93402				2
2025.09.12	01:50:01.411	0.93402				2
2025.09.12	01:50:04.088	0.93401				2
2025.09.12	01:50:14.552		0.93412			4
2025.09.12	01:50:15.014	0.93400	0.93411			6
2025.09.12	01:50:16.258	0.93402	0.93413			6
2025.09.12	01:50:19.953		0.93414			4
2025.09.12	01:50:22.349		0.93413			4
2025.09.12	01:50:26.408	0.93400	0.93414			6
2025.09.12	01:50:43.955	0.93401				2
2025.09.12	01:50:50.257		0.93413			4
2025.09.12	01:50:53.855	0.93400				2
2025.09.12	01:50:55.546		0.93414			4
2025.09.12	01:50:58.142	0.93399	0.93412			6
2025.09.12	01:50:58.954		0.93411			4
2025.09.12	01:51:00.274	0.93399	0.93412			6
2025.09.12	01:51:02.738	0.93403	0.93414			6
2025.09.12	01:51:04.074	0.93405	0.93416			6
2025.09.12	01:51:07.254		0.93415			4
2025.09.12	01:51:07.558	0.93403				2
2025.09.12	01:51:08.579	0.93401	0.93413			6
2025.09.12	01:51:13.771		0.93414			4
2025.09.12	01:51:20.376	0.93402				2
2025.09.12	01:51:23.841	0.93401				2
2025.09.12	01:51:29.042		0.93415			4
2025.09.12	01:51:31.419	0.93400	0.93414			6
2025.09.12	01:51:35.516	0.93402				2
2025.09.12	01:51:37.355		0.93413			4
2025.09.12	01:51:41.553		0.93414			4
2025.09.12	01:51:58.054		0.93413			4
2025.09.12	01:52:00.535	0.93402				2
2025.09.12	01:52:19.956	0.93401				2
2025.09.12	01:52:26.463	0.93400				2
2025.09.12	01:52:30.634	0.93399				2
2025.09.12	01:52:45.137	0.93400	0.93411			6
2025.09.12	01:52:45.448	0.93401	0.93412			6
2025.09.12	01:52:45.768	0.93400				2
2025.09.12	01:52:48.704	0.93398	0.93411			6
2025.09.12	01:52:49.870	0.93400				2
2025.09.12	01:52:50.177	0.93399				2
2025.09.12	01:52:51.231	0.93401	0.93413			6
2025.09.12	01:53:03.342	0.93404	0.93415			6
2025.09.12	01:53:04.346	0.93403				2
2025.09.12	01:53:07.482		0.93414			4
2025.09.12	01:53:15.154		0.93415			4
2025.09.12	01:53:16.898		0.93414			4
2025.09.12	01:53:17.938	0.93402	0.93415			6
2025.09.12	01:53:22.053	0.93403	0.93414			6
2025.09.12	01:53:23.667	0.93401				2
2025.09.12	01:53:25.331		0.93415			4
2025.09.12	01:53:38.050	0.93402				2
2025.09.12	01:53:38.690	0.93401				2
2025.09.12	01:53:39.976	0.93400	0.93414			6
2025.09.12	01:53:59.980		0.93415			4
2025.09.12	01:54:00.607	0.93400				2
2025.09.12	01:54:01.798	0.93397	0.93414			6
2025.09.12	01:54:02.872	0.93398				2
2025.09.12	01:54:17.185	0.93399	0.93413			6
