<DATE>	<TIME>	<BID>	<ASK>	<LAST>	<VOLUME>	<FLAGS>
2025.10.28	00:03:31.267	0.92534	0.92701			6
2025.10.28	00:04:00.495	0.92534				2
2025.10.28	00:04:31.377		0.92701			4
2025.10.28	00:04:57.074	0.92535				2
2025.10.28	00:05:00.174	0.92556				2
2025.10.28	00:05:00.631	0.92559				2
2025.10.28	00:05:00.975	0.92562				2
2025.10.28	00:05:02.214	0.92559				2
2025.10.28	00:05:04.255	0.92562				2
2025.10.28	00:05:05.276	0.92559				2
2025.10.28	00:05:24.140	0.92560				2
2025.10.28	00:05:24.656	0.92559				2
2025.10.28	00:05:31.795		0.92701			4
2025.10.28	00:05:44.763	0.92567				2
2025.10.28	00:05:45.077	0.92559				2
2025.10.28	00:06:00.355	0.92559				2
2025.10.28	00:06:31.974		0.92701			4
2025.10.28	00:07:00.351	0.92559				2
2025.10.28	00:07:27.058	0.92560				2
2025.10.28	00:07:28.075	0.92559				2
2025.10.28	00:07:32.154		0.92701			4
2025.10.28	00:07:37.253	0.92561				2
2025.10.28	00:07:38.276	0.92559				2
2025.10.28	00:07:47.460	0.92561				2
2025.10.28	00:07:48.475	0.92559				2
2025.10.28	00:07:57.676	0.92561				2
2025.10.28	00:07:58.694	0.92559				2
2025.10.28	00:08:00.221	0.92559				2
2025.10.28	00:08:02.774	0.92560				2
2025.10.28	00:08:03.794	0.92559				2
2025.10.28	00:08:07.876	0.92561				2
2025.10.28	00:08:08.895	0.92559				2
2025.10.28	00:08:18.079	0.92561				2
2025.10.28	00:08:19.095	0.92559				2
2025.10.28	00:08:28.275	0.92561				2
2025.10.28	00:08:29.294	0.92559				2
2025.10.28	00:08:32.357		0.92701			4
2025.10.28	00:08:38.479	0.92561				2
2025.10.28	00:08:39.495	0.92559				2
2025.10.28	00:09:00.371	0.92559				2
2025.10.28	00:09:00.915	0.92568				2
2025.10.28	00:09:35.637		0.92701			4
2025.10.28	00:10:00.376	0.92573	0.92691			6
2025.10.28	00:10:00.747		0.92690			4
2025.10.28	00:10:04.598	0.92574				2
2025.10.28	00:10:12.008	0.92564	0.92683			6
2025.10.28	00:11:00.160	0.92564				2
2025.10.28	00:11:04.978	0.92563	0.92700			6
2025.10.28	00:11:06.789	0.92574	0.92689			6
2025.10.28	00:11:09.761	0.92564	0.92683			6
2025.10.28	00:11:10.748	0.92574	0.92689			6
2025.10.28	00:11:17.729		0.92688			4
2025.10.28	00:11:21.702		0.92689			4
2025.10.28	00:11:23.540	0.92564	0.92683			6
2025.10.28	00:11:24.502	0.92574	0.92689			6
2025.10.28	00:11:30.350	0.92564	0.92683			6
2025.10.28	00:11:31.280	0.92574	0.92689			6
2025.10.28	00:11:37.509	0.92564	0.92683			6
2025.10.28	00:11:38.453	0.92574	0.92689			6
2025.10.28	00:11:50.988		0.92688			4
2025.10.28	00:12:00.356	0.92574				2
2025.10.28	00:12:48.288	0.92559	0.92685			6
2025.10.28	00:12:48.701	0.92562				2
2025.10.28	00:13:00.351	0.92562				2
2025.10.28	00:13:28.598		0.92684			4
2025.10.28	00:14:00.534	0.92562				2
2025.10.28	00:14:29.650		0.92684			4
2025.10.28	00:14:30.353		0.92685			4
2025.10.28	00:14:34.602		0.92684			4
2025.10.28	00:15:00.538	0.92562	0.92685			6
2025.10.28	00:15:36.527		0.92684			4
2025.10.28	00:16:00.536	0.92562				2
2025.10.28	00:16:17.139	0.92563				2
2025.10.28	00:16:17.460	0.92562				2
2025.10.28	00:16:44.345		0.92684			4
2025.10.28	00:16:56.205	0.92567				2
2025.10.28	00:16:56.798		0.92683			4
2025.10.28	00:17:00.945	0.92567				2
2025.10.28	00:17:09.889		0.92682			4
2025.10.28	00:17:10.341		0.92688			4
2025.10.28	00:17:56.208		0.92689			4
2025.10.28	00:18:00.537	0.92567				2
2025.10.28	00:18:05.218		0.92691			4
2025.10.28	00:18:07.115		0.92692			4
2025.10.28	00:18:59.801		0.92691			4
2025.10.28	00:19:08.138	0.92567				2
2025.10.28	00:19:12.707	0.92583	0.92694			6
2025.10.28	00:19:14.114	0.92585				2
2025.10.28	00:19:15.758	0.92584				2
2025.10.28	00:19:16.078		0.92696			4
2025.10.28	00:19:20.798	0.92585				2
2025.10.28	00:19:56.250	0.92584	0.92693			6
2025.10.28	00:20:00.351	0.92584				2
2025.10.28	00:20:03.400	0.92586				2
2025.10.28	00:20:03.997	0.92585				2
2025.10.28	00:20:04.418	0.92584				2
2025.10.28	00:20:14.115	0.92586				2
2025.10.28	00:20:16.904	0.92587				2
2025.10.28	00:20:20.499	0.92586				2
2025.10.28	00:20:29.501	0.92587				2
2025.10.28	00:20:37.302	0.92586				2
2025.10.28	00:20:44.206	0.92587				2
2025.10.28	00:20:45.999	0.92586				2
2025.10.28	00:20:51.398	0.92587				2
2025.10.28	00:20:57.998	0.92586	0.92693			6
2025.10.28	00:21:01.995	0.92586				2
2025.10.28	00:21:20.201	0.92587				2
2025.10.28	00:21:25.358	0.92563	0.92692			6
2025.10.28	00:21:28.497		0.92691			4
2025.10.28	00:21:43.303		0.92690			4
2025.10.28	00:21:58.600		0.92691			4
2025.10.28	00:22:01.756	0.92563				2
2025.10.28	00:22:04.418	0.92567				2
2025.10.28	00:22:07.898		0.92690			4
2025.10.28	00:22:10.240	0.92588	0.92693			6
2025.10.28	00:22:30.399	0.92587				2
2025.10.28	00:22:46.778		0.92691			4
2025.10.28	00:22:47.322		0.92692			4
2025.10.28	00:23:03.769	0.92587				2
2025.10.28	00:23:13.774	0.92588				2
2025.10.28	00:23:18.398	0.92587				2
2025.10.28	00:23:47.789	0.92586	0.92691			6
2025.10.28	00:24:03.768	0.92586				2
2025.10.28	00:24:13.847	0.92587				2
2025.10.28	00:24:47.793		0.92694			4
2025.10.28	00:24:49.599	0.92588				2
2025.10.28	00:25:00.371	0.92588				2
2025.10.28	00:25:15.714	0.92587				2
2025.10.28	00:26:00.945	0.92587	0.92694			6
2025.10.28	00:27:00.354	0.92587				2
2025.10.28	00:27:02.347		0.92694			4
2025.10.28	00:27:36.999	0.92589				2
2025.10.28	00:28:05.197	0.92589	0.92694			6
2025.10.28	00:29:04.140	0.92589				2
2025.10.28	00:29:07.602		0.92694			4
2025.10.28	00:30:00.377	0.92589				2
2025.10.28	00:30:02.444	0.92588				2
2025.10.28	00:30:04.102		0.92697			4
2025.10.28	00:30:05.076		0.92703			4
2025.10.28	00:30:06.097	0.92589				2
2025.10.28	00:30:25.523	0.92587				2
2025.10.28	00:30:45.407		0.92694			4
2025.10.28	00:30:46.209	0.92588				2
2025.10.28	00:31:00.358	0.92588				2
2025.10.28	00:31:08.760	0.92589				2
2025.10.28	00:31:13.295	0.92595	0.92693			6
2025.10.28	00:31:14.133	0.92597				2
2025.10.28	00:31:26.788	0.92595	0.92696			6
2025.10.28	00:31:37.300	0.92596				2
2025.10.28	00:31:38.114	0.92597				2
2025.10.28	00:31:39.061	0.92596				2
2025.10.28	00:31:46.994	0.92594				2
2025.10.28	00:31:54.115	0.92595				2
2025.10.28	00:31:59.836	0.92596				2
2025.10.28	00:32:00.379	0.92596				2
2025.10.28	00:32:02.116	0.92597				2
2025.10.28	00:32:09.500	0.92596				2
2025.10.28	00:32:09.965	0.92594				2
2025.10.28	00:32:13.805	0.92596				2
2025.10.28	00:32:16.990	0.92597				2
2025.10.28	00:32:17.461	0.92589				2
2025.10.28	00:32:19.179	0.92590				2
2025.10.28	00:32:28.297		0.92696			4
2025.10.28	00:32:32.503	0.92591				2
2025.10.28	00:32:37.299		0.92700			4
2025.10.28	00:32:41.199	0.92590				2
2025.10.28	00:32:52.006	0.92591				2
2025.10.28	00:32:56.813	0.92590				2
2025.10.28	00:33:03.698	0.92590				2
2025.10.28	00:33:07.806	0.92595	0.92699			6
2025.10.28	00:33:09.107	0.92598	0.92697			6
2025.10.28	00:33:11.459	0.92594	0.92699			6
2025.10.28	00:33:11.777		0.92700			4
2025.10.28	00:33:12.539	0.92596	0.92698			6
2025.10.28	00:33:13.118	0.92594	0.92700			6
2025.10.28	00:33:39.330	0.92595	0.92699			6
2025.10.28	00:34:00.098	0.92595				2
2025.10.28	00:34:05.840		0.92700			4
2025.10.28	00:34:10.299		0.92699			4
2025.10.28	00:34:21.221		0.92702			4
2025.10.28	00:34:26.481		0.92701			4
2025.10.28	00:34:41.575	0.92596				2
2025.10.28	00:35:03.784	0.92596	0.92700			6
2025.10.28	00:35:20.155	0.92595	0.92701			6
2025.10.28	00:35:23.497		0.92700			4
2025.10.28	00:35:36.130	0.92594	0.92701			6
2025.10.28	00:35:37.354		0.92697			4
2025.10.28	00:35:38.115	0.92591				2
2025.10.28	00:35:40.032	0.92592				2
2025.10.28	00:35:46.047	0.92579	0.92685			6
2025.10.28	00:35:47.430		0.92684			4
2025.10.28	00:35:48.595		0.92685			4
2025.10.28	00:35:50.801		0.92686			4
2025.10.28	00:35:55.002		0.92685			4
2025.10.28	00:36:00.585	0.92579	0.92687			6
2025.10.28	00:36:00.933		0.92686			4
2025.10.28	00:36:04.900		0.92685			4
2025.10.28	00:36:07.985		0.92686			4
2025.10.28	00:36:16.482		0.92685			4
2025.10.28	00:36:16.833	0.92577				2
2025.10.28	00:36:20.228		0.92684			4
2025.10.28	00:36:21.363		0.92685			4
2025.10.28	00:36:21.860		0.92686			4
2025.10.28	00:36:22.360		0.92685			4
2025.10.28	00:36:24.207	0.92594	0.92695			6
2025.10.28	00:36:29.064	0.92595				2
2025.10.28	00:36:29.563	0.92594				2
2025.10.28	00:36:30.065	0.92595				2
2025.10.28	00:36:30.563	0.92594				2
2025.10.28	00:36:31.063	0.92595				2
2025.10.28	00:36:31.563	0.92594				2
2025.10.28	00:36:32.066	0.92595				2
2025.10.28	00:36:32.566	0.92594				2
2025.10.28	00:36:33.062	0.92595				2
2025.10.28	00:36:33.563	0.92594				2
2025.10.28	00:36:34.066	0.92595				2
2025.10.28	00:36:34.562	0.92594				2
2025.10.28	00:36:46.898	0.92595				2
2025.10.28	00:36:52.214	0.92594				2
2025.10.28	00:37:00.948	0.92594				2
2025.10.28	00:37:05.447	0.92593				2
2025.10.28	00:37:15.635	0.92592				2
2025.10.28	00:37:17.799	0.92593				2
2025.10.28	00:37:22.011	0.92594				2
2025.10.28	00:37:23.800	0.92595				2
2025.10.28	00:37:25.157		0.92695			4
2025.10.28	00:37:27.660	0.92594				2
2025.10.28	00:37:28.106	0.92595				2
2025.10.28	00:37:35.159	0.92594				2
2025.10.28	00:37:39.160	0.92595				2
2025.10.28	00:37:43.157	0.92594				2
2025.10.28	00:37:45.540	0.92595				2
2025.10.28	00:37:48.997	0.92594				2
2025.10.28	00:37:50.420	0.92591				2
2025.10.28	00:37:50.921		0.92704			4
2025.10.28	00:37:51.259	0.92592	0.92705			6
2025.10.28	00:37:51.757	0.92595	0.92706			6
2025.10.28	00:37:52.600	0.92592	0.92699			6
2025.10.28	00:37:53.105	0.92591				2
2025.10.28	00:37:54.033	0.92593				2
2025.10.28	00:37:54.339	0.92592				2
2025.10.28	00:37:54.969	0.92593				2
2025.10.28	00:37:55.427	0.92589				2
2025.10.28	00:37:57.576		0.92704			4
2025.10.28	00:37:58.377	0.92585	0.92698			6
2025.10.28	00:38:00.116	0.92582				2
2025.10.28	00:38:02.412		0.92695			4
2025.10.28	00:38:09.101	0.92583				2
2025.10.28	00:38:14.159		0.92693			4
2025.10.28	00:38:15.973	0.92582	0.92690			6
2025.10.28	00:38:17.798	0.92581				2
2025.10.28	00:38:20.525	0.92582	0.92699			6
2025.10.28	00:38:20.837	0.92586				2
2025.10.28	00:38:22.466	0.92583	0.92698			6
2025.10.28	00:38:23.106	0.92585				2
2025.10.28	00:38:25.219	0.92583				2
2025.10.28	00:38:25.811	0.92581				2
2025.10.28	00:38:27.398	0.92580				2
2025.10.28	00:38:29.498	0.92581				2
2025.10.28	00:38:31.648	0.92582				2
2025.10.28	00:38:33.999	0.92581				2
2025.10.28	00:38:37.600	0.92582				2
2025.10.28	00:38:54.628	0.92581				2
2025.10.28	00:38:57.159	0.92580	0.92699			6
2025.10.28	00:38:57.999	0.92581				2
2025.10.28	00:39:00.946	0.92581				2
2025.10.28	00:39:03.115	0.92582				2
2025.10.28	00:39:21.408	0.92583				2
2025.10.28	00:39:22.923	0.92582	0.92701			6
2025.10.28	00:39:23.360		0.92700			4
2025.10.28	00:39:28.003	0.92583				2
2025.10.28	00:39:28.703	0.92582				2
2025.10.28	00:39:30.099	0.92581				2
2025.10.28	00:39:31.159	0.92580	0.92696			6
2025.10.28	00:39:35.798	0.92581				2
2025.10.28	00:39:43.979		0.92690			4
2025.10.28	00:39:45.099	0.92580				2
2025.10.28	00:39:48.878	0.92585	0.92700			6
2025.10.28	00:39:49.381	0.92584				2
2025.10.28	00:39:50.031	0.92583				2
2025.10.28	00:39:51.435	0.92584				2
2025.10.28	00:39:52.182	0.92583				2
2025.10.28	00:39:54.158	0.92582	0.92693			6
2025.10.28	00:39:58.300	0.92581	0.92690			6
2025.10.28	00:40:00.958	0.92580				2
2025.10.28	00:40:08.200	0.92579				2
2025.10.28	00:40:09.117	0.92578				2
2025.10.28	00:40:10.946	0.92579	0.92686			6
2025.10.28	00:40:14.118	0.92580				2
2025.10.28	00:40:37.688	0.92576				2
2025.10.28	00:40:39.117	0.92575				2
2025.10.28	00:40:41.670	0.92574				2
2025.10.28	00:40:43.002	0.92573				2
2025.10.28	00:40:45.047		0.92684			4
2025.10.28	00:40:48.097	0.92574				2
2025.10.28	00:40:50.158	0.92575				2
2025.10.28	00:40:53.147	0.92574				2
2025.10.28	00:40:55.297	0.92575				2
2025.10.28	00:41:00.537	0.92575				2
2025.10.28	00:41:05.772	0.92574				2
2025.10.28	00:41:08.199	0.92575				2
2025.10.28	00:41:31.607	0.92576				2
2025.10.28	00:41:39.611	0.92575				2
2025.10.28	00:41:39.965	0.92574				2
2025.10.28	00:41:40.701	0.92575				2
2025.10.28	00:41:41.572	0.92576				2
2025.10.28	00:41:45.135		0.92684			4
2025.10.28	00:41:59.190	0.92577				2
2025.10.28	00:42:00.947	0.92577				2
2025.10.28	00:42:10.300		0.92687			4
2025.10.28	00:42:10.619	0.92576	0.92684			6
2025.10.28	00:42:11.498	0.92577				2
2025.10.28	00:42:20.176	0.92578				2
2025.10.28	00:42:22.115	0.92577				2
2025.10.28	00:42:23.799	0.92578				2
2025.10.28	00:42:33.998	0.92577				2
2025.10.28	00:42:35.138	0.92578				2
2025.10.28	00:42:52.807		0.92685			4
2025.10.28	00:42:58.900	0.92579				2
2025.10.28	00:43:02.498	0.92579				2
2025.10.28	00:43:10.902		0.92688			4
2025.10.28	00:43:13.602	0.92580				2
2025.10.28	00:43:41.115	0.92581				2
2025.10.28	00:43:52.430	0.92580				2
2025.10.28	00:44:06.701	0.92580				2
2025.10.28	00:44:12.160		0.92688			4
2025.10.28	00:44:18.998	0.92581				2
2025.10.28	00:44:20.450	0.92582				2
2025.10.28	00:44:24.030	0.92581				2
2025.10.28	00:44:25.220	0.92580				2
2025.10.28	00:44:28.656	0.92581				2
2025.10.28	00:44:36.699	0.92582				2
2025.10.28	00:44:38.268	0.92581				2
2025.10.28	00:44:39.398	0.92582				2
2025.10.28	00:44:42.399	0.92581				2
2025.10.28	00:44:54.114	0.92582				2
2025.10.28	00:45:00.543	0.92582				2
2025.10.28	00:45:01.898	0.92583				2
2025.10.28	00:45:03.161	0.92586	0.92705			6
2025.10.28	00:45:06.701	0.92582	0.92688			6
2025.10.28	00:45:08.477		0.92684			4
2025.10.28	00:45:10.699	0.92600	0.92666			6
2025.10.28	00:45:13.307	0.92599	0.92678			6
2025.10.28	00:45:14.799	0.92598				2
2025.10.28	00:45:17.684		0.92677			4
2025.10.28	00:45:18.011	0.92596	0.92672			6
2025.10.28	00:45:19.036	0.92597	0.92673			6
2025.10.28	00:45:20.799	0.92596				2
2025.10.28	00:45:22.299	0.92598				2
2025.10.28	00:45:24.699	0.92599				2
2025.10.28	00:45:41.198	0.92604				2
2025.10.28	00:45:41.546	0.92605				2
2025.10.28	00:45:41.976	0.92604				2
2025.10.28	00:45:42.347	0.92607	0.92675			6
2025.10.28	00:45:42.659	0.92606	0.92673			6
2025.10.28	00:45:43.907	0.92603				2
2025.10.28	00:45:48.294	0.92604				2
2025.10.28	00:45:51.403	0.92603				2
2025.10.28	00:45:53.996	0.92607				2
2025.10.28	00:45:54.299	0.92606				2
2025.10.28	00:45:56.118	0.92607				2
2025.10.28	00:45:56.421		0.92677			4
2025.10.28	00:45:56.737	0.92604	0.92673			6
2025.10.28	00:45:57.476	0.92602				2
2025.10.28	00:45:58.114	0.92601				2
2025.10.28	00:46:00.354	0.92601				2
2025.10.28	00:46:08.066	0.92602				2
2025.10.28	00:46:09.187	0.92600				2
2025.10.28	00:46:09.638	0.92599				2
2025.10.28	00:46:10.116	0.92597				2
2025.10.28	00:46:12.905	0.92598				2
2025.10.28	00:46:13.965	0.92597				2
2025.10.28	00:46:14.675		0.92671			4
2025.10.28	00:46:18.604	0.92600	0.92676			6
2025.10.28	00:46:19.080	0.92599				2
2025.10.28	00:46:26.116		0.92675			4
2025.10.28	00:46:26.798	0.92600				2
2025.10.28	00:46:27.926	0.92599				2
2025.10.28	00:46:28.236	0.92600	0.92671			6
2025.10.28	00:46:30.982	0.92601				2
2025.10.28	00:46:31.641	0.92600				2
2025.10.28	00:46:33.400	0.92599				2
2025.10.28	00:46:51.875	0.92598				2
2025.10.28	00:46:57.902	0.92597	0.92670			6
2025.10.28	00:46:59.944	0.92600				2
2025.10.28	00:47:00.363	0.92601	0.92671			6
2025.10.28	00:47:03.135	0.92605	0.92688			6
2025.10.28	00:47:06.693	0.92601	0.92671			6
2025.10.28	00:47:07.110	0.92602				2
2025.10.28	00:47:07.465	0.92600	0.92673			6
2025.10.28	00:47:09.101	0.92601				2
2025.10.28	00:47:09.593	0.92604	0.92683			6
2025.10.28	00:47:09.912		0.92678			4
2025.10.28	00:47:10.246	0.92603	0.92685			6
2025.10.28	00:47:10.557		0.92670			4
2025.10.28	00:47:14.409	0.92601	0.92669			6
2025.10.28	00:47:14.709		0.92675			4
2025.10.28	00:47:15.056	0.92600	0.92670			6
2025.10.28	00:47:16.134	0.92599				2
2025.10.28	00:47:18.783	0.92598				2
2025.10.28	00:47:19.180	0.92599				2
2025.10.28	00:47:24.928	0.92601				2
2025.10.28	00:47:25.824	0.92600				2
2025.10.28	00:47:27.700	0.92599				2
2025.10.28	00:47:30.198	0.92600				2
2025.10.28	00:47:31.500	0.92603	0.92672			6
2025.10.28	00:47:33.117	0.92604				2
2025.10.28	00:47:37.223	0.92605				2
2025.10.28	00:47:40.533	0.92604				2
2025.10.28	00:47:41.148		0.92674			4
2025.10.28	00:47:41.663	0.92605				2
2025.10.28	00:47:42.029	0.92604				2
2025.10.28	00:47:42.401	0.92605				2
2025.10.28	00:47:43.062	0.92604				2
2025.10.28	00:47:49.224	0.92603				2
2025.10.28	00:47:52.951	0.92602				2
2025.10.28	00:47:53.529	0.92603	0.92667			6
2025.10.28	00:47:53.843		0.92670			4
2025.10.28	00:47:54.998	0.92604				2
2025.10.28	00:47:57.104	0.92603				2
2025.10.28	00:47:58.296	0.92604	0.92667			6
2025.10.28	00:47:59.644		0.92674			4
2025.10.28	00:47:59.975	0.92606				2
2025.10.28	00:48:00.361	0.92606				2
2025.10.28	00:48:03.398	0.92607				2
2025.10.28	00:48:06.387	0.92606				2
2025.10.28	00:48:09.660	0.92605	0.92668			6
2025.10.28	00:48:10.278	0.92604				2
2025.10.28	00:48:26.198	0.92605				2
2025.10.28	00:48:37.357		0.92673			4
2025.10.28	00:48:42.842	0.92606				2
2025.10.28	00:48:46.299	0.92605				2
2025.10.28	00:48:52.298	0.92606				2
2025.10.28	00:49:01.299	0.92606				2
2025.10.28	00:49:06.066	0.92601	0.92642			6
2025.10.28	00:49:08.730	0.92608	0.92668			6
2025.10.28	00:49:10.116	0.92610				2
2025.10.28	00:49:10.421	0.92609				2
2025.10.28	00:49:12.479		0.92669			4
2025.10.28	00:49:21.414	0.92608				2
2025.10.28	00:49:26.761	0.92607				2
2025.10.28	00:49:37.794	0.92608				2
2025.10.28	00:49:39.698	0.92607				2
2025.10.28	00:49:41.149	0.92606				2
2025.10.28	00:49:53.588	0.92607				2
2025.10.28	00:50:00.304	0.92608				2
2025.10.28	00:50:09.699	0.92607				2
2025.10.28	00:50:12.398	0.92608				2
2025.10.28	00:50:16.346		0.92669			4
2025.10.28	00:50:21.098		0.92672			4
2025.10.28	00:50:22.966		0.92671			4
2025.10.28	00:50:39.273	0.92607				2
2025.10.28	00:50:50.450	0.92606	0.92670			6
2025.10.28	00:50:50.949	0.92608	0.92675			6
2025.10.28	00:50:59.095	0.92609				2
2025.10.28	00:51:00.699	0.92609				2
2025.10.28	00:51:16.286	0.92607	0.92672			6
2025.10.28	00:51:17.504	0.92608				2
2025.10.28	00:51:29.427	0.92607				2
2025.10.28	00:51:30.948	0.92606				2
2025.10.28	00:51:53.798	0.92607	0.92673			6
2025.10.28	00:51:54.101	0.92608	0.92675			6
2025.10.28	00:52:01.729	0.92608				2
2025.10.28	00:52:16.384	0.92607	0.92668			6
2025.10.28	00:52:18.982	0.92606				2
2025.10.28	00:52:22.130	0.92607				2
2025.10.28	00:52:28.898	0.92608				2
2025.10.28	00:52:31.160		0.92669			4
2025.10.28	00:52:31.726	0.92607				2
2025.10.28	00:52:34.298	0.92608				2
2025.10.28	00:52:37.647		0.92666			4
2025.10.28	00:52:52.345	0.92607				2
2025.10.28	00:53:00.593	0.92607				2
2025.10.28	00:53:08.438	0.92608				2
2025.10.28	00:53:11.200	0.92607				2
2025.10.28	00:53:26.836	0.92608				2
2025.10.28	00:53:38.800	0.92607	0.92666			6
2025.10.28	00:54:01.728	0.92607				2
2025.10.28	00:54:06.749	0.92608				2
2025.10.28	00:54:10.935	0.92607				2
2025.10.28	00:54:12.076	0.92608				2
2025.10.28	00:54:12.811	0.92607				2
2025.10.28	00:54:19.598	0.92608				2
2025.10.28	00:54:21.748	0.92607				2
2025.10.28	00:54:28.102		0.92669			4
2025.10.28	00:54:37.647		0.92666			4
2025.10.28	00:54:40.448	0.92606				2
2025.10.28	00:54:40.953	0.92607				2
2025.10.28	00:54:42.106	0.92606				2
2025.10.28	00:54:44.200	0.92607				2
2025.10.28	00:54:54.999	0.92606				2
2025.10.28	00:54:56.720	0.92605				2
2025.10.28	00:55:00.310	0.92605				2
2025.10.28	00:55:04.716	0.92604	0.92667			6
2025.10.28	00:55:06.620	0.92605	0.92669			6
2025.10.28	00:55:08.202	0.92604				2
2025.10.28	00:55:10.449	0.92605				2
2025.10.28	00:55:10.950	0.92604				2
2025.10.28	00:55:12.100	0.92605				2
2025.10.28	00:55:22.143		0.92674			4
2025.10.28	00:55:27.399	0.92606				2
2025.10.28	00:55:34.540	0.92607	0.92673			6
2025.10.28	00:55:35.564	0.92606				2
2025.10.28	00:55:57.961		0.92650			4
2025.10.28	00:55:58.278	0.92607	0.92652			6
2025.10.28	00:56:02.499	0.92606				2
2025.10.28	00:56:06.753	0.92607	0.92650			6
2025.10.28	00:56:17.942	0.92610	0.92653			6
2025.10.28	00:56:19.897		0.92652			4
2025.10.28	00:56:22.599		0.92653			4
2025.10.28	00:56:29.530	0.92608	0.92654			6
2025.10.28	00:56:29.844	0.92609	0.92651			6
2025.10.28	00:56:43.004		0.92652			4
2025.10.28	00:56:57.100	0.92608				2
2025.10.28	00:57:01.600	0.92608				2
2025.10.28	00:57:07.839		0.92654			4
2025.10.28	00:57:10.466		0.92652			4
2025.10.28	00:57:16.600		0.92651			4
2025.10.28	00:57:26.082	0.92607	0.92652			6
2025.10.28	00:57:27.541		0.92649			4
2025.10.28	00:57:30.650		0.92650			4
2025.10.28	00:57:37.299		0.92649			4
2025.10.28	00:57:37.866		0.92651			4
2025.10.28	00:57:42.148		0.92652			4
2025.10.28	00:58:00.400	0.92606	0.92653			6
2025.10.28	00:58:16.475		0.92652			4
2025.10.28	00:58:18.844		0.92653			4
2025.10.28	00:58:27.651		0.92651			4
2025.10.28	00:58:28.544	0.92603	0.92652			6
2025.10.28	00:58:28.882	0.92605				2
2025.10.28	00:58:29.271	0.92607	0.92650			6
2025.10.28	00:58:30.453	0.92608	0.92649			6
2025.10.28	00:58:30.953	0.92606	0.92645			6
2025.10.28	00:58:33.188	0.92605	0.92646			6
2025.10.28	00:58:41.350	0.92606	0.92644			6
2025.10.28	00:58:42.425	0.92594	0.92658			6
2025.10.28	00:58:42.968	0.92586	0.92671			6
2025.10.28	00:58:44.343		0.92670			4
2025.10.28	00:58:44.697		0.92669			4
2025.10.28	00:58:52.766	0.92589				2
2025.10.28	00:58:56.160		0.92667			4
2025.10.28	00:59:00.399	0.92589				2
2025.10.28	00:59:07.765	0.92584	0.92666			6
2025.10.28	00:59:25.477	0.92577	0.92665			6
2025.10.28	00:59:25.847	0.92583	0.92666			6
2025.10.28	00:59:32.798		0.92665			4
2025.10.28	00:59:38.978		0.92664			4
2025.10.28	00:59:40.081		0.92665			4
2025.10.28	00:59:42.115	0.92577	0.92664			6
2025.10.28	00:59:45.102		0.92662			4
2025.10.28	00:59:46.301		0.92663			4
2025.10.28	00:59:56.395		0.92662			4
2025.10.28	00:59:57.747	0.92578	0.92661			6
2025.10.28	00:59:58.417	0.92579	0.92659			6
2025.10.28	01:00:00.034	0.92578				2
2025.10.28	01:00:00.339	0.92571	0.92660			6
2025.10.28	01:00:00.671	0.92587	0.92649			6
2025.10.28	01:00:01.048	0.92586				2
2025.10.28	01:00:01.358		0.92659			4
2025.10.28	01:00:01.660	0.92587	0.92656			6
2025.10.28	01:00:01.975	0.92586	0.92660			6
2025.10.28	01:00:02.336		0.92661			4
2025.10.28	01:00:02.679	0.92584				2
2025.10.28	01:00:03.377	0.92577	0.92669			6
2025.10.28	01:00:03.719	0.92583	0.92676			6
2025.10.28	01:00:04.067		0.92678			4
2025.10.28	01:00:04.370		0.92676			4
2025.10.28	01:00:04.673	0.92584	0.92678			6
2025.10.28	01:00:05.977	0.92583				2
2025.10.28	01:00:06.278	0.92584	0.92674			6
2025.10.28	01:00:06.628		0.92677			4
2025.10.28	01:00:06.929		0.92679			4
2025.10.28	01:00:07.278	0.92590	0.92652			6
2025.10.28	01:00:08.021	0.92591				2
2025.10.28	01:00:09.055	0.92592				2
2025.10.28	01:00:09.682	0.92586	0.92647			6
2025.10.28	01:00:10.299		0.92648			4
2025.10.28	01:00:10.670	0.92588	0.92647			6
2025.10.28	01:00:11.642	0.92587				2
2025.10.28	01:00:12.269	0.92588				2
2025.10.28	01:00:13.678	0.92586				2
2025.10.28	01:00:14.744	0.92587				2
2025.10.28	01:00:15.959	0.92588	0.92646			6
2025.10.28	01:00:17.345	0.92591	0.92642			6
2025.10.28	01:00:18.347	0.92594				2
2025.10.28	01:00:18.791	0.92587	0.92646			6
2025.10.28	01:00:19.094	0.92588	0.92643			6
2025.10.28	01:00:22.345		0.92641			4
2025.10.28	01:00:23.814	0.92586				2
2025.10.28	01:00:24.137	0.92588				2
2025.10.28	01:00:29.226	0.92590				2
2025.10.28	01:00:30.992	0.92586	0.92639			6
2025.10.28	01:00:31.326		0.92631			4
2025.10.28	01:00:33.767	0.92588				2
2025.10.28	01:00:36.027		0.92639			4
2025.10.28	01:00:36.781	0.92586				2
2025.10.28	01:00:38.348		0.92635			4
2025.10.28	01:00:45.394	0.92588				2
2025.10.28	01:00:46.622	0.92584	0.92632			6
2025.10.28	01:00:46.937	0.92588	0.92642			6
2025.10.28	01:00:48.070	0.92591				2
2025.10.28	01:00:50.199	0.92590				2
2025.10.28	01:00:53.466	0.92594	0.92644			6
2025.10.28	01:00:53.811	0.92595	0.92646			6
2025.10.28	01:00:54.137	0.92596	0.92644			6
2025.10.28	01:00:54.529	0.92602	0.92645			6
2025.10.28	01:00:54.832	0.92603	0.92648			6
2025.10.28	01:00:55.154	0.92602	0.92645			6
2025.10.28	01:00:56.234	0.92603	0.92648			6
2025.10.28	01:00:57.662		0.92649			4
2025.10.28	01:00:59.913	0.92610				2
2025.10.28	01:01:00.240	0.92620	0.92650			6
2025.10.28	01:01:00.571	0.92610	0.92646			6
2025.10.28	01:01:00.918	0.92620				2
2025.10.28	01:01:01.252	0.92610				2
2025.10.28	01:01:01.597	0.92620				2
2025.10.28	01:01:01.920	0.92610				2
2025.10.28	01:01:02.256	0.92620				2
2025.10.28	01:01:02.572	0.92610				2
2025.10.28	01:01:02.931	0.92620				2
2025.10.28	01:01:03.267	0.92610				2
2025.10.28	01:01:03.591	0.92620				2
2025.10.28	01:01:03.937	0.92603				2
2025.10.28	01:01:04.351		0.92647			4
2025.10.28	01:01:05.388	0.92595				2
2025.10.28	01:01:05.690	0.92596				2
2025.10.28	01:01:06.370	0.92594	0.92648			6
2025.10.28	01:01:07.076	0.92595				2
2025.10.28	01:01:07.387		0.92647			4
2025.10.28	01:01:08.574	0.92594				2
2025.10.28	01:01:09.546		0.92644			4
2025.10.28	01:01:09.896	0.92596	0.92649			6
2025.10.28	01:01:11.803	0.92595				2
2025.10.28	01:01:12.438	0.92596				2
2025.10.28	01:01:14.900		0.92646			4
2025.10.28	01:01:19.006	0.92595				2
2025.10.28	01:01:22.235		0.92648			4
2025.10.28	01:01:23.396	0.92597	0.92651			6
2025.10.28	01:01:24.116	0.92596	0.92646			6
2025.10.28	01:01:27.703	0.92597				2
2025.10.28	01:01:28.346	0.92596				2
2025.10.28	01:01:29.154	0.92597				2
2025.10.28	01:01:29.708	0.92595	0.92647			6
2025.10.28	01:01:30.010		0.92644			4
2025.10.28	01:01:30.352	0.92594				2
2025.10.28	01:01:31.561		0.92646			4
2025.10.28	01:01:31.878	0.92593	0.92644			6
2025.10.28	01:01:32.821		0.92646			4
2025.10.28	01:01:33.410		0.92644			4
2025.10.28	01:01:35.277	0.92589	0.92623			6
2025.10.28	01:01:36.747	0.92591	0.92640			6
2025.10.28	01:01:40.910	0.92592	0.92646			6
2025.10.28	01:01:41.212	0.92591	0.92645			6
2025.10.28	01:01:41.519	0.92592	0.92642			6
2025.10.28	01:01:41.822		0.92645			4
2025.10.28	01:01:42.156	0.92593	0.92646			6
2025.10.28	01:01:43.600	0.92594				2
2025.10.28	01:01:43.969	0.92595				2
2025.10.28	01:01:44.678		0.92648			4
2025.10.28	01:01:45.513	0.92596				2
2025.10.28	01:01:49.630		0.92646			4
2025.10.28	01:01:50.282		0.92648			4
2025.10.28	01:01:50.704	0.92595	0.92646			6
2025.10.28	01:01:51.017		0.92647			4
2025.10.28	01:01:51.353	0.92596				2
2025.10.28	01:01:51.764		0.92648			4
2025.10.28	01:01:52.112	0.92595	0.92647			6
2025.10.28	01:01:53.070	0.92596				2
2025.10.28	01:01:54.164		0.92648			4
2025.10.28	01:01:54.477		0.92647			4
2025.10.28	01:01:54.802		0.92646			4
2025.10.28	01:01:55.143		0.92647			4
2025.10.28	01:01:55.910		0.92648			4
2025.10.28	01:01:56.494		0.92647			4
2025.10.28	01:01:58.461		0.92646			4
2025.10.28	01:01:59.614		0.92647			4
2025.10.28	01:01:59.919		0.92648			4
2025.10.28	01:02:00.353	0.92596				2
2025.10.28	01:02:00.657		0.92647			4
2025.10.28	01:02:01.417	0.92597				2
2025.10.28	01:02:02.374		0.92648			4
2025.10.28	01:02:02.684	0.92594	0.92637			6
2025.10.28	01:02:03.000	0.92595	0.92630			6
2025.10.28	01:02:03.348		0.92631			4
2025.10.28	01:02:04.333		0.92630			4
2025.10.28	01:02:04.644		0.92631			4
2025.10.28	01:02:05.179		0.92630			4
2025.10.28	01:02:06.253		0.92631			4
2025.10.28	01:02:07.696		0.92632			4
2025.10.28	01:02:08.079		0.92631			4
2025.10.28	01:02:09.692		0.92629			4
2025.10.28	01:02:10.353	0.92597	0.92646			6
2025.10.28	01:02:11.771	0.92598				2
2025.10.28	01:02:12.132	0.92599				2
2025.10.28	01:02:13.660	0.92600				2
2025.10.28	01:02:14.039	0.92599				2
2025.10.28	01:02:16.322		0.92645			4
2025.10.28	01:02:16.821	0.92600				2
2025.10.28	01:02:17.633		0.92641			4
2025.10.28	01:02:18.401	0.92599	0.92643			6
2025.10.28	01:02:18.842	0.92600	0.92644			6
2025.10.28	01:02:20.411	0.92596	0.92637			6
2025.10.28	01:02:20.757		0.92641			4
2025.10.28	01:02:21.112	0.92598	0.92639			6
2025.10.28	01:02:21.426	0.92597	0.92640			6
2025.10.28	01:02:21.844	0.92594	0.92636			6
2025.10.28	01:02:22.196		0.92642			4
2025.10.28	01:02:27.217		0.92640			4
2025.10.28	01:02:28.493		0.92638			4
2025.10.28	01:02:32.200		0.92641			4
2025.10.28	01:02:32.541		0.92638			4
2025.10.28	01:02:36.525	0.92593				2
2025.10.28	01:02:37.673	0.92594	0.92641			6
2025.10.28	01:02:40.099		0.92639			4
2025.10.28	01:02:42.997		0.92640			4
2025.10.28	01:02:44.200	0.92595				2
2025.10.28	01:02:46.465		0.92639			4
2025.10.28	01:02:47.294	0.92594	0.92640			6
2025.10.28	01:02:48.385	0.92595	0.92641			6
2025.10.28	01:02:48.692		0.92639			4
2025.10.28	01:02:52.075	0.92594				2
2025.10.28	01:02:53.337	0.92593	0.92636			6
2025.10.28	01:02:54.215	0.92594				2
2025.10.28	01:02:54.769	0.92593				2
2025.10.28	01:02:56.232	0.92592				2
2025.10.28	01:02:56.768		0.92633			4
2025.10.28	01:02:59.075	0.92591	0.92631			6
2025.10.28	01:03:00.163	0.92591				2
2025.10.28	01:03:00.478		0.92632			4
2025.10.28	01:03:01.744		0.92631			4
2025.10.28	01:03:03.750	0.92592	0.92634			6
2025.10.28	01:03:07.168	0.92591				2
2025.10.28	01:03:09.210	0.92598	0.92633			6
2025.10.28	01:03:10.534	0.92590	0.92630			6
2025.10.28	01:03:11.167	0.92588	0.92632			6
2025.10.28	01:03:12.700		0.92633			4
2025.10.28	01:03:14.830	0.92589	0.92632			6
2025.10.28	01:03:15.208	0.92590	0.92633			6
2025.10.28	01:03:15.519		0.92634			4
2025.10.28	01:03:15.939	0.92591				2
2025.10.28	01:03:16.411		0.92635			4
2025.10.28	01:03:17.941		0.92637			4
2025.10.28	01:03:19.899		0.92636			4
2025.10.28	01:03:21.778		0.92638			4
2025.10.28	01:03:24.098	0.92593	0.92637			6
2025.10.28	01:03:25.286		0.92639			4
2025.10.28	01:03:26.603	0.92589	0.92637			6
2025.10.28	01:03:29.808	0.92588	0.92636			6
2025.10.28	01:03:31.300	0.92589				2
2025.10.28	01:03:32.879		0.92638			4
2025.10.28	01:03:33.248		0.92636			4
2025.10.28	01:03:42.005	0.92591				2
2025.10.28	01:03:43.115	0.92594				2
2025.10.28	01:03:51.004	0.92595				2
2025.10.28	01:03:52.231	0.92601	0.92635			6
2025.10.28	01:03:54.714	0.92597				2
2025.10.28	01:04:00.360	0.92597				2
2025.10.28	01:04:02.813	0.92590	0.92636			6
2025.10.28	01:04:03.854	0.92597	0.92635			6
2025.10.28	01:04:22.363	0.92593				2
2025.10.28	01:04:42.392	0.92590	0.92636			6
2025.10.28	01:05:00.338	0.92594				2
2025.10.28	01:05:03.273	0.92595	0.92638			6
2025.10.28	01:05:04.524	0.92596				2
2025.10.28	01:05:11.361	0.92595				2
2025.10.28	01:05:13.177		0.92639			4
2025.10.28	01:05:22.364		0.92638			4
2025.10.28	01:05:27.687	0.92596				2
2025.10.28	01:05:35.448	0.92597	0.92637			6
2025.10.28	01:05:51.398		0.92638			4
2025.10.28	01:05:56.798		0.92637			4
2025.10.28	01:06:00.414	0.92595				2
2025.10.28	01:06:01.329	0.92597	0.92638			6
2025.10.28	01:06:02.200	0.92598	0.92637			6
2025.10.28	01:06:02.529	0.92597				2
2025.10.28	01:06:02.851		0.92639			4
2025.10.28	01:06:04.168		0.92638			4
2025.10.28	01:06:07.039	0.92598	0.92637			6
2025.10.28	01:06:10.299	0.92599	0.92638			6
2025.10.28	01:06:10.636	0.92600	0.92637			6
2025.10.28	01:06:11.383		0.92638			4
2025.10.28	01:06:22.017	0.92597	0.92640			6
2025.10.28	01:06:22.348		0.92639			4
2025.10.28	01:06:24.999	0.92598				2
2025.10.28	01:06:27.084		0.92634			4
2025.10.28	01:06:29.154		0.92639			4
2025.10.28	01:06:31.558	0.92597				2
2025.10.28	01:06:37.155	0.92598				2
2025.10.28	01:06:38.498	0.92597				2
2025.10.28	01:06:45.180	0.92602				2
2025.10.28	01:07:01.565	0.92602				2
2025.10.28	01:07:07.366		0.92638			4
2025.10.28	01:07:11.478	0.92603	0.92641			6
2025.10.28	01:07:13.171	0.92602				2
2025.10.28	01:07:22.353		0.92642			4
2025.10.28	01:07:24.160	0.92601				2
2025.10.28	01:07:28.798	0.92600	0.92639			6
2025.10.28	01:07:31.525	0.92601				2
2025.10.28	01:07:41.559	0.92600				2
2025.10.28	01:07:44.321	0.92598				2
2025.10.28	01:07:49.029	0.92597	0.92636			6
2025.10.28	01:07:57.172	0.92596				2
2025.10.28	01:08:00.353	0.92596	0.92634			6
2025.10.28	01:08:03.032	0.92597				2
2025.10.28	01:08:05.958	0.92598				2
2025.10.28	01:08:10.000	0.92597				2
2025.10.28	01:08:19.561		0.92637			4
2025.10.28	01:08:20.430		0.92634			4
2025.10.28	01:08:23.504	0.92596				2
2025.10.28	01:08:24.183	0.92595				2
2025.10.28	01:08:25.598	0.92596				2
2025.10.28	01:08:29.853	0.92595	0.92629			6
2025.10.28	01:08:30.392	0.92591				2
2025.10.28	01:08:30.759	0.92592				2
2025.10.28	01:08:31.629	0.92591				2
2025.10.28	01:08:31.930	0.92590				2
2025.10.28	01:08:36.388	0.92591	0.92625			6
2025.10.28	01:08:38.606	0.92588	0.92624			6
2025.10.28	01:08:42.132	0.92587	0.92625			6
2025.10.28	01:08:45.295	0.92590	0.92629			6
2025.10.28	01:08:51.294	0.92591	0.92625			6
2025.10.28	01:08:53.076	0.92590	0.92620			6
2025.10.28	01:08:53.379	0.92589				2
2025.10.28	01:08:55.601		0.92621			4
2025.10.28	01:08:57.385		0.92620			4
2025.10.28	01:08:57.699	0.92591				2
2025.10.28	01:08:58.145		0.92623			4
2025.10.28	01:09:00.392	0.92591	0.92624			6
2025.10.28	01:09:01.552		0.92622			4
2025.10.28	01:09:04.693		0.92624			4
2025.10.28	01:09:05.798		0.92620			4
2025.10.28	01:09:06.882		0.92623			4
2025.10.28	01:09:07.392	0.92590				2
2025.10.28	01:09:09.499	0.92588	0.92620			6
2025.10.28	01:09:15.392		0.92625			4
2025.10.28	01:09:15.694		0.92621			4
2025.10.28	01:09:17.478	0.92586				2
2025.10.28	01:09:28.599		0.92620			4
2025.10.28	01:09:38.948	0.92589				2
2025.10.28	01:09:40.898		0.92621			4
2025.10.28	01:09:42.845		0.92622			4
2025.10.28	01:09:45.122	0.92587				2
2025.10.28	01:09:45.809	0.92588	0.92624			6
2025.10.28	01:09:46.237	0.92587	0.92622			6
2025.10.28	01:09:47.419	0.92588	0.92624			6
2025.10.28	01:09:49.899	0.92587				2
2025.10.28	01:09:56.357	0.92588	0.92629			6
2025.10.28	01:09:56.697		0.92626			4
2025.10.28	01:09:57.084		0.92629			4
2025.10.28	01:09:58.117	0.92589	0.92628			6
2025.10.28	01:09:58.468		0.92627			4
2025.10.28	01:10:00.140	0.92588	0.92628			6
2025.10.28	01:10:01.425	0.92587	0.92619			6
2025.10.28	01:10:04.298	0.92588				2
2025.10.28	01:10:07.792		0.92623			4
2025.10.28	01:10:11.204	0.92587	0.92620			6
2025.10.28	01:10:11.574		0.92621			4
2025.10.28	01:10:12.218	0.92596	0.92629			6
2025.10.28	01:10:12.795	0.92600				2
2025.10.28	01:10:13.915	0.92590	0.92621			6
2025.10.28	01:10:14.231		0.92619			4
2025.10.28	01:10:15.180	0.92591				2
2025.10.28	01:10:16.604		0.92620			4
2025.10.28	01:10:17.914		0.92617			4
2025.10.28	01:10:19.900		0.92621			4
2025.10.28	01:10:20.303		0.92617			4
2025.10.28	01:10:20.915		0.92618			4
2025.10.28	01:10:22.602		0.92619			4
2025.10.28	01:10:26.018		0.92623			4
2025.10.28	01:10:27.900	0.92590				2
2025.10.28	01:10:31.245	0.92591	0.92624			6
2025.10.28	01:10:32.775		0.92623			4
2025.10.28	01:10:42.698		0.92622			4
2025.10.28	01:10:44.305		0.92626			4
2025.10.28	01:10:45.590	0.92590	0.92627			6
2025.10.28	01:10:46.600	0.92591				2
2025.10.28	01:10:47.846		0.92626			4
2025.10.28	01:11:00.355	0.92591				2
2025.10.28	01:11:09.699	0.92592				2
2025.10.28	01:11:19.603	0.92591				2
2025.10.28	01:11:20.974		0.92627			4
2025.10.28	01:11:27.577	0.92592				2
2025.10.28	01:11:30.399	0.92591	0.92626			6
2025.10.28	01:11:37.807		0.92625			4
2025.10.28	01:11:40.160		0.92626			4
2025.10.28	01:11:42.379		0.92625			4
2025.10.28	01:11:57.699		0.92626			4
2025.10.28	01:12:00.535	0.92591				2
2025.10.28	01:12:05.742	0.92592	0.92625			6
2025.10.28	01:12:08.200		0.92624			4
2025.10.28	01:12:08.667		0.92626			4
2025.10.28	01:12:11.057		0.92622			4
2025.10.28	01:12:11.360	0.92593	0.92628			6
2025.10.28	01:12:13.011	0.92592	0.92625			6
2025.10.28	01:12:17.471		0.92619			4
2025.10.28	01:12:17.931	0.92589	0.92620			6
2025.10.28	01:12:18.346	0.92590	0.92629			6
2025.10.28	01:12:19.052	0.92592				2
2025.10.28	01:12:20.997	0.92588	0.92622			6
2025.10.28	01:12:23.218		0.92618			4
2025.10.28	01:12:25.299		0.92619			4
2025.10.28	01:12:26.587	0.92585				2
2025.10.28	01:12:28.416		0.92618			4
2025.10.28	01:12:29.603	0.92587				2
2025.10.28	01:12:30.412		0.92615			4
2025.10.28	01:12:30.917		0.92616			4
2025.10.28	01:12:31.304		0.92615			4
2025.10.28	01:12:31.705		0.92616			4
2025.10.28	01:12:32.477		0.92618			4
2025.10.28	01:12:33.243		0.92614			4
2025.10.28	01:12:33.601		0.92616			4
2025.10.28	01:12:34.023		0.92615			4
2025.10.28	01:12:34.460		0.92616			4
2025.10.28	01:12:34.860		0.92615			4
2025.10.28	01:12:35.531		0.92616			4
2025.10.28	01:12:36.476		0.92615			4
2025.10.28	01:12:36.906		0.92616			4
2025.10.28	01:12:37.678		0.92614			4
2025.10.28	01:12:38.032		0.92618			4
2025.10.28	01:12:38.754		0.92614			4
2025.10.28	01:12:39.060		0.92615			4
2025.10.28	01:12:39.457		0.92614			4
2025.10.28	01:12:39.790		0.92616			4
2025.10.28	01:12:40.195	0.92588				2
2025.10.28	01:12:40.535		0.92617			4
2025.10.28	01:12:41.140		0.92614			4
2025.10.28	01:12:41.495	0.92587	0.92616			6
2025.10.28	01:12:41.814		0.92618			4
2025.10.28	01:12:42.187		0.92620			4
2025.10.28	01:12:42.578		0.92619			4
2025.10.28	01:12:42.984		0.92620			4
2025.10.28	01:12:43.418		0.92617			4
2025.10.28	01:12:43.756		0.92618			4
2025.10.28	01:12:44.095		0.92619			4
2025.10.28	01:12:44.933		0.92617			4
2025.10.28	01:12:45.770		0.92618			4
2025.10.28	01:12:46.079		0.92617			4
2025.10.28	01:12:46.554		0.92616			4
2025.10.28	01:12:52.064	0.92586	0.92617			6
2025.10.28	01:12:52.444		0.92618			4
2025.10.28	01:12:55.260		0.92619			4
2025.10.28	01:12:56.809		0.92618			4
2025.10.28	01:13:00.393	0.92585				2
2025.10.28	01:13:09.999		0.92617			4
2025.10.28	01:13:10.381		0.92619			4
2025.10.28	01:13:14.293		0.92617			4
2025.10.28	01:13:14.691		0.92618			4
2025.10.28	01:13:15.095		0.92617			4
2025.10.28	01:13:15.494		0.92619			4
2025.10.28	01:13:15.798		0.92618			4
2025.10.28	01:13:16.107		0.92616			4
2025.10.28	01:13:17.138		0.92617			4
2025.10.28	01:13:18.370	0.92588	0.92618			6
2025.10.28	01:13:18.803		0.92619			4
2025.10.28	01:13:19.189	0.92589				2
2025.10.28	01:13:20.499		0.92620			4
2025.10.28	01:13:23.799		0.92619			4
2025.10.28	01:13:25.480	0.92587	0.92618			6
2025.10.28	01:13:25.826	0.92585	0.92619			6
2025.10.28	01:13:26.199	0.92584				2
2025.10.28	01:13:26.636	0.92589				2
2025.10.28	01:13:27.962	0.92586	0.92618			6
2025.10.28	01:13:28.278	0.92587				2
2025.10.28	01:13:28.830	0.92588				2
2025.10.28	01:13:29.967	0.92584	0.92613			6
2025.10.28	01:13:30.318	0.92585	0.92614			6
2025.10.28	01:13:30.641	0.92584				2
2025.10.28	01:13:30.960	0.92585				2
2025.10.28	01:13:31.287	0.92589				2
2025.10.28	01:13:32.080	0.92584	0.92613			6
2025.10.28	01:13:32.831		0.92614			4
2025.10.28	01:13:33.548		0.92618			4
2025.10.28	01:13:39.568	0.92589	0.92613			6
2025.10.28	01:13:39.879	0.92594	0.92626			6
2025.10.28	01:14:00.075	0.92594				2
2025.10.28	01:14:06.036	0.92593				2
2025.10.28	01:14:08.292	0.92594				2
2025.10.28	01:14:09.397	0.92593				2
2025.10.28	01:14:14.145	0.92594				2
2025.10.28	01:14:15.247	0.92593				2
2025.10.28	01:14:15.583	0.92594				2
2025.10.28	01:14:16.288	0.92593				2
2025.10.28	01:14:22.057	0.92594				2
2025.10.28	01:14:23.679	0.92593				2
2025.10.28	01:14:27.101	0.92594				2
2025.10.28	01:14:28.557	0.92593				2
2025.10.28	01:14:40.210		0.92626			4
2025.10.28	01:14:41.254	0.92594				2
2025.10.28	01:14:41.566	0.92593				2
2025.10.28	01:14:41.918	0.92594				2
2025.10.28	01:14:42.625	0.92593				2
2025.10.28	01:14:44.004	0.92594				2
2025.10.28	01:14:45.039	0.92593				2
2025.10.28	01:14:45.731	0.92594				2
2025.10.28	01:14:46.041	0.92593				2
2025.10.28	01:14:46.697	0.92594				2
2025.10.28	01:14:52.577	0.92593				2
2025.10.28	01:14:56.901	0.92596				2
2025.10.28	01:15:00.142	0.92596				2
2025.10.28	01:15:07.652	0.92591				2
2025.10.28	01:15:08.498	0.92590				2
2025.10.28	01:15:08.818	0.92591				2
2025.10.28	01:15:09.838	0.92590				2
2025.10.28	01:15:11.166	0.92592				2
2025.10.28	01:15:11.790	0.92590				2
2025.10.28	01:15:12.141	0.92592				2
2025.10.28	01:15:12.842	0.92590				2
2025.10.28	01:15:13.176	0.92594				2
2025.10.28	01:15:13.741	0.92593				2
2025.10.28	01:15:14.071	0.92591				2
2025.10.28	01:15:14.397	0.92592				2
2025.10.28	01:15:15.557	0.92591				2
2025.10.28	01:15:15.877	0.92592				2
2025.10.28	01:15:16.186	0.92591				2
2025.10.28	01:15:16.585	0.92592				2
2025.10.28	01:15:17.236	0.92591				2
2025.10.28	01:15:17.898	0.92593				2
2025.10.28	01:15:18.931	0.92594				2
2025.10.28	01:15:19.963	0.92592				2
2025.10.28	01:15:20.986	0.92591				2
2025.10.28	01:15:23.664	0.92592				2
2025.10.28	01:15:24.100	0.92591				2
2025.10.28	01:15:26.769	0.92592				2
2025.10.28	01:15:28.242	0.92591				2
2025.10.28	01:15:28.898	0.92592				2
2025.10.28	01:15:29.282	0.92591				2
2025.10.28	01:15:29.910	0.92592				2
2025.10.28	01:15:34.420	0.92593				2
2025.10.28	01:15:34.738	0.92592				2
2025.10.28	01:15:36.564	0.92593				2
2025.10.28	01:15:37.204	0.92594				2
2025.10.28	01:15:37.513	0.92593				2
2025.10.28	01:15:38.125	0.92595				2
2025.10.28	01:15:39.205	0.92594				2
2025.10.28	01:15:40.606		0.92626			4
2025.10.28	01:15:40.949	0.92593				2
2025.10.28	01:15:41.383	0.92594				2
2025.10.28	01:15:41.778	0.92593				2
2025.10.28	01:15:42.483	0.92594				2
2025.10.28	01:15:42.806	0.92595				2
2025.10.28	01:15:43.217	0.92594				2
2025.10.28	01:15:43.551	0.92593				2
2025.10.28	01:15:44.834	0.92594				2
2025.10.28	01:15:45.164	0.92593				2
2025.10.28	01:15:46.825	0.92594				2
2025.10.28	01:15:47.548	0.92593				2
2025.10.28	01:15:47.862	0.92594				2
2025.10.28	01:15:48.188	0.92593				2
2025.10.28	01:15:49.562	0.92594				2
2025.10.28	01:15:50.217	0.92593				2
2025.10.28	01:15:51.013	0.92594				2
2025.10.28	01:15:51.374	0.92593				2
2025.10.28	01:15:52.002	0.92594				2
2025.10.28	01:15:52.318	0.92593				2
2025.10.28	01:15:53.049	0.92594				2
2025.10.28	01:15:54.818	0.92593				2
2025.10.28	01:15:55.203	0.92594				2
2025.10.28	01:15:55.833	0.92593				2
2025.10.28	01:15:56.189	0.92598				2
2025.10.28	01:15:56.497	0.92597				2
2025.10.28	01:15:57.159	0.92598				2
2025.10.28	01:15:57.861	0.92597				2
2025.10.28	01:16:00.308	0.92598				2
2025.10.28	01:16:00.645	0.92597				2
2025.10.28	01:16:03.207	0.92596				2
2025.10.28	01:16:03.544	0.92598				2
2025.10.28	01:16:03.999	0.92597				2
2025.10.28	01:16:04.450	0.92596				2
2025.10.28	01:16:04.840	0.92597				2
2025.10.28	01:16:05.886	0.92598				2
2025.10.28	01:16:06.267	0.92597				2
2025.10.28	01:16:06.918	0.92598				2
2025.10.28	01:16:07.305	0.92597				2
2025.10.28	01:16:08.269	0.92598				2
2025.10.28	01:16:09.117	0.92597				2
2025.10.28	01:16:10.046	0.92598				2
2025.10.28	01:16:18.694	0.92597				2
2025.10.28	01:16:19.795	0.92607				2
2025.10.28	01:16:20.609	0.92602				2
2025.10.28	01:16:30.793	0.92597				2
2025.10.28	01:16:32.807	0.92598				2
2025.10.28	01:16:33.661	0.92597				2
2025.10.28	01:16:37.937	0.92602	0.92629			6
2025.10.28	01:16:38.956	0.92601				2
2025.10.28	01:16:40.207	0.92600				2
2025.10.28	01:16:40.812	0.92602				2
2025.10.28	01:16:41.160	0.92598	0.92628			6
2025.10.28	01:16:41.498	0.92599	0.92626			6
2025.10.28	01:16:41.860	0.92600	0.92625			6
2025.10.28	01:16:42.208		0.92626			4
2025.10.28	01:16:43.041	0.92602	0.92625			6
2025.10.28	01:16:43.370	0.92599	0.92626			6
2025.10.28	01:16:43.684	0.92600	0.92624			6
2025.10.28	01:16:43.992	0.92601				2
2025.10.28	01:16:44.309	0.92600	0.92627			6
2025.10.28	01:16:44.903		0.92626			4
2025.10.28	01:16:45.204	0.92601	0.92625			6
2025.10.28	01:16:45.522	0.92600				2
2025.10.28	01:16:46.070	0.92599				2
2025.10.28	01:16:46.404	0.92600	0.92626			6
2025.10.28	01:16:47.208		0.92625			4
2025.10.28	01:16:47.566		0.92626			4
2025.10.28	01:16:48.233	0.92601	0.92625			6
2025.10.28	01:16:48.590	0.92600	0.92627			6
2025.10.28	01:16:49.036		0.92628			4
2025.10.28	01:16:49.358	0.92601	0.92626			6
2025.10.28	01:16:50.048	0.92600				2
2025.10.28	01:16:51.304	0.92601				2
2025.10.28	01:16:51.707	0.92600	0.92627			6
2025.10.28	01:16:52.475	0.92601	0.92626			6
2025.10.28	01:16:52.901	0.92600	0.92627			6
2025.10.28	01:16:53.203		0.92626			4
2025.10.28	01:16:53.511	0.92601				2
2025.10.28	01:16:53.942	0.92600	0.92627			6
2025.10.28	01:16:54.336	0.92602	0.92628			6
2025.10.28	01:16:55.485	0.92601	0.92629			6
2025.10.28	01:16:55.797		0.92628			4
2025.10.28	01:16:56.286		0.92629			4
2025.10.28	01:16:56.608		0.92628			4
2025.10.28	01:16:57.560		0.92629			4
2025.10.28	01:17:00.533	0.92602	0.92628			6
2025.10.28	01:17:05.831	0.92601	0.92629			6
2025.10.28	01:17:06.761	0.92603	0.92627			6
2025.10.28	01:17:07.066	0.92602	0.92628			6
2025.10.28	01:17:07.387	0.92600	0.92629			6
2025.10.28	01:17:08.116	0.92602	0.92628			6
2025.10.28	01:17:08.444	0.92601	0.92629			6
2025.10.28	01:17:09.196	0.92602	0.92628			6
2025.10.28	01:17:09.558	0.92601	0.92629			6
2025.10.28	01:17:10.235	0.92602	0.92628			6
2025.10.28	01:17:10.558	0.92601	0.92629			6
2025.10.28	01:17:11.395		0.92628			4
2025.10.28	01:17:11.725	0.92602				2
2025.10.28	01:17:15.772	0.92601				2
2025.10.28	01:17:16.079		0.92629			4
2025.10.28	01:17:16.807		0.92628			4
2025.10.28	01:17:17.117		0.92629			4
2025.10.28	01:17:17.844	0.92602	0.92628			6
2025.10.28	01:17:18.884	0.92601	0.92629			6
2025.10.28	01:17:19.795	0.92602	0.92628			6
2025.10.28	01:17:23.414	0.92601				2
2025.10.28	01:17:23.956	0.92602	0.92627			6
2025.10.28	01:17:25.326	0.92601	0.92628			6
2025.10.28	01:17:26.028	0.92603	0.92626			6
2025.10.28	01:17:28.334		0.92628			4
2025.10.28	01:17:32.296		0.92629			4
2025.10.28	01:17:52.181	0.92604				2
2025.10.28	01:17:54.348	0.92603				2
2025.10.28	01:17:56.286	0.92605				2
2025.10.28	01:18:00.028	0.92605				2
2025.10.28	01:18:00.374	0.92606				2
2025.10.28	01:18:00.682	0.92600				2
2025.10.28	01:18:00.998	0.92603				2
2025.10.28	01:18:01.300	0.92604				2
2025.10.28	01:18:01.616	0.92602				2
2025.10.28	01:18:01.918	0.92603				2
2025.10.28	01:18:02.978	0.92602				2
2025.10.28	01:18:03.605	0.92603				2
2025.10.28	01:18:04.323	0.92602				2
2025.10.28	01:18:05.318	0.92604				2
2025.10.28	01:18:05.633	0.92605				2
2025.10.28	01:18:05.938	0.92604				2
2025.10.28	01:18:06.575	0.92606				2
2025.10.28	01:18:06.878	0.92603				2
2025.10.28	01:18:07.202	0.92604				2
2025.10.28	01:18:07.685	0.92607				2
2025.10.28	01:18:08.000	0.92604				2
2025.10.28	01:18:12.072	0.92605				2
2025.10.28	01:18:12.385	0.92604				2
2025.10.28	01:18:13.166	0.92603				2
2025.10.28	01:18:13.497	0.92604				2
2025.10.28	01:18:15.440	0.92605				2
2025.10.28	01:18:15.800		0.92630			4
2025.10.28	01:18:16.129	0.92606	0.92629			6
2025.10.28	01:18:16.439		0.92628			4
2025.10.28	01:18:16.898	0.92604	0.92629			6
2025.10.28	01:18:17.529	0.92605				2
2025.10.28	01:18:17.839	0.92604				2
2025.10.28	01:18:18.193	0.92605				2
2025.10.28	01:18:18.498	0.92604				2
2025.10.28	01:18:19.499	0.92603				2
2025.10.28	01:18:20.175	0.92604				2
2025.10.28	01:18:20.523	0.92603				2
2025.10.28	01:18:21.168	0.92605				2
2025.10.28	01:18:21.526	0.92603				2
2025.10.28	01:18:22.234	0.92605	0.92628			6
2025.10.28	01:18:22.562	0.92603	0.92629			6
2025.10.28	01:18:24.351	0.92604				2
2025.10.28	01:18:24.681	0.92603				2
2025.10.28	01:18:27.452	0.92604				2
2025.10.28	01:18:27.757	0.92602				2
2025.10.28	01:18:28.648	0.92603				2
2025.10.28	01:18:31.759	0.92604				2
2025.10.28	01:18:32.826	0.92603				2
2025.10.28	01:18:33.829	0.92604				2
2025.10.28	01:18:34.418	0.92603				2
2025.10.28	01:18:37.951	0.92604				2
2025.10.28	01:18:40.048	0.92605				2
2025.10.28	01:18:42.599	0.92606				2
2025.10.28	01:18:42.991	0.92608				2
2025.10.28	01:18:43.305	0.92606				2
2025.10.28	01:18:44.012	0.92608				2
2025.10.28	01:18:44.343	0.92607				2
2025.10.28	01:18:44.738	0.92606				2
2025.10.28	01:18:45.079	0.92608				2
2025.10.28	01:18:45.399	0.92607				2
2025.10.28	01:18:45.743	0.92606				2
2025.10.28	01:18:46.826	0.92607				2
2025.10.28	01:18:48.181	0.92606				2
2025.10.28	01:18:49.284	0.92607				2
2025.10.28	01:18:51.060	0.92606				2
2025.10.28	01:18:51.469	0.92607				2
2025.10.28	01:18:53.448	0.92606				2
2025.10.28	01:18:53.757	0.92607				2
2025.10.28	01:18:54.059	0.92605				2
2025.10.28	01:18:54.419	0.92606				2
2025.10.28	01:18:56.336	0.92607				2
2025.10.28	01:18:56.669	0.92606				2
2025.10.28	01:18:57.352	0.92607	0.92624			6
2025.10.28	01:18:57.699		0.92626			4
2025.10.28	01:18:58.464	0.92606				2
2025.10.28	01:18:59.343	0.92607	0.92625			6
2025.10.28	01:19:00.402	0.92606	0.92623			6
2025.10.28	01:19:00.912		0.92629			4
2025.10.28	01:19:02.063	0.92607				2
2025.10.28	01:19:02.489	0.92604	0.92620			6
2025.10.28	01:19:03.446	0.92605				2
2025.10.28	01:19:09.442		0.92619			4
2025.10.28	01:19:11.215		0.92620			4
2025.10.28	01:19:11.546		0.92619			4
2025.10.28	01:19:12.325		0.92620			4
2025.10.28	01:19:13.360		0.92621			4
2025.10.28	01:19:14.303	0.92604	0.92620			6
2025.10.28	01:19:15.303	0.92605				2
2025.10.28	01:19:16.338	0.92604				2
2025.10.28	01:19:17.470	0.92605				2
2025.10.28	01:19:18.304	0.92604				2
2025.10.28	01:19:22.305	0.92605				2
2025.10.28	01:19:27.408	0.92606				2
2025.10.28	01:19:28.479	0.92605	0.92621			6
2025.10.28	01:19:31.501	0.92604				2
2025.10.28	01:19:38.597	0.92605	0.92620			6
2025.10.28	01:19:42.106	0.92604	0.92621			6
2025.10.28	01:19:53.172	0.92605				2
2025.10.28	01:19:53.504	0.92604				2
2025.10.28	01:19:54.295		0.92622			4
2025.10.28	01:20:00.402	0.92605	0.92620			6
2025.10.28	01:20:00.730	0.92604	0.92621			6
2025.10.28	01:20:01.632		0.92622			4
2025.10.28	01:20:06.784		0.92621			4
2025.10.28	01:20:08.007		0.92622			4
2025.10.28	01:20:09.825		0.92621			4
2025.10.28	01:20:11.988	0.92603	0.92622			6
2025.10.28	01:20:13.757	0.92606	0.92620			6
2025.10.28	01:20:14.060	0.92605	0.92619			6
2025.10.28	01:20:14.996	0.92604	0.92621			6
2025.10.28	01:20:15.679	0.92605	0.92620			6
2025.10.28	01:20:16.543		0.92621			4
2025.10.28	01:20:19.597	0.92606	0.92620			6
2025.10.28	01:20:20.853	0.92605	0.92621			6
2025.10.28	01:20:23.950	0.92606	0.92620			6
2025.10.28	01:20:25.535		0.92621			4
2025.10.28	01:20:26.005	0.92605	0.92622			6
2025.10.28	01:20:27.630	0.92611	0.92627			6
2025.10.28	01:20:27.971		0.92628			4
2025.10.28	01:20:28.299	0.92612	0.92627			6
2025.10.28	01:20:30.048	0.92611	0.92625			6
2025.10.28	01:20:34.440	0.92612				2
2025.10.28	01:20:38.344		0.92624			4
2025.10.28	01:20:38.714		0.92625			4
2025.10.28	01:20:44.799	0.92610	0.92623			6
2025.10.28	01:20:46.806		0.92624			4
2025.10.28	01:20:47.158	0.92611				2
2025.10.28	01:20:48.166	0.92612	0.92627			6
2025.10.28	01:20:49.029	0.92611	0.92624			6
2025.10.28	01:20:50.374		0.92623			4
2025.10.28	01:20:50.818	0.92612	0.92625			6
2025.10.28	01:20:51.204		0.92627			4
2025.10.28	01:20:52.303		0.92625			4
2025.10.28	01:20:53.731		0.92626			4
2025.10.28	01:20:54.116		0.92625			4
2025.10.28	01:20:54.506		0.92624			4
2025.10.28	01:20:54.863		0.92626			4
2025.10.28	01:20:55.804	0.92611	0.92625			6
2025.10.28	01:20:56.830	0.92612				2
2025.10.28	01:20:57.553		0.92624			4
2025.10.28	01:20:57.871		0.92625			4
2025.10.28	01:20:59.625	0.92611				2
2025.10.28	01:21:00.537	0.92612	0.92624			6
2025.10.28	01:21:02.146		0.92625			4
2025.10.28	01:21:02.554		0.92624			4
2025.10.28	01:21:02.924		0.92625			4
2025.10.28	01:21:07.193	0.92613				2
2025.10.28	01:21:08.357	0.92612	0.92627			6
2025.10.28	01:21:10.433		0.92626			4
2025.10.28	01:21:10.809		0.92625			4
2025.10.28	01:21:11.920		0.92626			4
2025.10.28	01:21:13.804	0.92611	0.92623			6
2025.10.28	01:21:14.932		0.92624			4
2025.10.28	01:21:15.990	0.92612	0.92625			6
2025.10.28	01:21:18.882	0.92611	0.92624			6
2025.10.28	01:21:19.366	0.92612	0.92623			6
2025.10.28	01:21:21.998	0.92611				2
2025.10.28	01:21:30.411		0.92624			4
2025.10.28	01:21:30.912	0.92612				2
2025.10.28	01:21:33.679		0.92625			4
2025.10.28	01:21:35.199		0.92624			4
2025.10.28	01:21:36.701		0.92625			4
2025.10.28	01:21:37.548	0.92613	0.92626			6
2025.10.28	01:21:38.981	0.92612				2
2025.10.28	01:21:40.533	0.92613				2
2025.10.28	01:21:41.078	0.92612				2
2025.10.28	01:21:44.217	0.92613				2
2025.10.28	01:21:45.398	0.92612				2
2025.10.28	01:21:51.474	0.92613				2
2025.10.28	01:21:52.298		0.92625			4
2025.10.28	01:21:52.641	0.92612	0.92626			6
2025.10.28	01:21:55.416	0.92613				2
2025.10.28	01:21:55.749	0.92612				2
2025.10.28	01:21:56.469	0.92613				2
2025.10.28	01:21:56.788	0.92612				2
2025.10.28	01:21:58.479		0.92624			4
2025.10.28	01:21:59.762	0.92613	0.92625			6
2025.10.28	01:22:00.137	0.92611	0.92624			6
2025.10.28	01:22:00.797	0.92612	0.92625			6
2025.10.28	01:22:02.487	0.92611				2
2025.10.28	01:22:02.873	0.92612				2
2025.10.28	01:22:03.813		0.92626			4
2025.10.28	01:22:04.936		0.92624			4
2025.10.28	01:22:09.630	0.92611				2
2025.10.28	01:22:09.994	0.92612	0.92623			6
2025.10.28	01:22:10.536	0.92611	0.92625			6
2025.10.28	01:22:11.030	0.92612	0.92624			6
2025.10.28	01:22:11.676	0.92611	0.92625			6
2025.10.28	01:22:12.064	0.92612	0.92624			6
2025.10.28	01:22:17.243		0.92625			4
2025.10.28	01:22:17.646	0.92611				2
2025.10.28	01:22:18.280	0.92612				2
2025.10.28	01:22:18.928	0.92611				2
2025.10.28	01:22:19.315	0.92612				2
2025.10.28	01:22:19.963	0.92611				2
2025.10.28	01:22:20.351	0.92612				2
2025.10.28	01:22:21.003	0.92611				2
2025.10.28	01:22:21.386	0.92612				2
2025.10.28	01:22:22.041	0.92611				2
2025.10.28	01:22:22.422	0.92612				2
2025.10.28	01:22:23.069	0.92611				2
2025.10.28	01:22:23.447	0.92612				2
2025.10.28	01:22:24.107	0.92611				2
2025.10.28	01:22:24.494	0.92612				2
2025.10.28	01:22:25.211	0.92611				2
2025.10.28	01:22:25.532	0.92612				2
2025.10.28	01:22:26.248		0.92624			4
2025.10.28	01:22:32.785		0.92625			4
2025.10.28	01:22:33.495	0.92611				2
2025.10.28	01:22:33.820	0.92612				2
2025.10.28	01:22:34.533	0.92611				2
2025.10.28	01:22:34.854	0.92612				2
2025.10.28	01:22:35.568	0.92611				2
2025.10.28	01:22:35.892	0.92612				2
2025.10.28	01:22:36.606	0.92611				2
2025.10.28	01:22:36.918	0.92613	0.92626			6
2025.10.28	01:22:37.575	0.92612	0.92625			6
2025.10.28	01:22:38.999	0.92613	0.92626			6
2025.10.28	01:22:39.563	0.92612	0.92625			6
2025.10.28	01:22:40.033		0.92626			4
2025.10.28	01:22:40.939	0.92613				2
2025.10.28	01:22:41.269	0.92612				2
2025.10.28	01:22:42.105	0.92613				2
2025.10.28	01:22:43.141		0.92625			4
2025.10.28	01:22:46.109	0.92614				2
2025.10.28	01:22:46.895	0.92613	0.92626			6
2025.10.28	01:22:47.285	0.92614				2
2025.10.28	01:22:47.999	0.92613	0.92627			6
2025.10.28	01:22:48.324	0.92614	0.92626			6
2025.10.28	01:22:50.454		0.92627			4
2025.10.28	01:22:51.403	0.92611	0.92625			6
2025.10.28	01:22:51.719	0.92612	0.92623			6
2025.10.28	01:22:52.024	0.92603	0.92615			6
2025.10.28	01:22:52.327	0.92604	0.92616			6
2025.10.28	01:22:54.016	0.92603				2
2025.10.28	01:22:54.551		0.92617			4
2025.10.28	01:22:54.896	0.92602	0.92616			6
2025.10.28	01:22:55.198		0.92614			4
2025.10.28	01:22:57.034		0.92613			4
2025.10.28	01:22:59.117	0.92601	0.92614			6
2025.10.28	01:22:59.464	0.92602	0.92613			6
2025.10.28	01:23:00.210	0.92601	0.92614			6
2025.10.28	01:23:00.618	0.92602	0.92613			6
2025.10.28	01:23:00.940		0.92615			4
2025.10.28	01:23:01.266	0.92601				2
2025.10.28	01:23:01.659	0.92602	0.92614			6
2025.10.28	01:23:01.977		0.92615			4
2025.10.28	01:23:02.356	0.92601	0.92614			6
2025.10.28	01:23:02.692	0.92602	0.92613			6
2025.10.28	01:23:03.016		0.92614			4
2025.10.28	01:23:03.505		0.92615			4
2025.10.28	01:23:04.348	0.92604	0.92617			6
2025.10.28	01:23:06.774		0.92618			4
2025.10.28	01:23:07.094	0.92606	0.92617			6
2025.10.28	01:23:07.584		0.92619			4
2025.10.28	01:23:10.176		0.92620			4
2025.10.28	01:23:10.675		0.92618			4
2025.10.28	01:23:11.274	0.92607	0.92619			6
2025.10.28	01:23:12.346		0.92618			4
2025.10.28	01:23:13.082	0.92608	0.92621			6
2025.10.28	01:23:14.151	0.92609	0.92622			6
2025.10.28	01:23:16.160		0.92621			4
2025.10.28	01:23:17.193	0.92608	0.92622			6
2025.10.28	01:23:17.515		0.92619			4
2025.10.28	01:23:20.200	0.92607				2
2025.10.28	01:23:21.696	0.92608				2
2025.10.28	01:23:23.542	0.92607				2
2025.10.28	01:23:24.804	0.92608				2
2025.10.28	01:23:25.437	0.92609				2
2025.10.28	01:23:25.751		0.92621			4
2025.10.28	01:23:27.682	0.92610	0.92620			6
2025.10.28	01:23:28.095	0.92609				2
2025.10.28	01:23:28.774	0.92610	0.92621			6
2025.10.28	01:23:29.756	0.92609				2
2025.10.28	01:23:33.382	0.92610				2
2025.10.28	01:23:35.979	0.92609				2
2025.10.28	01:23:38.556	0.92610				2
2025.10.28	01:23:39.084	0.92609				2
2025.10.28	01:23:39.594	0.92610				2
2025.10.28	01:23:40.119	0.92609				2
2025.10.28	01:23:44.769	0.92610				2
2025.10.28	01:23:45.287	0.92609	0.92620			6
2025.10.28	01:23:46.333		0.92621			4
2025.10.28	01:23:46.844	0.92610				2
2025.10.28	01:23:47.274	0.92609				2
2025.10.28	01:23:47.878	0.92610				2
2025.10.28	01:23:48.341	0.92609				2
2025.10.28	01:23:48.918	0.92610				2
2025.10.28	01:23:49.447	0.92609				2
2025.10.28	01:23:49.950	0.92610				2
2025.10.28	01:23:50.481	0.92609				2
2025.10.28	01:23:51.097	0.92610				2
2025.10.28	01:23:52.553	0.92609				2
2025.10.28	01:23:53.059	0.92610				2
2025.10.28	01:23:55.662	0.92609				2
2025.10.28	01:23:58.235	0.92610				2
2025.10.28	01:24:00.838	0.92609				2
2025.10.28	01:24:02.381	0.92610	0.92620			6
2025.10.28	01:24:02.911	0.92609	0.92621			6
2025.10.28	01:24:03.733	0.92610				2
2025.10.28	01:24:04.853	0.92609	0.92620			6
2025.10.28	01:24:18.587		0.92621			4
2025.10.28	01:24:20.200		0.92620			4
2025.10.28	01:24:22.706		0.92621			4
2025.10.28	01:24:24.764		0.92620			4
2025.10.28	01:24:25.898		0.92621			4
2025.10.28	01:24:30.956		0.92620			4
2025.10.28	01:25:00.243	0.92609				2
2025.10.28	01:25:03.551		0.92621			4
2025.10.28	01:25:04.898		0.92620			4
2025.10.28	01:25:07.300		0.92621			4
2025.10.28	01:25:09.056		0.92620			4
2025.10.28	01:25:11.928		0.92621			4
2025.10.28	01:25:13.299		0.92620			4
2025.10.28	01:25:20.712		0.92619			4
2025.10.28	01:25:26.144		0.92620			4
2025.10.28	01:25:26.995		0.92619			4
2025.10.28	01:25:28.898		0.92620			4
2025.10.28	01:25:29.204		0.92619			4
2025.10.28	01:25:30.396	0.92611	0.92621			6
2025.10.28	01:25:49.594	0.92612				2
2025.10.28	01:25:53.402		0.92622			4
2025.10.28	01:25:54.569	0.92611				2
2025.10.28	01:25:55.413	0.92612	0.92621			6
2025.10.28	01:26:00.721	0.92612	0.92620			6
2025.10.28	01:26:01.043	0.92611				2
2025.10.28	01:26:04.151	0.92610				2
2025.10.28	01:26:06.292	0.92609				2
2025.10.28	01:26:07.257	0.92608	0.92616			6
2025.10.28	01:26:13.531	0.92607				2
2025.10.28	01:26:15.673	0.92603				2
2025.10.28	01:26:17.713	0.92604				2
2025.10.28	01:26:18.879	0.92603				2
2025.10.28	01:26:19.787	0.92604				2
2025.10.28	01:26:20.952		0.92617			4
2025.10.28	01:26:22.650	0.92605	0.92616			6
2025.10.28	01:26:24.999	0.92604	0.92617			6
2025.10.28	01:26:33.065	0.92605	0.92616			6
2025.10.28	01:26:33.384	0.92604	0.92617			6
2025.10.28	01:26:34.253	0.92603	0.92614			6
2025.10.28	01:26:37.365	0.92602	0.92615			6
2025.10.28	01:26:39.403	0.92603	0.92614			6
2025.10.28	01:26:39.860	0.92608	0.92616			6
2025.10.28	01:26:42.903	0.92609	0.92617			6
2025.10.28	01:26:50.310	0.92603	0.92614			6
2025.10.28	01:26:54.891		0.92613			4
2025.10.28	01:26:55.577	0.92602				2
2025.10.28	01:27:01.470	0.92603	0.92614			6
2025.10.28	01:27:01.855	0.92602	0.92613			6
2025.10.28	01:27:02.161	0.92601				2
2025.10.28	01:27:03.067	0.92602				2
2025.10.28	01:27:04.709		0.92614			4
2025.10.28	01:27:14.198	0.92603	0.92613			6
2025.10.28	01:27:17.151	0.92602	0.92614			6
2025.10.28	01:27:19.899	0.92603	0.92613			6
2025.10.28	01:27:21.079		0.92614			4
2025.10.28	01:27:21.679	0.92602				2
2025.10.28	01:27:22.165	0.92601	0.92613			6
2025.10.28	01:27:22.489	0.92602	0.92614			6
2025.10.28	01:27:26.983		0.92613			4
2025.10.28	01:27:31.105	0.92604	0.92615			6
2025.10.28	01:27:33.309		0.92614			4
2025.10.28	01:27:34.469		0.92615			4
2025.10.28	01:27:38.487	0.92603	0.92616			6
2025.10.28	01:27:42.630	0.92604	0.92615			6
2025.10.28	01:27:44.703	0.92603	0.92616			6
2025.10.28	01:27:45.540	0.92604	0.92615			6
2025.10.28	01:27:45.901	0.92603	0.92616			6
2025.10.28	01:27:47.466	0.92604	0.92615			6
2025.10.28	01:27:49.899	0.92603	0.92616			6
2025.10.28	01:27:53.153	0.92604				2
2025.10.28	01:27:54.101		0.92615			4
2025.10.28	01:28:00.680	0.92604	0.92616			6
2025.10.28	01:28:03.776		0.92617			4
2025.10.28	01:28:05.088		0.92616			4
2025.10.28	01:28:05.622		0.92615			4
2025.10.28	01:28:05.937		0.92616			4
2025.10.28	01:28:06.420		0.92615			4
2025.10.28	01:28:06.872	0.92603	0.92617			6
2025.10.28	01:28:07.799	0.92604	0.92615			6
2025.10.28	01:28:08.977		0.92617			4
2025.10.28	01:28:09.948		0.92616			4
2025.10.28	01:28:11.075		0.92617			4
2025.10.28	01:28:15.006		0.92616			4
2025.10.28	01:28:30.535		0.92618			4
2025.10.28	01:28:30.936		0.92616			4
2025.10.28	01:28:31.841	0.92603	0.92615			6
2025.10.28	01:28:32.160		0.92616			4
2025.10.28	01:28:32.516		0.92615			4
2025.10.28	01:28:33.004		0.92616			4
2025.10.28	01:28:33.653	0.92604	0.92615			6
2025.10.28	01:28:34.040	0.92603				2
2025.10.28	01:28:34.475	0.92604				2
2025.10.28	01:28:35.077	0.92603				2
2025.10.28	01:28:35.724		0.92614			4
2025.10.28	01:28:36.242		0.92615			4
2025.10.28	01:28:37.796	0.92604				2
2025.10.28	01:28:38.186	0.92603	0.92616			6
2025.10.28	01:28:38.835	0.92604	0.92615			6
2025.10.28	01:28:39.724	0.92603	0.92614			6
2025.10.28	01:28:40.259		0.92616			4
2025.10.28	01:28:41.075		0.92615			4
2025.10.28	01:28:41.421		0.92616			4
2025.10.28	01:28:42.072		0.92615			4
2025.10.28	01:28:45.047	0.92604	0.92616			6
2025.10.28	01:28:45.435	0.92603	0.92615			6
2025.10.28	01:28:46.081	0.92604	0.92616			6
2025.10.28	01:28:46.472	0.92603	0.92615			6
2025.10.28	01:28:47.635		0.92616			4
2025.10.28	01:28:48.283		0.92615			4
2025.10.28	01:28:48.671		0.92616			4
2025.10.28	01:28:49.321		0.92615			4
2025.10.28	01:28:49.707		0.92616			4
2025.10.28	01:28:50.355		0.92615			4
2025.10.28	01:28:50.743		0.92616			4
2025.10.28	01:28:51.390		0.92615			4
2025.10.28	01:28:53.722		0.92616			4
2025.10.28	01:28:54.498		0.92615			4
2025.10.28	01:28:54.885		0.92616			4
2025.10.28	01:28:55.534	0.92602	0.92613			6
2025.10.28	01:28:55.926	0.92603	0.92614			6
2025.10.28	01:29:00.403	0.92603				2
2025.10.28	01:29:04.726	0.92602				2
2025.10.28	01:29:05.245	0.92603				2
2025.10.28	01:29:08.875	0.92602				2
2025.10.28	01:29:09.260	0.92603				2
2025.10.28	01:29:10.296	0.92602				2
2025.10.28	01:29:10.910	0.92604	0.92615			6
2025.10.28	01:29:12.366	0.92603	0.92614			6
2025.10.28	01:29:15.476	0.92604	0.92615			6
2025.10.28	01:29:21.684	0.92603	0.92616			6
2025.10.28	01:29:22.299		0.92615			4
2025.10.28	01:29:23.048	0.92604				2
2025.10.28	01:29:25.096		0.92617			4
2025.10.28	01:29:26.159		0.92618			4
2025.10.28	01:29:28.359		0.92619			4
2025.10.28	01:29:28.661		0.92618			4
2025.10.28	01:29:30.492	0.92603	0.92617			6
2025.10.28	01:29:31.466	0.92604	0.92618			6
2025.10.28	01:29:32.501	0.92603	0.92617			6
2025.10.28	01:29:34.702	0.92604				2
2025.10.28	01:29:35.714	0.92603	0.92618			6
2025.10.28	01:29:36.503	0.92604	0.92617			6
2025.10.28	01:29:38.780		0.92616			4
2025.10.28	01:29:42.729	0.92605				2
2025.10.28	01:29:43.761		0.92617			4
2025.10.28	01:29:44.783		0.92618			4
2025.10.28	01:29:47.883		0.92617			4
2025.10.28	01:29:48.537		0.92618			4
2025.10.28	01:29:52.598		0.92619			4
2025.10.28	01:29:55.224		0.92618			4
2025.10.28	01:29:56.176		0.92617			4
2025.10.28	01:29:58.395		0.92618			4
2025.10.28	01:29:59.495		0.92617			4
2025.10.28	01:30:00.381	0.92605	0.92616			6
2025.10.28	01:30:01.372	0.92606	0.92617			6
2025.10.28	01:30:01.756	0.92605	0.92618			6
2025.10.28	01:30:03.196	0.92606	0.92614			6
2025.10.28	01:30:06.752	0.92605	0.92617			6
2025.10.28	01:30:14.498		0.92618			4
2025.10.28	01:30:15.367	0.92604	0.92615			6
2025.10.28	01:30:19.459	0.92606	0.92617			6
2025.10.28	01:30:22.605	0.92605	0.92618			6
2025.10.28	01:30:23.199	0.92606	0.92617			6
2025.10.28	01:30:23.647	0.92605	0.92618			6
2025.10.28	01:30:24.806	0.92606	0.92617			6
2025.10.28	01:30:26.584	0.92605	0.92618			6
2025.10.28	01:30:27.398	0.92606	0.92617			6
2025.10.28	01:30:28.884	0.92605	0.92618			6
2025.10.28	01:30:30.099	0.92606	0.92617			6
2025.10.28	01:30:34.682		0.92616			4
2025.10.28	01:30:35.176	0.92605	0.92618			6
2025.10.28	01:30:36.999	0.92606	0.92617			6
2025.10.28	01:30:39.243		0.92616			4
2025.10.28	01:30:45.458	0.92605	0.92617			6
2025.10.28	01:30:47.657	0.92606				2
2025.10.28	01:30:51.976		0.92616			4
2025.10.28	01:30:53.659	0.92609	0.92622			6
2025.10.28	01:31:00.455	0.92609				2
2025.10.28	01:31:00.853		0.92621			4
2025.10.28	01:31:03.698		0.92620			4
2025.10.28	01:31:04.772	0.92612	0.92621			6
2025.10.28	01:31:12.848	0.92610				2
2025.10.28	01:31:14.914	0.92611				2
2025.10.28	01:31:23.193	0.92610				2
2025.10.28	01:31:24.230	0.92611				2
2025.10.28	01:31:28.374	0.92607				2
2025.10.28	01:31:30.468	0.92609				2
2025.10.28	01:31:35.513	0.92610				2
2025.10.28	01:31:36.388	0.92609				2
2025.10.28	01:31:36.859	0.92611				2
2025.10.28	01:31:38.734	0.92610	0.92620			6
2025.10.28	01:31:39.086		0.92621			4
2025.10.28	01:31:39.677	0.92611				2
2025.10.28	01:31:41.141	0.92610	0.92620			6
2025.10.28	01:31:42.041	0.92611				2
2025.10.28	01:31:42.699		0.92621			4
2025.10.28	01:31:43.982		0.92620			4
2025.10.28	01:31:46.298		0.92621			4
2025.10.28	01:31:47.212	0.92612				2
2025.10.28	01:31:49.090		0.92620			4
2025.10.28	01:31:50.126	0.92611				2
2025.10.28	01:31:51.098		0.92621			4
2025.10.28	01:31:51.478		0.92620			4
2025.10.28	01:31:53.235	0.92612	0.92621			6
2025.10.28	01:31:55.366	0.92611				2
2025.10.28	01:32:00.460	0.92610	0.92620			6
2025.10.28	01:32:03.623		0.92621			4
2025.10.28	01:32:03.975	0.92611	0.92620			6
2025.10.28	01:32:09.694	0.92610	0.92621			6
2025.10.28	01:32:13.166	0.92611	0.92622			6
2025.10.28	01:32:13.475	0.92610				2
2025.10.28	01:32:15.029	0.92611	0.92621			6
2025.10.28	01:32:15.578	0.92610	0.92622			6
2025.10.28	01:32:17.505	0.92608	0.92619			6
2025.10.28	01:32:19.665	0.92609				2
2025.10.28	01:32:20.752	0.92608	0.92620			6
2025.10.28	01:32:21.822	0.92607	0.92618			6
2025.10.28	01:32:22.133	0.92608	0.92617			6
2025.10.28	01:32:22.688	0.92607				2
2025.10.28	01:32:23.334	0.92606				2
2025.10.28	01:32:23.962	0.92604	0.92614			6
2025.10.28	01:32:24.350		0.92615			4
2025.10.28	01:32:24.889	0.92605				2
2025.10.28	01:32:25.197		0.92616			4
2025.10.28	01:32:25.600		0.92615			4
2025.10.28	01:32:34.160	0.92606	0.92616			6
2025.10.28	01:32:34.600		0.92615			4
2025.10.28	01:32:35.614	0.92605				2
2025.10.28	01:32:37.080	0.92606				2
2025.10.28	01:32:38.982	0.92605	0.92616			6
2025.10.28	01:32:42.098	0.92606				2
2025.10.28	01:32:43.767	0.92605	0.92615			6
2025.10.28	01:32:46.156		0.92616			4
2025.10.28	01:32:47.833	0.92604	0.92615			6
2025.10.28	01:32:50.941		0.92614			4
2025.10.28	01:32:51.243		0.92615			4
2025.10.28	01:32:53.248	0.92605				2
2025.10.28	01:32:57.453		0.92614			4
2025.10.28	01:32:58.000	0.92607	0.92617			6
2025.10.28	01:32:59.670	0.92606	0.92616			6
2025.10.28	01:33:00.030	0.92610	0.92620			6
2025.10.28	01:33:00.375	0.92611				2
2025.10.28	01:33:01.057	0.92609	0.92621			6
2025.10.28	01:33:01.358		0.92618			4
2025.10.28	01:33:02.120		0.92619			4
2025.10.28	01:33:03.155	0.92608				2
2025.10.28	01:33:03.998		0.92618			4
2025.10.28	01:33:04.396	0.92609	0.92619			6
2025.10.28	01:33:04.725	0.92607				2
2025.10.28	01:33:05.945	0.92608				2
2025.10.28	01:33:06.848	0.92610				2
2025.10.28	01:33:07.298	0.92608				2
2025.10.28	01:33:07.832	0.92610				2
2025.10.28	01:33:08.345	0.92608				2
2025.10.28	01:33:08.896	0.92610				2
2025.10.28	01:33:09.953	0.92609				2
2025.10.28	01:33:10.990	0.92608	0.92620			6
2025.10.28	01:33:12.000		0.92618			4
2025.10.28	01:33:13.034	0.92609	0.92619			6
2025.10.28	01:33:13.835		0.92618			4
2025.10.28	01:33:14.440		0.92619			4
2025.10.28	01:33:17.143	0.92610	0.92620			6
2025.10.28	01:33:17.660	0.92609	0.92619			6
2025.10.28	01:33:19.793		0.92618			4
2025.10.28	01:33:20.829		0.92619			4
2025.10.28	01:33:27.300		0.92620			4
2025.10.28	01:33:29.264		0.92619			4
2025.10.28	01:33:38.769	0.92608	0.92618			6
2025.10.28	01:33:39.095	0.92607	0.92616			6
2025.10.28	01:33:40.104		0.92618			4
2025.10.28	01:33:41.285	0.92608	0.92617			6
2025.10.28	01:33:44.569		0.92618			4
2025.10.28	01:33:45.891		0.92617			4
2025.10.28	01:33:46.650	0.92607				2
2025.10.28	01:33:51.260	0.92608	0.92618			6
2025.10.28	01:33:52.300		0.92617			4
2025.10.28	01:33:53.079		0.92618			4
2025.10.28	01:33:53.482		0.92617			4
2025.10.28	01:33:53.907	0.92607	0.92618			6
2025.10.28	01:33:54.934		0.92617			4
2025.10.28	01:33:55.285	0.92606				2
2025.10.28	01:33:59.407	0.92607				2
2025.10.28	01:34:00.287	0.92609	0.92618			6
2025.10.28	01:34:05.339	0.92608	0.92617			6
2025.10.28	01:34:07.839		0.92618			4
2025.10.28	01:34:09.910	0.92609				2
2025.10.28	01:34:14.128	0.92608	0.92619			6
2025.10.28	01:34:15.031		0.92618			4
2025.10.28	01:34:16.760		0.92617			4
2025.10.28	01:34:22.016		0.92618			4
2025.10.28	01:34:24.153	0.92607				2
2025.10.28	01:34:27.129	0.92608	0.92617			6
2025.10.28	01:34:28.386	0.92607	0.92618			6
2025.10.28	01:34:32.370	0.92608				2
2025.10.28	01:34:34.640		0.92617			4
2025.10.28	01:34:36.925	0.92607	0.92616			6
2025.10.28	01:34:38.469	0.92606	0.92617			6
2025.10.28	01:34:39.622	0.92607				2
2025.10.28	01:34:50.052		0.92616			4
2025.10.28	01:34:50.517	0.92605	0.92615			6
2025.10.28	01:34:55.604		0.92616			4
2025.10.28	01:34:57.747	0.92609	0.92618			6
2025.10.28	01:34:58.060	0.92610	0.92620			6
2025.10.28	01:34:59.718		0.92619			4
2025.10.28	01:35:00.553	0.92610	0.92621			6
2025.10.28	01:35:01.130	0.92609	0.92618			6
2025.10.28	01:35:02.199	0.92608	0.92619			6
2025.10.28	01:35:03.254	0.92609	0.92618			6
2025.10.28	01:35:04.707	0.92608	0.92619			6
2025.10.28	01:35:06.135	0.92609				2
2025.10.28	01:35:07.210		0.92618			4
2025.10.28	01:35:07.522		0.92619			4
2025.10.28	01:35:07.827	0.92607				2
2025.10.28	01:35:08.277	0.92609				2
2025.10.28	01:35:13.445	0.92607	0.92617			6
2025.10.28	01:35:16.593	0.92609	0.92618			6
2025.10.28	01:35:18.706	0.92607				2
2025.10.28	01:35:21.836	0.92608	0.92617			6
2025.10.28	01:35:22.744	0.92607	0.92618			6
2025.10.28	01:35:25.966	0.92608	0.92617			6
2025.10.28	01:35:26.427		0.92619			4
2025.10.28	01:35:31.386	0.92609	0.92618			6
2025.10.28	01:35:31.794	0.92608	0.92619			6
2025.10.28	01:35:37.055		0.92618			4
2025.10.28	01:35:38.383		0.92619			4
2025.10.28	01:35:44.560		0.92618			4
2025.10.28	01:35:45.998		0.92619			4
2025.10.28	01:35:53.881		0.92618			4
2025.10.28	01:35:55.104	0.92609				2
2025.10.28	01:35:58.428	0.92610	0.92619			6
2025.10.28	01:36:00.166	0.92610	0.92620			6
2025.10.28	01:36:00.575	0.92609	0.92619			6
2025.10.28	01:36:02.198		0.92618			4
2025.10.28	01:36:03.474	0.92610				2
2025.10.28	01:36:07.770	0.92609				2
2025.10.28	01:36:19.898	0.92610				2
2025.10.28	01:36:24.747		0.92619			4
2025.10.28	01:36:28.004		0.92618			4
2025.10.28	01:36:36.398	0.92609				2
2025.10.28	01:36:40.837	0.92608	0.92619			6
2025.10.28	01:36:45.700	0.92609				2
2025.10.28	01:36:52.177	0.92611	0.92620			6
2025.10.28	01:36:56.200	0.92610				2
2025.10.28	01:36:58.900		0.92619			4
2025.10.28	01:37:00.477	0.92610				2
2025.10.28	01:37:04.467	0.92611	0.92621			6
2025.10.28	01:37:08.199		0.92622			4
2025.10.28	01:37:15.872		0.92621			4
2025.10.28	01:37:28.346		0.92620			4
2025.10.28	01:37:32.011		0.92619			4
2025.10.28	01:37:34.459	0.92610	0.92620			6
2025.10.28	01:37:38.500		0.92619			4
2025.10.28	01:37:44.806		0.92620			4
2025.10.28	01:37:56.454	0.92609	0.92621			6
2025.10.28	01:37:58.709		0.92620			4
2025.10.28	01:38:01.729	0.92609				2
2025.10.28	01:38:02.856	0.92611				2
2025.10.28	01:38:30.974		0.92621			4
2025.10.28	01:38:31.613	0.92610	0.92620			6
2025.10.28	01:38:36.217	0.92611				2
2025.10.28	01:38:54.028	0.92610				2
2025.10.28	01:38:57.398	0.92611				2
2025.10.28	01:39:00.485	0.92611				2
2025.10.28	01:39:13.407		0.92619			4
2025.10.28	01:39:17.495	0.92610				2
2025.10.28	01:39:19.333	0.92611				2
2025.10.28	01:39:29.392	0.92610	0.92621			6
2025.10.28	01:39:34.964	0.92611	0.92620			6
2025.10.28	01:39:36.700	0.92610	0.92621			6
2025.10.28	01:39:40.234	0.92611	0.92620			6
2025.10.28	01:39:45.994		0.92621			4
2025.10.28	01:39:50.500		0.92620			4
2025.10.28	01:39:51.073	0.92610	0.92618			6
2025.10.28	01:40:00.687	0.92610				2
2025.10.28	01:40:04.878	0.92611	0.92620			6
2025.10.28	01:40:11.018		0.92619			4
2025.10.28	01:40:13.898		0.92620			4
2025.10.28	01:40:14.433	0.92610	0.92619			6
2025.10.28	01:40:16.307	0.92609	0.92618			6
2025.10.28	01:40:17.537	0.92610				2
2025.10.28	01:40:22.403	0.92609				2
2025.10.28	01:40:26.499	0.92610				2
2025.10.28	01:40:33.999	0.92609				2
2025.10.28	01:40:41.546	0.92608				2
2025.10.28	01:40:43.357	0.92609				2
2025.10.28	01:40:49.600	0.92608				2
2025.10.28	01:40:54.911	0.92609				2
2025.10.28	01:41:00.948	0.92608				2
2025.10.28	01:41:16.633		0.92618			4
2025.10.28	01:41:18.991	0.92609				2
2025.10.28	01:41:25.374	0.92610				2
2025.10.28	01:41:29.775	0.92609				2
2025.10.28	01:41:37.899	0.92608				2
2025.10.28	01:41:55.199	0.92607	0.92616			6
2025.10.28	01:42:02.369	0.92607				2
2025.10.28	01:42:10.499	0.92603	0.92613			6
2025.10.28	01:42:14.502	0.92604				2
2025.10.28	01:42:19.600	0.92605	0.92614			6
2025.10.28	01:42:19.921	0.92607	0.92617			6
2025.10.28	01:42:21.018	0.92609				2
2025.10.28	01:42:32.768	0.92605	0.92613			6
2025.10.28	01:42:33.579	0.92604	0.92614			6
2025.10.28	01:42:45.128	0.92605	0.92613			6
2025.10.28	01:42:47.020	0.92604				2
2025.10.28	01:42:52.507	0.92605				2
2025.10.28	01:42:53.602		0.92614			4
2025.10.28	01:42:54.559		0.92613			4
2025.10.28	01:42:56.653		0.92614			4
2025.10.28	01:42:58.336		0.92613			4
2025.10.28	01:43:00.948	0.92604	0.92614			6
2025.10.28	01:43:01.427	0.92605	0.92613			6
2025.10.28	01:43:06.702	0.92604				2
2025.10.28	01:43:08.952	0.92603	0.92612			6
2025.10.28	01:43:11.220	0.92604				2
2025.10.28	01:43:13.873		0.92613			4
2025.10.28	01:43:15.379		0.92612			4
2025.10.28	01:43:39.994		0.92613			4
2025.10.28	01:43:46.248	0.92605				2
2025.10.28	01:43:50.321	0.92604				2
2025.10.28	01:43:52.346	0.92605				2
2025.10.28	01:43:55.660	0.92602	0.92611			6
2025.10.28	01:44:00.063	0.92602				2
2025.10.28	01:44:14.499		0.92610			4
2025.10.28	01:44:22.603		0.92611			4
2025.10.28	01:45:01.481	0.92602				2
2025.10.28	01:45:22.837		0.92611			4
2025.10.28	01:46:00.534	0.92602				2
2025.10.28	01:46:01.301	0.92603	0.92612			6
2025.10.28	01:47:01.833	0.92603	0.92612			6
2025.10.28	01:47:47.499	0.92604	0.92611			6
2025.10.28	01:47:52.188	0.92603				2
2025.10.28	01:48:00.116	0.92603				2
2025.10.28	01:48:41.486		0.92612			4
2025.10.28	01:48:42.306	0.92606	0.92614			6
2025.10.28	01:48:43.315	0.92607				2
2025.10.28	01:48:44.171	0.92604	0.92612			6
2025.10.28	01:48:58.389	0.92606	0.92614			6
2025.10.28	01:48:58.843	0.92607				2
2025.10.28	01:48:59.596		0.92615			4
2025.10.28	01:49:00.215	0.92607	0.92616			6
2025.10.28	01:49:00.536		0.92615			4
2025.10.28	01:49:02.187	0.92604	0.92612			6
2025.10.28	01:49:04.361		0.92613			4
2025.10.28	01:49:05.405		0.92611			4
2025.10.28	01:49:06.692		0.92612			4
2025.10.28	01:49:08.897	0.92603	0.92611			6
2025.10.28	01:49:48.681	0.92604	0.92612			6
2025.10.28	01:49:52.576		0.92611			4
2025.10.28	01:49:56.834	0.92602	0.92610			6
2025.10.28	01:49:57.312	0.92603				2
2025.10.28	01:50:00.353	0.92603				2
2025.10.28	01:50:01.855		0.92611			4
2025.10.28	01:50:10.897		0.92610			4
2025.10.28	01:50:12.772	0.92602				2
2025.10.28	01:50:13.750	0.92603				2
2025.10.28	01:50:18.701		0.92611			4
2025.10.28	01:50:26.771	0.92602				2
2025.10.28	01:50:27.784		0.92610			4
2025.10.28	01:50:31.518	0.92603	0.92611			6
2025.10.28	01:50:32.619		0.92610			4
2025.10.28	01:50:34.960		0.92611			4
2025.10.28	01:50:48.700	0.92602				2
2025.10.28	01:50:58.270	0.92603				2
2025.10.28	01:50:58.609	0.92602				2
2025.10.28	01:50:59.754	0.92603				2
2025.10.28	01:51:03.468	0.92603				2
2025.10.28	01:51:28.007	0.92602	0.92610			6
2025.10.28	01:51:38.589	0.92603	0.92612			6
2025.10.28	01:51:45.031	0.92602	0.92611			6
2025.10.28	01:51:52.355	0.92603				2
2025.10.28	01:51:53.706	0.92602				2
2025.10.28	01:51:55.169	0.92603				2
2025.10.28	01:51:58.086	0.92604				2
2025.10.28	01:52:00.435	0.92603	0.92612			6
2025.10.28	01:52:01.303	0.92604	0.92611			6
2025.10.28	01:52:13.983		0.92612			4
2025.10.28	01:52:15.961	0.92603				2
2025.10.28	01:52:31.326	0.92604				2
2025.10.28	01:52:46.458		0.92613			4
2025.10.28	01:52:47.378		0.92612			4
2025.10.28	01:52:52.399		0.92611			4
2025.10.28	01:52:59.502	0.92603	0.92612			6
2025.10.28	01:53:04.431	0.92603				2
2025.10.28	01:53:06.793	0.92602				2
2025.10.28	01:53:07.328	0.92603				2
2025.10.28	01:53:16.150	0.92604				2
2025.10.28	01:53:21.788	0.92603				2
2025.10.28	01:53:23.524	0.92604				2
2025.10.28	01:54:00.946	0.92604	0.92612			6
2025.10.28	01:54:17.506		0.92611			4
2025.10.28	01:54:23.231	0.92607	0.92613			6
2025.10.28	01:54:24.320		0.92614			4
2025.10.28	01:55:00.076	0.92607				2
2025.10.28	01:55:27.398	0.92606	0.92614			6
2025.10.28	01:55:33.794	0.92607				2
2025.10.28	01:55:39.208	0.92606				2
2025.10.28	01:55:43.398	0.92608	0.92617			6
2025.10.28	01:55:47.578	0.92607				2
2025.10.28	01:55:50.396		0.92616			4
2025.10.28	01:56:00.602	0.92607				2
2025.10.28	01:56:02.199		0.92615			4
2025.10.28	01:56:03.560		0.92616			4
2025.10.28	01:56:09.846		0.92615			4
2025.10.28	01:56:11.463	0.92608	0.92616			6
2025.10.28	01:56:28.981		0.92617			4
2025.10.28	01:56:34.669		0.92616			4
2025.10.28	01:56:36.862	0.92607				2
2025.10.28	01:56:41.498	0.92608				2
2025.10.28	01:56:59.929	0.92610	0.92617			6
2025.10.28	01:57:00.470	0.92610	0.92619			6
2025.10.28	01:57:02.209	0.92609	0.92617			6
2025.10.28	01:57:02.536	0.92610	0.92618			6
2025.10.28	01:57:02.987	0.92609	0.92617			6
2025.10.28	01:57:25.412	0.92608				2
2025.10.28	01:57:35.427		0.92618			4
2025.10.28	01:57:36.154		0.92619			4
2025.10.28	01:57:39.669	0.92602	0.92611			6
2025.10.28	01:57:40.000	0.92601	0.92608			6
2025.10.28	01:57:51.435	0.92602	0.92612			6
2025.10.28	01:57:52.476	0.92603	0.92611			6
2025.10.28	01:58:00.414	0.92602	0.92612			6
2025.10.28	01:58:00.725	0.92603				2
2025.10.28	01:58:02.703	0.92602				2
2025.10.28	01:58:05.256	0.92601	0.92611			6
2025.10.28	01:58:18.700	0.92602				2
2025.10.28	01:58:28.833	0.92600	0.92608			6
2025.10.28	01:58:30.186	0.92601	0.92611			6
2025.10.28	01:58:36.941		0.92610			4
2025.10.28	01:58:45.601	0.92600				2
2025.10.28	01:58:45.938	0.92599	0.92608			6
2025.10.28	01:58:48.633	0.92600	0.92609			6
2025.10.28	01:58:52.663		0.92610			4
2025.10.28	01:58:54.552		0.92609			4
2025.10.28	01:58:57.220	0.92599	0.92610			6
2025.10.28	01:59:02.501	0.92600	0.92609			6
2025.10.28	01:59:07.047	0.92599	0.92610			6
2025.10.28	01:59:07.618		0.92609			4
2025.10.28	01:59:09.785		0.92607			4
2025.10.28	01:59:14.826	0.92598				2
2025.10.28	01:59:16.243	0.92597	0.92605			6
2025.10.28	01:59:20.454	0.92595	0.92604			6
2025.10.28	01:59:24.101	0.92596	0.92603			6
2025.10.28	01:59:26.935	0.92595				2
2025.10.28	01:59:27.507	0.92597	0.92606			6
2025.10.28	01:59:28.546		0.92607			4
2025.10.28	01:59:29.426	0.92598	0.92608			6
2025.10.28	01:59:31.421		0.92607			4
2025.10.28	01:59:32.119	0.92596	0.92604			6
2025.10.28	01:59:32.898	0.92595	0.92603			6
2025.10.28	01:59:33.423		0.92605			4
2025.10.28	01:59:35.249		0.92603			4
2025.10.28	01:59:36.256		0.92604			4
2025.10.28	01:59:40.288		0.92603			4
2025.10.28	01:59:43.566		0.92604			4
2025.10.28	01:59:44.955	0.92596	0.92606			6
2025.10.28	01:59:51.537	0.92597	0.92608			6
2025.10.28	01:59:53.438	0.92596	0.92605			6
2025.10.28	01:59:53.863		0.92607			4
2025.10.28	02:00:00.613	0.92597	0.92605			6
2025.10.28	02:00:00.965	0.92598	0.92607			6
2025.10.28	02:00:01.279	0.92597	0.92605			6
2025.10.28	02:00:02.611		0.92606			4
2025.10.28	02:00:03.181		0.92607			4
2025.10.28	02:00:04.389		0.92606			4
2025.10.28	02:00:06.807		0.92608			4
2025.10.28	02:00:07.172	0.92598				2
2025.10.28	02:00:09.018	0.92597	0.92607			6
2025.10.28	02:00:10.460	0.92598				2
2025.10.28	02:00:14.180	0.92597	0.92608			6
2025.10.28	02:00:15.403	0.92598	0.92606			6
2025.10.28	02:00:17.556	0.92596	0.92607			6
2025.10.28	02:00:23.839	0.92597	0.92606			6
2025.10.28	02:00:25.461	0.92599	0.92610			6
2025.10.28	02:00:27.232		0.92609			4
2025.10.28	02:00:29.486	0.92597	0.92605			6
2025.10.28	02:00:29.813		0.92606			4
2025.10.28	02:00:30.948		0.92605			4
2025.10.28	02:00:33.351		0.92607			4
2025.10.28	02:00:34.620	0.92598				2
2025.10.28	02:00:36.376	0.92597				2
2025.10.28	02:00:39.224	0.92598	0.92606			6
2025.10.28	02:00:39.541		0.92608			4
2025.10.28	02:00:47.470	0.92597	0.92607			6
2025.10.28	02:00:53.502	0.92595	0.92605			6
2025.10.28	02:01:00.384	0.92595				2
2025.10.28	02:01:02.078		0.92604			4
2025.10.28	02:01:05.498	0.92596				2
2025.10.28	02:01:07.366	0.92593				2
2025.10.28	02:01:09.508		0.92602			4
2025.10.28	02:01:10.321	0.92592	0.92599			6
2025.10.28	02:01:20.682		0.92602			4
2025.10.28	02:01:21.140		0.92599			4
2025.10.28	02:01:25.866	0.92594	0.92602			6
2025.10.28	02:01:27.961		0.92603			4
2025.10.28	02:01:28.449		0.92600			4
2025.10.28	02:01:28.761	0.92593				2
2025.10.28	02:01:35.033	0.92592	0.92602			6
2025.10.28	02:01:35.340		0.92601			4
2025.10.28	02:01:35.826	0.92594				2
2025.10.28	02:01:38.640	0.92592	0.92600			6
2025.10.28	02:01:39.379	0.92593				2
2025.10.28	02:01:51.547	0.92595	0.92601			6
2025.10.28	02:01:53.214	0.92594				2
2025.10.28	02:01:53.650		0.92600			4
2025.10.28	02:01:54.400	0.92593				2
2025.10.28	02:01:59.513		0.92601			4
2025.10.28	02:01:59.942	0.92592	0.92600			6
2025.10.28	02:02:00.300	0.92595	0.92601			6
2025.10.28	02:02:03.425	0.92594				2
2025.10.28	02:02:06.003	0.92593	0.92600			6
2025.10.28	02:02:14.444		0.92601			4
2025.10.28	02:02:17.002	0.92594	0.92602			6
2025.10.28	02:02:17.381	0.92593	0.92601			6
2025.10.28	02:02:17.950		0.92600			4
2025.10.28	02:02:22.242	0.92595	0.92601			6
2025.10.28	02:02:22.786	0.92592				2
2025.10.28	02:02:28.448		0.92600			4
2025.10.28	02:02:32.899		0.92598			4
2025.10.28	02:02:44.594		0.92599			4
2025.10.28	02:02:46.415	0.92593	0.92600			6
2025.10.28	02:02:53.981		0.92601			4
2025.10.28	02:02:58.682		0.92600			4
2025.10.28	02:02:59.059	0.92592				2
2025.10.28	02:03:00.441	0.92592				2
2025.10.28	02:03:01.844		0.92601			4
2025.10.28	02:03:02.265		0.92600			4
2025.10.28	02:03:04.681	0.92593				2
2025.10.28	02:03:10.182	0.92592				2
2025.10.28	02:03:10.622	0.92593				2
2025.10.28	02:03:11.684	0.92592				2
2025.10.28	02:03:13.440	0.92595	0.92601			6
2025.10.28	02:03:19.692	0.92594	0.92602			6
2025.10.28	02:03:20.759	0.92595				2
2025.10.28	02:03:30.497	0.92593	0.92601			6
2025.10.28	02:03:31.806	0.92594				2
2025.10.28	02:03:51.776	0.92593				2
2025.10.28	02:04:01.350	0.92593				2
2025.10.28	02:04:03.575		0.92602			4
2025.10.28	02:04:07.385	0.92594				2
2025.10.28	02:04:09.940		0.92603			4
2025.10.28	02:04:10.280		0.92602			4
2025.10.28	02:04:10.632	0.92595	0.92603			6
2025.10.28	02:04:12.805	0.92597	0.92604			6
2025.10.28	02:04:13.118		0.92606			4
2025.10.28	02:04:15.448	0.92598	0.92605			6
2025.10.28	02:04:16.867	0.92597	0.92604			6
2025.10.28	02:04:19.333	0.92598	0.92607			6
2025.10.28	02:04:20.063		0.92605			4
2025.10.28	02:04:21.395		0.92604			4
2025.10.28	02:04:21.730	0.92597	0.92605			6
2025.10.28	02:04:25.369	0.92598	0.92606			6
2025.10.28	02:04:25.696	0.92596	0.92605			6
2025.10.28	02:04:26.004	0.92597				2
2025.10.28	02:04:26.662	0.92595	0.92603			6
2025.10.28	02:04:27.289	0.92597	0.92604			6
2025.10.28	02:04:27.792		0.92605			4
2025.10.28	02:04:29.639		0.92606			4
2025.10.28	02:04:34.541		0.92605			4
2025.10.28	02:04:37.040	0.92596	0.92604			6
2025.10.28	02:04:37.404	0.92595	0.92603			6
2025.10.28	02:04:49.850	0.92596	0.92604			6
2025.10.28	02:04:50.253		0.92603			4
2025.10.28	02:04:52.077		0.92604			4
2025.10.28	02:05:00.360	0.92596				2
2025.10.28	02:05:01.472	0.92594	0.92603			6
2025.10.28	02:05:01.782		0.92602			4
2025.10.28	02:05:07.461	0.92595	0.92604			6
2025.10.28	02:05:08.388		0.92602			4
2025.10.28	02:05:16.935		0.92604			4
2025.10.28	02:05:18.419	0.92596	0.92603			6
2025.10.28	02:05:21.930	0.92595	0.92604			6
2025.10.28	02:05:24.090		0.92603			4
2025.10.28	02:05:36.290		0.92605			4
2025.10.28	02:05:41.513	0.92594	0.92604			6
2025.10.28	02:05:42.832	0.92597	0.92603			6
2025.10.28	02:05:46.383	0.92594	0.92604			6
2025.10.28	02:05:46.908	0.92595				2
2025.10.28	02:05:48.108		0.92603			4
2025.10.28	02:05:52.171		0.92604			4
2025.10.28	02:06:00.429	0.92595	0.92605			6
2025.10.28	02:06:01.513		0.92604			4
2025.10.28	02:06:06.691		0.92603			4
2025.10.28	02:06:07.791		0.92604			4
2025.10.28	02:06:12.700		0.92603			4
2025.10.28	02:06:15.041		0.92604			4
2025.10.28	02:06:22.299		0.92603			4
2025.10.28	02:06:23.326		0.92604			4
2025.10.28	02:06:35.114		0.92605			4
2025.10.28	02:06:38.544		0.92604			4
2025.10.28	02:06:40.478	0.92594	0.92605			6
2025.10.28	02:06:43.915	0.92595	0.92604			6
2025.10.28	02:06:52.061		0.92603			4
2025.10.28	02:06:53.377	0.92592	0.92600			6
2025.10.28	02:07:01.002	0.92592				2
2025.10.28	02:07:01.636	0.92593				2
2025.10.28	02:07:01.938		0.92601			4
2025.10.28	02:07:02.624	0.92592	0.92600			6
2025.10.28	02:07:03.319		0.92601			4
2025.10.28	02:07:05.830	0.92593				2
2025.10.28	02:07:17.200	0.92592	0.92599			6
2025.10.28	02:07:21.687	0.92591	0.92598			6
2025.10.28	02:07:23.395	0.92589				2
2025.10.28	02:07:31.504		0.92596			4
2025.10.28	02:07:32.489	0.92588				2
2025.10.28	02:07:34.676	0.92589	0.92598			6
2025.10.28	02:07:35.778		0.92597			4
2025.10.28	02:07:36.868	0.92588	0.92598			6
2025.10.28	02:07:37.775		0.92597			4
2025.10.28	02:07:39.976		0.92596			4
2025.10.28	02:07:41.074		0.92598			4
2025.10.28	02:07:44.143	0.92589	0.92597			6
2025.10.28	02:07:49.088	0.92588	0.92596			6
2025.10.28	02:07:49.947		0.92598			4
2025.10.28	02:07:50.843		0.92597			4
2025.10.28	02:07:58.118	0.92587	0.92596			6
2025.10.28	02:07:58.431		0.92597			4
2025.10.28	02:07:59.569		0.92596			4
2025.10.28	02:08:00.565	0.92588	0.92597			6
2025.10.28	02:08:01.376	0.92589				2
2025.10.28	02:08:01.735	0.92588	0.92598			6
2025.10.28	02:08:02.392		0.92596			4
2025.10.28	02:08:04.848	0.92589	0.92597			6
2025.10.28	02:08:06.000	0.92588				2
2025.10.28	02:08:09.256	0.92589	0.92599			6
2025.10.28	02:08:10.280		0.92598			4
2025.10.28	02:08:11.992		0.92599			4
2025.10.28	02:08:18.825	0.92590	0.92600			6
2025.10.28	02:08:25.402		0.92599			4
2025.10.28	02:08:27.079	0.92591	0.92600			6
2025.10.28	02:08:30.145		0.92601			4
2025.10.28	02:08:40.984		0.92600			4
2025.10.28	02:08:41.291		0.92602			4
2025.10.28	02:08:43.247		0.92601			4
2025.10.28	02:08:44.461	0.92590	0.92602			6
2025.10.28	02:08:44.968	0.92589	0.92601			6
2025.10.28	02:08:46.341	0.92590	0.92602			6
2025.10.28	02:08:50.909		0.92600			4
2025.10.28	02:08:51.241		0.92602			4
2025.10.28	02:08:53.102		0.92601			4
2025.10.28	02:08:54.580	0.92591	0.92602			6
2025.10.28	02:08:58.165	0.92592	0.92601			6
2025.10.28	02:09:01.491	0.92592	0.92602			6
2025.10.28	02:09:02.901		0.92601			4
2025.10.28	02:09:04.389		0.92599			4
2025.10.28	02:09:05.607	0.92590	0.92601			6
2025.10.28	02:09:18.148		0.92602			4
2025.10.28	02:09:18.783		0.92603			4
2025.10.28	02:09:20.192		0.92602			4
2025.10.28	02:09:30.852		0.92601			4
2025.10.28	02:09:32.660	0.92589	0.92599			6
2025.10.28	02:09:37.832	0.92588	0.92598			6
2025.10.28	02:09:42.548		0.92597			4
2025.10.28	02:09:43.782		0.92598			4
2025.10.28	02:09:46.486	0.92589	0.92597			6
2025.10.28	02:09:48.086	0.92588				2
2025.10.28	02:09:49.233		0.92596			4
2025.10.28	02:09:50.910		0.92598			4
2025.10.28	02:09:55.778		0.92597			4
2025.10.28	02:09:56.127		0.92598			4
2025.10.28	02:09:59.434		0.92597			4
2025.10.28	02:10:00.318	0.92588	0.92598			6
2025.10.28	02:10:01.349	0.92589				2
2025.10.28	02:10:01.670	0.92588				2
2025.10.28	02:10:02.365	0.92589	0.92597			6
2025.10.28	02:10:02.670	0.92588				2
2025.10.28	02:10:03.337	0.92589	0.92596			6
2025.10.28	02:10:03.668	0.92588	0.92597			6
2025.10.28	02:10:04.331	0.92589	0.92596			6
2025.10.28	02:10:04.662	0.92588	0.92597			6
2025.10.28	02:10:05.667		0.92598			4
2025.10.28	02:10:06.686		0.92597			4
2025.10.28	02:10:09.054		0.92600			4
2025.10.28	02:10:09.356	0.92589	0.92601			6
2025.10.28	02:10:09.809		0.92599			4
2025.10.28	02:10:11.885	0.92588	0.92600			6
2025.10.28	02:10:13.957		0.92601			4
2025.10.28	02:10:14.923	0.92590	0.92599			6
2025.10.28	02:10:15.442		0.92600			4
2025.10.28	02:10:28.034		0.92601			4
2025.10.28	02:10:40.609	0.92591	0.92600			6
2025.10.28	02:10:44.498	0.92590	0.92601			6
2025.10.28	02:10:50.842		0.92599			4
2025.10.28	02:10:57.376		0.92600			4
2025.10.28	02:10:59.443		0.92599			4
2025.10.28	02:11:00.706	0.92590				2
2025.10.28	02:11:05.751	0.92591				2
2025.10.28	02:11:06.859	0.92590				2
2025.10.28	02:11:08.894	0.92591				2
2025.10.28	02:11:09.799		0.92600			4
2025.10.28	02:11:10.154		0.92599			4
2025.10.28	02:11:15.074		0.92601			4
2025.10.28	02:11:30.559	0.92592	0.92600			6
2025.10.28	02:11:31.237		0.92601			4
2025.10.28	02:11:33.448	0.92593				2
2025.10.28	02:11:36.291		0.92602			4
2025.10.28	02:11:40.230	0.92592				2
2025.10.28	02:11:47.501	0.92593	0.92601			6
2025.10.28	02:11:53.300		0.92602			4
2025.10.28	02:11:53.667		0.92603			4
2025.10.28	02:11:54.422		0.92602			4
2025.10.28	02:11:58.488		0.92601			4
2025.10.28	02:12:01.848	0.92593	0.92602			6
2025.10.28	02:12:13.342		0.92603			4
2025.10.28	02:12:19.662		0.92602			4
2025.10.28	02:12:41.806		0.92604			4
2025.10.28	02:12:42.127	0.92592				2
2025.10.28	02:12:44.406		0.92600			4
2025.10.28	02:12:44.927	0.92593				2
2025.10.28	02:12:57.704	0.92592	0.92601			6
2025.10.28	02:12:58.244	0.92593				2
2025.10.28	02:13:00.399	0.92592				2
2025.10.28	02:13:01.103	0.92593				2
2025.10.28	02:13:12.699		0.92600			4
2025.10.28	02:13:15.196	0.92592	0.92602			6
2025.10.28	02:13:17.587	0.92591	0.92603			6
2025.10.28	02:13:21.328	0.92592				2
2025.10.28	02:13:25.173	0.92591				2
2025.10.28	02:13:26.482		0.92604			4
2025.10.28	02:13:26.931	0.92592	0.92603			6
2025.10.28	02:13:28.291		0.92602			4
2025.10.28	02:13:29.339		0.92601			4
2025.10.28	02:13:44.218		0.92603			4
2025.10.28	02:13:51.702		0.92600			4
2025.10.28	02:13:53.982		0.92601			4
2025.10.28	02:14:05.289	0.92592				2
2025.10.28	02:14:05.596	0.92591	0.92600			6
2025.10.28	02:14:06.746		0.92601			4
2025.10.28	02:14:09.512	0.92592	0.92600			6
2025.10.28	02:14:23.087	0.92593	0.92601			6
2025.10.28	02:14:24.254	0.92592				2
2025.10.28	02:14:25.141		0.92600			4
2025.10.28	02:14:35.160	0.92591	0.92601			6
2025.10.28	02:14:44.640	0.92592				2
2025.10.28	02:15:00.305	0.92592				2
2025.10.28	02:15:13.271		0.92602			4
2025.10.28	02:15:19.250		0.92603			4
2025.10.28	02:15:20.412		0.92600			4
2025.10.28	02:15:20.756	0.92591	0.92601			6
2025.10.28	02:15:21.778	0.92592	0.92602			6
2025.10.28	02:15:36.019	0.92594	0.92603			6
2025.10.28	02:15:38.207	0.92590	0.92599			6
2025.10.28	02:15:38.602		0.92598			4
2025.10.28	02:15:53.090	0.92588	0.92597			6
2025.10.28	02:15:53.870	0.92589	0.92596			6
2025.10.28	02:15:54.230	0.92588	0.92597			6
2025.10.28	02:15:59.275	0.92587	0.92599			6
2025.10.28	02:16:00.313	0.92588	0.92597			6
2025.10.28	02:16:00.627	0.92587				2
2025.10.28	02:16:01.521	0.92588	0.92598			6
2025.10.28	02:16:02.657		0.92597			4
2025.10.28	02:16:03.677		0.92598			4
2025.10.28	02:16:05.749	0.92587				2
2025.10.28	02:16:09.892	0.92588	0.92597			6
2025.10.28	02:16:11.012	0.92587	0.92598			6
2025.10.28	02:16:12.045		0.92599			4
2025.10.28	02:16:16.106	0.92588				2
2025.10.28	02:16:16.583		0.92597			4
2025.10.28	02:16:18.198		0.92599			4
2025.10.28	02:16:18.703		0.92600			4
2025.10.28	02:16:19.214	0.92589	0.92599			6
2025.10.28	02:16:22.293	0.92588				2
2025.10.28	02:16:23.575	0.92587				2
2025.10.28	02:16:26.472	0.92588				2
2025.10.28	02:16:29.639		0.92600			4
2025.10.28	02:16:32.770	0.92589				2
2025.10.28	02:16:36.278	0.92586	0.92595			6
2025.10.28	02:16:39.655	0.92587	0.92596			6
2025.10.28	02:16:45.475		0.92595			4
2025.10.28	02:16:52.869		0.92596			4
2025.10.28	02:16:55.084		0.92597			4
2025.10.28	02:16:56.400		0.92596			4
2025.10.28	02:16:57.095		0.92595			4
2025.10.28	02:17:00.625	0.92587				2
2025.10.28	02:17:00.999	0.92589	0.92597			6
2025.10.28	02:17:15.611	0.92588				2
2025.10.28	02:17:17.841		0.92596			4
2025.10.28	02:17:29.498		0.92595			4
2025.10.28	02:17:42.243	0.92586	0.92594			6
2025.10.28	02:17:45.550		0.92595			4
2025.10.28	02:17:50.719	0.92587	0.92596			6
2025.10.28	02:17:58.380	0.92586	0.92595			6
2025.10.28	02:17:59.389		0.92594			4
2025.10.28	02:18:00.360	0.92587				2
2025.10.28	02:18:18.748	0.92586				2
2025.10.28	02:18:19.911	0.92587				2
2025.10.28	02:18:28.982		0.92595			4
2025.10.28	02:18:43.742	0.92586	0.92594			6
2025.10.28	02:18:56.192		0.92596			4
2025.10.28	02:18:59.498	0.92587				2
2025.10.28	02:19:01.095	0.92587	0.92597			6
2025.10.28	02:19:11.933		0.92598			4
2025.10.28	02:19:17.499	0.92588	0.92597			6
2025.10.28	02:19:25.853	0.92587				2
2025.10.28	02:19:33.092	0.92585	0.92593			6
2025.10.28	02:19:33.444		0.92594			4
2025.10.28	02:19:35.829		0.92593			4
2025.10.28	02:19:50.644		0.92594			4
2025.10.28	02:20:00.432	0.92585	0.92593			6
2025.10.28	02:20:35.906		0.92594			4
2025.10.28	02:20:41.657		0.92593			4
2025.10.28	02:20:42.015		0.92595			4
2025.10.28	02:20:42.890		0.92594			4
2025.10.28	02:20:44.780	0.92586				2
2025.10.28	02:20:46.481	0.92585				2
2025.10.28	02:20:53.957		0.92596			4
2025.10.28	02:20:57.481		0.92595			4
2025.10.28	02:21:01.188	0.92585				2
2025.10.28	02:21:02.903		0.92593			4
2025.10.28	02:21:03.218		0.92594			4
2025.10.28	02:21:04.182	0.92583	0.92596			6
2025.10.28	02:21:04.506		0.92595			4
2025.10.28	02:21:07.663	0.92584	0.92594			6
2025.10.28	02:21:08.045	0.92583	0.92595			6
2025.10.28	02:21:11.711	0.92584	0.92594			6
2025.10.28	02:21:12.288		0.92593			4
2025.10.28	02:21:13.845	0.92585	0.92592			6
2025.10.28	02:21:17.670	0.92584				2
2025.10.28	02:21:19.815		0.92594			4
2025.10.28	02:21:28.029	0.92583	0.92590			6
2025.10.28	02:21:32.499	0.92582	0.92591			6
2025.10.28	02:21:34.859		0.92590			4
2025.10.28	02:21:42.813	0.92581				2
2025.10.28	02:21:43.241	0.92582				2
2025.10.28	02:21:46.376	0.92581				2
2025.10.28	02:21:46.707	0.92582				2
2025.10.28	02:21:47.217		0.92591			4
2025.10.28	02:21:55.775		0.92590			4
2025.10.28	02:22:00.411	0.92582	0.92591			6
2025.10.28	02:22:06.791	0.92583				2
2025.10.28	02:22:15.952	0.92582				2
2025.10.28	02:22:18.042	0.92583				2
2025.10.28	02:22:18.457	0.92582	0.92590			6
2025.10.28	02:22:20.259		0.92591			4
2025.10.28	02:22:36.483	0.92583				2
2025.10.28	02:23:00.535	0.92583	0.92592			6
2025.10.28	02:23:00.846	0.92582	0.92590			6
2025.10.28	02:23:01.842	0.92581				2
2025.10.28	02:23:03.915	0.92582	0.92591			6
2025.10.28	02:23:24.762	0.92585	0.92593			6
2025.10.28	02:23:34.667	0.92583	0.92591			6
2025.10.28	02:23:35.717	0.92584				2
2025.10.28	02:23:54.318		0.92593			4
2025.10.28	02:24:02.225	0.92584				2
2025.10.28	02:24:03.467	0.92585				2
2025.10.28	02:24:06.820	0.92584				2
2025.10.28	02:24:07.827	0.92585				2
2025.10.28	02:24:11.564	0.92586	0.92594			6
2025.10.28	02:24:52.481	0.92585	0.92593			6
2025.10.28	02:24:53.383	0.92586	0.92594			6
2025.10.28	02:24:54.871	0.92587	0.92595			6
2025.10.28	02:24:55.181	0.92588	0.92596			6
2025.10.28	02:24:58.418	0.92585	0.92593			6
2025.10.28	02:24:58.774	0.92584				2
2025.10.28	02:25:00.281	0.92586	0.92594			6
2025.10.28	02:25:02.350		0.92595			4
2025.10.28	02:25:03.098		0.92594			4
2025.10.28	02:25:04.361	0.92585				2
2025.10.28	02:25:05.475	0.92586				2
2025.10.28	02:25:06.376	0.92584	0.92592			6
2025.10.28	02:25:10.932		0.92593			4
2025.10.28	02:25:13.555		0.92592			4
2025.10.28	02:25:14.561		0.92593			4
2025.10.28	02:25:15.661	0.92585	0.92592			6
2025.10.28	02:25:20.303		0.92594			4
2025.10.28	02:25:21.322		0.92593			4
2025.10.28	02:25:34.175	0.92584	0.92592			6
2025.10.28	02:25:36.361	0.92585	0.92594			6
2025.10.28	02:25:36.682		0.92592			4
2025.10.28	02:25:37.378	0.92584	0.92594			6
2025.10.28	02:25:46.087		0.92593			4
2025.10.28	02:25:52.980	0.92583	0.92591			6
2025.10.28	02:25:54.415	0.92584				2
2025.10.28	02:25:56.744		0.92593			4
2025.10.28	02:25:57.180	0.92582	0.92592			6
2025.10.28	02:25:58.160	0.92584	0.92593			6
2025.10.28	02:25:59.557		0.92592			4
2025.10.28	02:26:00.904	0.92584				2
2025.10.28	02:26:11.856	0.92585	0.92593			6
2025.10.28	02:26:13.381	0.92584				2
2025.10.28	02:26:26.359	0.92583	0.92594			6
2025.10.28	02:26:29.464		0.92593			4
2025.10.28	02:26:30.935		0.92592			4
2025.10.28	02:26:32.681	0.92584	0.92593			6
2025.10.28	02:26:36.841	0.92583	0.92592			6
2025.10.28	02:26:37.725		0.92591			4
2025.10.28	02:26:43.072	0.92586	0.92595			6
2025.10.28	02:26:44.152	0.92585				2
2025.10.28	02:26:45.073	0.92586	0.92594			6
2025.10.28	02:26:45.805		0.92595			4
2025.10.28	02:26:47.887	0.92583	0.92593			6
2025.10.28	02:26:51.860	0.92584	0.92591			6
2025.10.28	02:26:52.236	0.92586	0.92596			6
2025.10.28	02:26:56.989		0.92597			4
2025.10.28	02:27:00.424	0.92586				2
2025.10.28	02:27:02.770	0.92585	0.92596			6
2025.10.28	02:27:04.709	0.92588				2
2025.10.28	02:27:06.420	0.92587				2
2025.10.28	02:27:36.865		0.92597			4
2025.10.28	02:27:47.062	0.92588	0.92596			6
2025.10.28	02:28:01.507	0.92588				2
2025.10.28	02:28:06.278	0.92587				2
2025.10.28	02:28:13.372	0.92589	0.92597			6
2025.10.28	02:28:46.701		0.92598			4
2025.10.28	02:29:00.496	0.92589	0.92599			6
2025.10.28	02:29:13.671	0.92590	0.92598			6
2025.10.28	02:29:43.847	0.92589	0.92599			6
2025.10.28	02:29:50.085		0.92598			4
2025.10.28	02:29:56.341		0.92597			4
2025.10.28	02:29:59.176		0.92598			4
2025.10.28	02:30:00.637	0.92589				2
2025.10.28	02:30:15.382		0.92597			4
2025.10.28	02:30:45.979	0.92590				2
2025.10.28	02:30:48.684		0.92598			4
2025.10.28	02:30:56.690	0.92589	0.92599			6
2025.10.28	02:31:00.248	0.92582	0.92596			6
2025.10.28	02:31:00.559	0.92585				2
2025.10.28	02:31:01.181	0.92581				2
2025.10.28	02:31:01.491	0.92582				2
2025.10.28	02:31:02.223	0.92581	0.92597			6
2025.10.28	02:31:02.924	0.92590	0.92602			6
2025.10.28	02:31:04.428	0.92589	0.92604			6
2025.10.28	02:31:04.738	0.92590	0.92598			6
2025.10.28	02:31:06.105	0.92589				2
2025.10.28	02:31:06.581	0.92590				2
2025.10.28	02:31:07.389	0.92591	0.92603			6
2025.10.28	02:31:07.691	0.92590	0.92601			6
2025.10.28	02:31:08.153	0.92588	0.92598			6
2025.10.28	02:31:08.538	0.92587				2
2025.10.28	02:31:10.771	0.92588	0.92597			6
2025.10.28	02:31:11.468	0.92587	0.92599			6
2025.10.28	02:31:12.200	0.92584	0.92598			6
2025.10.28	02:31:12.513	0.92583				2
2025.10.28	02:31:12.897		0.92599			4
2025.10.28	02:31:13.373		0.92597			4
2025.10.28	02:31:13.681		0.92598			4
2025.10.28	02:31:14.584	0.92584				2
2025.10.28	02:31:14.996	0.92583				2
2025.10.28	02:31:16.850	0.92586	0.92599			6
2025.10.28	02:31:17.175	0.92587	0.92598			6
2025.10.28	02:31:17.537	0.92586	0.92599			6
2025.10.28	02:31:18.583	0.92585	0.92601			6
2025.10.28	02:31:18.899	0.92589	0.92600			6
2025.10.28	02:31:19.591	0.92588				2
2025.10.28	02:31:19.898	0.92587	0.92601			6
2025.10.28	02:31:20.415	0.92588	0.92600			6
2025.10.28	02:31:21.967	0.92589	0.92599			6
2025.10.28	02:31:22.359	0.92588	0.92600			6
2025.10.28	02:31:23.132	0.92589				2
