<DATE>	<TIME>	<BID>	<ASK>	<LAST>	<VOLUME>	<FLAGS>
2025.03.06	00:00:00.177	0.96050	0.96221			6
2025.03.06	00:00:00.554	0.96034	0.96263			6
2025.03.06	00:00:25.875	0.96023	0.96254			6
2025.03.06	00:00:31.029	0.96044	0.96256			6
2025.03.06	00:00:36.633	0.96060				2
2025.03.06	00:01:00.316	0.96060	0.96255			6
2025.03.06	00:01:55.860	0.96048				2
2025.03.06	00:01:56.747	0.96030	0.96258			6
2025.03.06	00:02:20.961	0.96030				2
2025.03.06	00:02:50.843	0.96024	0.96227			6
2025.03.06	00:02:56.746	0.96021	0.96257			6
2025.03.06	00:03:10.530	0.96021				2
2025.03.06	00:03:56.760		0.96254			4
2025.03.06	00:04:10.966	0.96021				2
2025.03.06	00:05:06.185	0.96021	0.96254			6
2025.03.06	00:05:56.748		0.96253			4
2025.03.06	00:06:00.053	0.96021				2
2025.03.06	00:06:57.099		0.96253			4
2025.03.06	00:07:00.245	0.96021				2
2025.03.06	00:07:10.549		0.96230			4
2025.03.06	00:07:25.552		0.96217			4
2025.03.06	00:07:28.356		0.96214			4
2025.03.06	00:07:38.361		0.96213			4
2025.03.06	00:07:40.552		0.96212			4
2025.03.06	00:07:59.541		0.96210			4
2025.03.06	00:08:00.376	0.96021	0.96214			6
2025.03.06	00:08:00.775		0.96213			4
2025.03.06	00:08:02.782		0.96212			4
2025.03.06	00:08:03.377		0.96213			4
2025.03.06	00:08:04.176		0.96210			4
2025.03.06	00:08:04.561		0.96207			4
2025.03.06	00:08:05.204		0.96206			4
2025.03.06	00:08:06.355		0.96219			4
2025.03.06	00:08:08.357		0.96223			4
2025.03.06	00:08:10.363		0.96216			4
2025.03.06	00:08:13.232		0.96215			4
2025.03.06	00:08:16.360		0.96203			4
2025.03.06	00:08:17.417		0.96204			4
2025.03.06	00:08:18.374		0.96207			4
2025.03.06	00:08:19.788		0.96205			4
2025.03.06	00:08:22.361		0.96202			4
2025.03.06	00:08:32.354		0.96200			4
2025.03.06	00:08:34.791		0.96199			4
2025.03.06	00:08:40.320		0.96197			4
2025.03.06	00:08:56.361		0.96194			4
2025.03.06	00:08:56.748	0.96014				2
2025.03.06	00:08:59.785		0.96191			4
2025.03.06	00:09:04.789	0.96014	0.96193			6
2025.03.06	00:09:31.744		0.96190			4
2025.03.06	00:09:34.791		0.96193			4
2025.03.06	00:10:00.358	0.96014	0.96212			6
2025.03.06	00:10:07.867		0.96218			4
2025.03.06	00:10:11.936	0.96033	0.96214			6
2025.03.06	00:10:18.607	0.96032				2
2025.03.06	00:10:29.809		0.96217			4
2025.03.06	00:10:32.836	0.96031				2
2025.03.06	00:10:39.193	0.96032				2
2025.03.06	00:10:54.328	0.96027	0.96224			6
2025.03.06	00:11:00.078	0.96027				2
2025.03.06	00:11:04.619	0.96026	0.96222			6
2025.03.06	00:11:18.341	0.96024	0.96233			6
2025.03.06	00:11:19.450	0.96021	0.96231			6
2025.03.06	00:11:24.247	0.96026	0.96222			6
2025.03.06	00:11:24.848	0.96021	0.96231			6
2025.03.06	00:11:26.584		0.96242			4
2025.03.06	00:11:26.967		0.96244			4
2025.03.06	00:11:28.231		0.96238			4
2025.03.06	00:11:30.737	0.96026	0.96227			6
2025.03.06	00:11:31.364	0.96021	0.96238			6
2025.03.06	00:11:32.502		0.96236			4
2025.03.06	00:11:33.010		0.96238			4
2025.03.06	00:11:37.143	0.96026	0.96227			6
2025.03.06	00:11:37.781	0.96021	0.96238			6
2025.03.06	00:11:43.574	0.96026	0.96227			6
2025.03.06	00:11:44.197	0.96021	0.96238			6
2025.03.06	00:11:49.976	0.96025	0.96226			6
2025.03.06	00:11:50.615	0.96021	0.96238			6
2025.03.06	00:11:54.667		0.96236			4
2025.03.06	00:11:55.097		0.96237			4
2025.03.06	00:12:01.400	0.96021				2
2025.03.06	00:12:04.817		0.96256			4
2025.03.06	00:12:07.398		0.96231			4
2025.03.06	00:12:07.821		0.96232			4
2025.03.06	00:12:10.703		0.96231			4
2025.03.06	00:12:16.784		0.96230			4
2025.03.06	00:12:21.498		0.96229			4
2025.03.06	00:12:29.899		0.96228			4
2025.03.06	00:12:37.397		0.96227			4
2025.03.06	00:12:45.497		0.96226			4
2025.03.06	00:12:53.598		0.96225			4
2025.03.06	00:12:58.398		0.96224			4
2025.03.06	00:13:00.200	0.96021				2
2025.03.06	00:13:04.702		0.96223			4
2025.03.06	00:13:11.297		0.96222			4
2025.03.06	00:13:19.700		0.96217			4
2025.03.06	00:13:21.800		0.96216			4
2025.03.06	00:13:22.788		0.96221			4
2025.03.06	00:13:34.401		0.96220			4
2025.03.06	00:13:49.707	0.96022	0.96219			6
2025.03.06	00:14:03.501	0.96023				2
2025.03.06	00:14:09.196		0.96218			4
2025.03.06	00:14:22.398	0.96024				2
2025.03.06	00:14:34.700		0.96217			4
2025.03.06	00:14:39.027	0.96021	0.96189			6
2025.03.06	00:14:39.551	0.96057	0.96188			6
2025.03.06	00:14:40.357		0.96187			4
2025.03.06	00:14:41.530		0.96183			4
2025.03.06	00:14:42.028		0.96185			4
2025.03.06	00:14:42.329		0.96180			4
2025.03.06	00:14:50.107		0.96178			4
2025.03.06	00:14:50.613		0.96182			4
2025.03.06	00:14:51.108		0.96178			4
2025.03.06	00:14:52.698		0.96177			4
2025.03.06	00:14:58.780		0.96181			4
2025.03.06	00:15:00.311	0.96057				2
2025.03.06	00:15:06.798		0.96180			4
2025.03.06	00:15:07.109		0.96176			4
2025.03.06	00:16:44.466	0.96057	0.96169			6
2025.03.06	00:17:00.520	0.96057	0.96168			6
2025.03.06	00:17:17.957		0.96169			4
2025.03.06	00:17:44.450		0.96177			4
2025.03.06	00:17:56.254	0.96067				2
2025.03.06	00:17:57.272	0.96057				2
2025.03.06	00:17:58.289	0.96067				2
2025.03.06	00:17:59.300	0.96057				2
2025.03.06	00:17:59.762	0.96067				2
2025.03.06	00:18:00.962	0.96067				2
2025.03.06	00:18:03.264	0.96057				2
2025.03.06	00:18:24.749		0.96172			4
2025.03.06	00:18:27.227		0.96173			4
2025.03.06	00:18:54.659		0.96177			4
2025.03.06	00:19:00.638	0.96057				2
2025.03.06	00:19:10.966		0.96174			4
2025.03.06	00:19:43.822		0.96175			4
2025.03.06	00:20:00.638	0.96057				2
2025.03.06	00:20:13.997		0.96174			4
2025.03.06	00:20:59.395		0.96177			4
2025.03.06	00:21:00.639	0.96057				2
2025.03.06	00:21:50.218		0.96188			4
2025.03.06	00:22:00.638	0.96057				2
2025.03.06	00:22:57.429		0.96188			4
2025.03.06	00:23:00.642	0.96057				2
2025.03.06	00:23:57.984		0.96196			4
2025.03.06	00:24:00.197	0.96057				2
2025.03.06	00:24:03.266	0.96056	0.96197			6
2025.03.06	00:24:38.589		0.96196			4
2025.03.06	00:25:00.311	0.96056				2
2025.03.06	00:25:06.655		0.96197			4
2025.03.06	00:25:45.797		0.96196			4
2025.03.06	00:26:00.641	0.96056				2
2025.03.06	00:26:26.899		0.96199			4
2025.03.06	00:26:34.390		0.96202			4
2025.03.06	00:26:35.901	0.96052				2
2025.03.06	00:26:42.360	0.96046	0.96204			6
2025.03.06	00:26:47.525	0.96016	0.96205			6
2025.03.06	00:26:48.277	0.96050				2
2025.03.06	00:26:54.200		0.96204			4
2025.03.06	00:27:00.525	0.96050				2
2025.03.06	00:27:23.904		0.96203			4
2025.03.06	00:27:43.105		0.96202			4
2025.03.06	00:27:50.504		0.96201			4
2025.03.06	00:27:51.123		0.96202			4
2025.03.06	00:27:54.320	0.96078	0.96216			6
2025.03.06	00:27:54.649	0.96073				2
2025.03.06	00:27:55.365	0.96077				2
2025.03.06	00:27:55.730	0.96051	0.96199			6
2025.03.06	00:28:00.399	0.96051	0.96198			6
2025.03.06	00:28:01.029	0.96067	0.96215			6
2025.03.06	00:28:01.566	0.96069				2
2025.03.06	00:28:02.118	0.96051				2
2025.03.06	00:28:03.128	0.96101	0.96207			6
2025.03.06	00:28:03.498		0.96197			4
2025.03.06	00:28:05.766		0.96196			4
2025.03.06	00:28:07.681	0.96051				2
2025.03.06	00:28:16.677		0.96198			4
2025.03.06	00:28:20.169		0.96195			4
2025.03.06	00:28:20.522		0.96198			4
2025.03.06	00:28:22.700		0.96197			4
2025.03.06	00:28:34.667	0.96054	0.96205			6
2025.03.06	00:28:35.588	0.96104				2
2025.03.06	00:28:36.360		0.96207			4
2025.03.06	00:28:36.930		0.96208			4
2025.03.06	00:28:42.186		0.96207			4
2025.03.06	00:28:42.503	0.96055				2
2025.03.06	00:28:44.469		0.96206			4
2025.03.06	00:28:46.191		0.96195			4
2025.03.06	00:28:48.356		0.96196			4
2025.03.06	00:28:49.857		0.96195			4
2025.03.06	00:28:50.297		0.96196			4
2025.03.06	00:28:52.674		0.96197			4
2025.03.06	00:28:54.140		0.96174			4
2025.03.06	00:28:56.602	0.96044				2
2025.03.06	00:28:57.276	0.96052	0.96197			6
2025.03.06	00:29:00.180	0.96052				2
2025.03.06	00:29:01.893		0.96196			4
2025.03.06	00:29:02.203		0.96195			4
2025.03.06	00:29:06.433		0.96194			4
2025.03.06	00:29:08.689		0.96175			4
2025.03.06	00:29:09.101	0.96104	0.96206			6
2025.03.06	00:29:11.124	0.96055	0.96184			6
2025.03.06	00:29:16.500		0.96171			4
2025.03.06	00:29:16.997		0.96172			4
2025.03.06	00:29:23.196	0.96049	0.96171			6
2025.03.06	00:29:41.897		0.96172			4
2025.03.06	00:29:46.565		0.96173			4
2025.03.06	00:29:59.297		0.96172			4
2025.03.06	00:30:00.328	0.96049	0.96168			6
2025.03.06	00:30:00.881		0.96181			4
2025.03.06	00:30:04.196		0.96180			4
2025.03.06	00:30:10.319		0.96170			4
2025.03.06	00:30:20.478		0.96175			4
2025.03.06	00:30:23.246	0.96048				2
2025.03.06	00:30:43.904		0.96174			4
2025.03.06	00:30:44.936		0.96176			4
2025.03.06	00:30:55.099		0.96175			4
2025.03.06	00:30:58.101	0.96053	0.96177			6
2025.03.06	00:30:59.185	0.96048				2
2025.03.06	00:31:00.111	0.96048				2
2025.03.06	00:31:00.610		0.96175			4
2025.03.06	00:31:01.610	0.96036	0.96172			6
2025.03.06	00:31:14.302		0.96171			4
2025.03.06	00:31:16.354	0.96037				2
2025.03.06	00:31:19.356	0.96041	0.96169			6
2025.03.06	00:31:27.164		0.96166			4
2025.03.06	00:31:33.165		0.96167			4
2025.03.06	00:31:44.600		0.96166			4
2025.03.06	00:31:57.206		0.96165			4
2025.03.06	00:32:00.309	0.96041	0.96162			6
2025.03.06	00:32:01.272	0.96045	0.96168			6
2025.03.06	00:32:01.854	0.96048				2
2025.03.06	00:32:13.565	0.96041				2
2025.03.06	00:32:16.521		0.96166			4
2025.03.06	00:32:16.840		0.96168			4
2025.03.06	00:32:19.186	0.96043	0.96166			6
2025.03.06	00:32:26.673		0.96168			4
2025.03.06	00:32:27.509		0.96166			4
2025.03.06	00:32:27.838		0.96168			4
2025.03.06	00:32:28.140		0.96166			4
2025.03.06	00:32:29.079		0.96168			4
2025.03.06	00:32:29.379		0.96166			4
2025.03.06	00:32:29.683		0.96168			4
2025.03.06	00:32:30.625		0.96166			4
2025.03.06	00:32:30.929		0.96168			4
2025.03.06	00:32:31.553		0.96166			4
2025.03.06	00:32:31.916		0.96168			4
2025.03.06	00:32:32.218		0.96166			4
2025.03.06	00:32:32.843		0.96168			4
2025.03.06	00:32:33.153		0.96166			4
2025.03.06	00:32:38.945	0.96033				2
2025.03.06	00:32:39.695	0.96042				2
2025.03.06	00:32:57.631		0.96165			4
2025.03.06	00:32:58.265		0.96166			4
2025.03.06	00:32:58.918		0.96165			4
2025.03.06	00:32:59.535		0.96166			4
2025.03.06	00:33:00.164	0.96042				2
2025.03.06	00:33:00.479		0.96165			4
2025.03.06	00:33:01.416		0.96166			4
2025.03.06	00:33:01.803		0.96165			4
2025.03.06	00:33:02.105		0.96166			4
2025.03.06	00:33:03.160	0.96085	0.96157			6
2025.03.06	00:33:03.985	0.96049	0.96167			6
2025.03.06	00:33:04.958	0.96042	0.96166			6
2025.03.06	00:33:05.324		0.96165			4
2025.03.06	00:33:06.933	0.96046				2
2025.03.06	00:33:07.244	0.96042				2
2025.03.06	00:33:16.700	0.96049				2
2025.03.06	00:33:23.403	0.96042				2
2025.03.06	00:33:27.522		0.96164			4
2025.03.06	00:33:32.030		0.96166			4
2025.03.06	00:33:34.699		0.96167			4
2025.03.06	00:33:40.381		0.96162			4
2025.03.06	00:33:49.699		0.96161			4
2025.03.06	00:34:00.524	0.96042				2
2025.03.06	00:34:03.802	0.96044				2
2025.03.06	00:34:04.974		0.96158			4
2025.03.06	00:34:12.799		0.96157			4
2025.03.06	00:34:40.788		0.96156			4
2025.03.06	00:34:51.199		0.96155			4
2025.03.06	00:35:02.007	0.96044				2
2025.03.06	00:35:05.804		0.96154			4
2025.03.06	00:35:32.034		0.96153			4
2025.03.06	00:35:40.356		0.96158			4
2025.03.06	00:35:57.504		0.96157			4
2025.03.06	00:36:02.937	0.96044				2
2025.03.06	00:36:03.984	0.96046				2
2025.03.06	00:36:34.582	0.96032				2
2025.03.06	00:36:36.503		0.96156			4
2025.03.06	00:36:42.365	0.96012				2
2025.03.06	00:36:46.370		0.96157			4
2025.03.06	00:36:51.776	0.96046				2
2025.03.06	00:36:54.993		0.96156			4
2025.03.06	00:37:01.104	0.96046				2
2025.03.06	00:37:02.839		0.96158			4
2025.03.06	00:37:14.066	0.96047				2
2025.03.06	00:37:18.249	0.96052				2
2025.03.06	00:37:19.959	0.96053				2
2025.03.06	00:37:20.297		0.96153			4
2025.03.06	00:37:20.604		0.96155			4
2025.03.06	00:37:23.000		0.96154			4
2025.03.06	00:37:23.444	0.96048	0.96156			6
2025.03.06	00:37:23.746		0.96158			4
2025.03.06	00:37:25.759	0.96027				2
2025.03.06	00:37:30.764	0.96050				2
2025.03.06	00:37:31.863		0.96157			4
2025.03.06	00:37:43.606		0.96159			4
2025.03.06	00:37:43.959		0.96158			4
2025.03.06	00:37:44.275		0.96159			4
2025.03.06	00:37:44.596		0.96162			4
2025.03.06	00:37:45.143		0.96161			4
2025.03.06	00:37:45.476		0.96158			4
2025.03.06	00:37:45.959		0.96159			4
2025.03.06	00:37:48.310	0.96045	0.96160			6
2025.03.06	00:37:48.737	0.96059	0.96162			6
2025.03.06	00:37:53.263	0.96052				2
2025.03.06	00:37:54.782		0.96161			4
2025.03.06	00:37:55.515		0.96168			4
2025.03.06	00:38:00.504	0.96052				2
2025.03.06	00:38:01.701		0.96169			4
2025.03.06	00:38:14.748		0.96166			4
2025.03.06	00:38:20.602		0.96168			4
2025.03.06	00:38:21.349		0.96167			4
2025.03.06	00:38:23.448		0.96168			4
2025.03.06	00:38:35.835		0.96169			4
2025.03.06	00:38:41.189	0.96043	0.96161			6
2025.03.06	00:38:41.903		0.96160			4
2025.03.06	00:38:42.251		0.96161			4
2025.03.06	00:38:44.742	0.96056	0.96168			6
2025.03.06	00:38:45.045		0.96170			4
2025.03.06	00:38:45.656		0.96171			4
2025.03.06	00:38:50.051	0.96052	0.96170			6
2025.03.06	00:38:50.359		0.96169			4
2025.03.06	00:38:50.738	0.96058	0.96171			6
2025.03.06	00:38:58.104		0.96170			4
2025.03.06	00:38:59.897		0.96168			4
2025.03.06	00:39:00.351	0.96058				2
2025.03.06	00:39:00.652		0.96169			4
2025.03.06	00:39:01.457	0.96043	0.96163			6
2025.03.06	00:39:01.846		0.96162			4
2025.03.06	00:39:03.230		0.96161			4
2025.03.06	00:39:04.682		0.96160			4
2025.03.06	00:39:05.432		0.96165			4
2025.03.06	00:39:08.068	0.96052	0.96158			6
2025.03.06	00:39:20.753		0.96160			4
2025.03.06	00:39:21.999		0.96161			4
2025.03.06	00:39:23.396		0.96158			4
2025.03.06	00:39:23.942		0.96157			4
2025.03.06	00:39:24.783		0.96158			4
2025.03.06	00:39:42.163		0.96159			4
2025.03.06	00:39:48.735	0.96054	0.96155			6
2025.03.06	00:39:49.397		0.96156			4
2025.03.06	00:39:49.822		0.96157			4
2025.03.06	00:39:50.899		0.96158			4
2025.03.06	00:39:53.265	0.96079				2
2025.03.06	00:39:56.281		0.96149			4
2025.03.06	00:40:00.376	0.96079				2
2025.03.06	00:40:12.423	0.96075				2
2025.03.06	00:40:22.097	0.96073				2
2025.03.06	00:40:44.859	0.96071				2
2025.03.06	00:40:56.453		0.96149			4
2025.03.06	00:41:00.236	0.96071				2
2025.03.06	00:41:07.858	0.96065				2
2025.03.06	00:41:10.724		0.96145			4
2025.03.06	00:41:17.229	0.96060	0.96141			6
2025.03.06	00:41:18.264	0.96063				2
2025.03.06	00:41:32.870		0.96146			4
2025.03.06	00:41:34.702		0.96150			4
2025.03.06	00:41:36.219	0.96064	0.96158			6
2025.03.06	00:41:36.796	0.96061	0.96157			6
2025.03.06	00:41:49.128		0.96159			4
2025.03.06	00:41:52.248		0.96161			4
2025.03.06	00:41:55.397		0.96162			4
2025.03.06	00:42:00.324	0.96061				2
2025.03.06	00:42:04.960		0.96163			4
2025.03.06	00:42:06.736		0.96160			4
2025.03.06	00:42:07.416		0.96161			4
2025.03.06	00:42:11.599		0.96162			4
2025.03.06	00:42:24.782		0.96156			4
2025.03.06	00:42:34.704		0.96157			4
2025.03.06	00:42:36.209		0.96158			4
2025.03.06	00:42:36.570		0.96162			4
2025.03.06	00:42:36.909		0.96158			4
2025.03.06	00:42:37.361		0.96163			4
2025.03.06	00:42:38.277		0.96164			4
2025.03.06	00:42:38.586		0.96160			4
2025.03.06	00:42:48.927		0.96163			4
2025.03.06	00:42:49.243		0.96165			4
2025.03.06	00:42:49.669		0.96158			4
2025.03.06	00:42:50.308		0.96159			4
2025.03.06	00:42:50.616		0.96162			4
2025.03.06	00:42:50.985		0.96161			4
2025.03.06	00:42:51.292		0.96157			4
2025.03.06	00:42:51.663		0.96159			4
2025.03.06	00:42:51.984		0.96163			4
2025.03.06	00:42:52.323		0.96161			4
2025.03.06	00:42:52.794		0.96164			4
2025.03.06	00:42:53.248		0.96160			4
2025.03.06	00:43:00.520	0.96061				2
2025.03.06	00:43:01.890		0.96161			4
2025.03.06	00:43:02.286		0.96165			4
2025.03.06	00:43:02.788		0.96157			4
2025.03.06	00:43:03.096		0.96160			4
2025.03.06	00:43:03.467		0.96164			4
2025.03.06	00:43:03.920		0.96162			4
2025.03.06	00:43:04.374		0.96159			4
2025.03.06	00:43:04.691		0.96162			4
2025.03.06	00:43:04.999		0.96152			4
2025.03.06	00:43:05.306		0.96160			4
2025.03.06	00:43:05.714		0.96163			4
2025.03.06	00:43:07.097		0.96164			4
2025.03.06	00:43:20.753		0.96161			4
2025.03.06	00:43:21.377		0.96160			4
2025.03.06	00:43:27.578		0.96164			4
2025.03.06	00:43:32.013		0.96158			4
2025.03.06	00:43:33.856		0.96157			4
2025.03.06	00:43:39.423		0.96163			4
2025.03.06	00:43:40.664		0.96160			4
2025.03.06	00:43:41.164		0.96164			4
2025.03.06	00:43:52.729		0.96160			4
2025.03.06	00:43:53.171		0.96161			4
2025.03.06	00:43:53.636		0.96162			4
2025.03.06	00:43:55.677		0.96159			4
2025.03.06	00:43:56.133		0.96162			4
2025.03.06	00:43:56.446		0.96163			4
2025.03.06	00:43:56.807		0.96159			4
2025.03.06	00:44:00.520	0.96061				2
2025.03.06	00:44:05.441		0.96163			4
2025.03.06	00:44:05.859		0.96161			4
2025.03.06	00:44:06.348		0.96165			4
2025.03.06	00:44:06.811		0.96162			4
2025.03.06	00:44:07.478		0.96161			4
2025.03.06	00:44:07.932		0.96163			4
2025.03.06	00:44:08.234		0.96161			4
2025.03.06	00:44:08.614		0.96165			4
2025.03.06	00:44:09.074		0.96166			4
2025.03.06	00:44:09.388		0.96161			4
2025.03.06	00:44:10.397		0.96160			4
2025.03.06	00:44:18.148		0.96161			4
2025.03.06	00:44:18.591		0.96163			4
2025.03.06	00:44:19.066		0.96164			4
2025.03.06	00:44:19.964		0.96163			4
2025.03.06	00:44:20.277		0.96159			4
2025.03.06	00:44:20.646		0.96165			4
2025.03.06	00:44:20.960		0.96157			4
2025.03.06	00:44:21.300		0.96158			4
2025.03.06	00:44:21.632		0.96160			4
2025.03.06	00:44:24.575		0.96164			4
2025.03.06	00:44:31.193		0.96165			4
2025.03.06	00:44:44.358		0.96157			4
2025.03.06	00:44:44.664		0.96160			4
2025.03.06	00:44:45.029		0.96161			4
2025.03.06	00:44:45.457		0.96162			4
2025.03.06	00:44:48.397		0.96163			4
2025.03.06	00:44:55.443		0.96164			4
2025.03.06	00:45:00.030	0.96061	0.96162			6
2025.03.06	00:45:02.049	0.96052	0.96173			6
2025.03.06	00:45:04.165	0.96061	0.96162			6
2025.03.06	00:45:08.954	0.96079	0.96145			6
2025.03.06	00:45:09.226		0.96146			4
2025.03.06	00:45:09.579		0.96144			4
2025.03.06	00:45:09.904		0.96138			4
2025.03.06	00:45:10.233		0.96141			4
2025.03.06	00:45:10.573		0.96142			4
2025.03.06	00:45:10.937		0.96145			4
2025.03.06	00:45:11.725		0.96146			4
2025.03.06	00:45:12.025		0.96147			4
2025.03.06	00:45:12.402		0.96148			4
2025.03.06	00:45:12.746		0.96149			4
2025.03.06	00:45:21.965		0.96143			4
2025.03.06	00:45:22.388		0.96144			4
2025.03.06	00:45:22.696		0.96149			4
2025.03.06	00:45:23.045		0.96151			4
2025.03.06	00:45:23.376		0.96146			4
2025.03.06	00:45:23.750		0.96142			4
2025.03.06	00:45:24.206		0.96141			4
2025.03.06	00:45:24.557		0.96149			4
2025.03.06	00:45:24.859		0.96148			4
2025.03.06	00:45:25.538		0.96146			4
2025.03.06	00:45:27.105		0.96148			4
2025.03.06	00:45:28.525		0.96147			4
2025.03.06	00:45:33.197		0.96148			4
2025.03.06	00:45:33.588		0.96147			4
2025.03.06	00:45:34.429		0.96149			4
2025.03.06	00:45:34.890		0.96148			4
2025.03.06	00:45:35.339		0.96149			4
2025.03.06	00:45:36.467		0.96147			4
2025.03.06	00:45:36.914		0.96145			4
2025.03.06	00:45:37.253		0.96148			4
2025.03.06	00:45:37.600		0.96150			4
2025.03.06	00:45:37.965		0.96146			4
2025.03.06	00:45:38.271		0.96141			4
2025.03.06	00:45:38.595		0.96148			4
2025.03.06	00:45:56.455		0.96149			4
2025.03.06	00:46:03.484	0.96079				2
2025.03.06	00:46:05.590		0.96148			4
2025.03.06	00:46:07.007		0.96149			4
2025.03.06	00:46:15.502		0.96146			4
2025.03.06	00:46:16.690		0.96147			4
2025.03.06	00:46:17.700		0.96146			4
2025.03.06	00:46:24.140		0.96144			4
2025.03.06	00:46:24.785		0.96152			4
2025.03.06	00:46:25.170		0.96149			4
2025.03.06	00:46:25.482		0.96144			4
2025.03.06	00:46:25.802		0.96142			4
2025.03.06	00:46:26.170		0.96144			4
2025.03.06	00:46:26.629		0.96141			4
2025.03.06	00:46:26.965		0.96145			4
2025.03.06	00:46:27.674		0.96144			4
2025.03.06	00:46:27.996		0.96147			4
2025.03.06	00:46:28.451		0.96142			4
2025.03.06	00:46:28.845		0.96141			4
2025.03.06	00:46:29.147		0.96145			4
2025.03.06	00:46:37.775		0.96146			4
2025.03.06	00:46:38.661		0.96148			4
2025.03.06	00:46:38.966		0.96145			4
2025.03.06	00:46:39.351		0.96142			4
2025.03.06	00:46:40.025		0.96144			4
2025.03.06	00:46:40.337		0.96145			4
2025.03.06	00:46:40.656		0.96149			4
2025.03.06	00:46:41.161		0.96148			4
2025.03.06	00:46:41.467		0.96142			4
2025.03.06	00:46:41.843		0.96149			4
2025.03.06	00:46:43.024		0.96142			4
2025.03.06	00:46:44.154		0.96148			4
2025.03.06	00:46:44.654		0.96145			4
2025.03.06	00:46:45.200		0.96144			4
2025.03.06	00:46:50.698		0.96143			4
2025.03.06	00:46:50.999		0.96140			4
2025.03.06	00:46:51.301		0.96147			4
2025.03.06	00:46:51.606		0.96140			4
2025.03.06	00:46:51.911		0.96142			4
2025.03.06	00:46:52.225		0.96147			4
2025.03.06	00:46:52.884		0.96141			4
2025.03.06	00:46:53.185		0.96139			4
2025.03.06	00:46:53.496		0.96144			4
2025.03.06	00:46:53.798		0.96147			4
2025.03.06	00:46:54.106		0.96143			4
2025.03.06	00:46:54.406		0.96145			4
2025.03.06	00:46:56.898		0.96144			4
2025.03.06	00:47:00.350	0.96079				2
2025.03.06	00:47:01.598		0.96148			4
2025.03.06	00:47:02.064	0.96074	0.96159			6
2025.03.06	00:47:03.298	0.96071	0.96156			6
2025.03.06	00:47:03.603	0.96073	0.96158			6
2025.03.06	00:47:04.208	0.96048	0.96148			6
2025.03.06	00:47:15.451		0.96140			4
2025.03.06	00:47:16.866		0.96146			4
2025.03.06	00:47:17.598		0.96145			4
2025.03.06	00:47:24.825		0.96142			4
2025.03.06	00:47:25.139		0.96147			4
2025.03.06	00:47:43.369		0.96148			4
2025.03.06	00:47:43.811		0.96145			4
2025.03.06	00:47:44.269		0.96148			4
2025.03.06	00:47:44.724		0.96149			4
2025.03.06	00:47:45.178	0.96022	0.96141			6
2025.03.06	00:47:54.204		0.96149			4
2025.03.06	00:47:54.714	0.96049	0.96147			6
2025.03.06	00:47:55.023		0.96149			4
2025.03.06	00:47:56.597		0.96150			4
2025.03.06	00:48:03.736	0.96049				2
2025.03.06	00:48:04.175		0.96142			4
2025.03.06	00:48:04.481	0.96016				2
2025.03.06	00:48:05.301		0.96143			4
2025.03.06	00:48:06.969		0.96137			4
2025.03.06	00:48:07.312		0.96147			4
2025.03.06	00:48:07.645		0.96145			4
2025.03.06	00:48:07.976	0.96049	0.96143			6
2025.03.06	00:48:08.327		0.96150			4
2025.03.06	00:48:08.628	0.96026	0.96143			6
2025.03.06	00:48:08.977		0.96146			4
2025.03.06	00:48:09.464		0.96143			4
2025.03.06	00:48:09.773		0.96137			4
2025.03.06	00:48:10.089		0.96148			4
2025.03.06	00:48:10.450	0.96069	0.96145			6
2025.03.06	00:48:10.752		0.96147			4
2025.03.06	00:48:11.058	0.96078				2
2025.03.06	00:48:16.251		0.96146			4
2025.03.06	00:48:20.129		0.96141			4
2025.03.06	00:48:20.463		0.96145			4
2025.03.06	00:48:20.769		0.96143			4
2025.03.06	00:48:21.251		0.96144			4
2025.03.06	00:48:21.590		0.96139			4
2025.03.06	00:48:21.910		0.96144			4
2025.03.06	00:48:22.402		0.96148			4
2025.03.06	00:48:23.739		0.96147			4
2025.03.06	00:48:37.101		0.96148			4
2025.03.06	00:49:00.840	0.96078				2
2025.03.06	00:49:01.576		0.96149			4
2025.03.06	00:49:10.520		0.96144			4
2025.03.06	00:49:10.841		0.96148			4
2025.03.06	00:49:11.204		0.96145			4
2025.03.06	00:49:11.557		0.96148			4
2025.03.06	00:49:12.537		0.96144			4
2025.03.06	00:49:13.273		0.96147			4
2025.03.06	00:49:13.707		0.96144			4
2025.03.06	00:49:14.165		0.96141			4
2025.03.06	00:49:23.243		0.96143			4
2025.03.06	00:49:23.920		0.96146			4
2025.03.06	00:49:24.381		0.96149			4
2025.03.06	00:49:24.696		0.96146			4
2025.03.06	00:49:25.958		0.96143			4
2025.03.06	00:49:26.268		0.96148			4
2025.03.06	00:49:26.645		0.96147			4
2025.03.06	00:49:27.105		0.96148			4
2025.03.06	00:50:01.399	0.96078				2
2025.03.06	00:50:05.844		0.96147			4
2025.03.06	00:50:06.740		0.96148			4
2025.03.06	00:50:07.570	0.96073				2
2025.03.06	00:50:10.100		0.96147			4
2025.03.06	00:50:12.573		0.96146			4
2025.03.06	00:50:13.077		0.96147			4
2025.03.06	00:50:14.222		0.96144			4
2025.03.06	00:50:15.115		0.96153			4
2025.03.06	00:50:16.356		0.96151			4
2025.03.06	00:50:17.513		0.96147			4
2025.03.06	00:50:18.019		0.96146			4
2025.03.06	00:50:19.223		0.96149			4
2025.03.06	00:50:20.139		0.96150			4
2025.03.06	00:50:20.611		0.96149			4
2025.03.06	00:50:21.215		0.96150			4
2025.03.06	00:50:23.973		0.96149			4
2025.03.06	00:50:24.784		0.96148			4
2025.03.06	00:50:28.264	0.96063				2
2025.03.06	00:50:29.336		0.96150			4
2025.03.06	00:50:33.499		0.96151			4
2025.03.06	00:50:45.720		0.96149			4
2025.03.06	00:50:47.750		0.96147			4
2025.03.06	00:50:48.308		0.96146			4
2025.03.06	00:50:49.312		0.96147			4
2025.03.06	00:50:55.099		0.96148			4
2025.03.06	00:50:58.352		0.96149			4
2025.03.06	00:50:59.404		0.96151			4
2025.03.06	00:51:00.521	0.96063				2
2025.03.06	00:51:06.362		0.96152			4
2025.03.06	00:51:07.105		0.96153			4
2025.03.06	00:51:13.624		0.96149			4
2025.03.06	00:51:14.397		0.96151			4
2025.03.06	00:51:14.885		0.96153			4
2025.03.06	00:51:15.465		0.96151			4
2025.03.06	00:51:15.899		0.96155			4
2025.03.06	00:51:19.265		0.96151			4
2025.03.06	00:51:20.000		0.96150			4
2025.03.06	00:51:25.201		0.96149			4
2025.03.06	00:51:40.051		0.96147			4
2025.03.06	00:51:40.357		0.96148			4
2025.03.06	00:51:43.087		0.96149			4
2025.03.06	00:51:46.081		0.96148			4
2025.03.06	00:51:46.586		0.96154			4
2025.03.06	00:51:50.000		0.96155			4
2025.03.06	00:51:55.955		0.96156			4
2025.03.06	00:52:04.236	0.96063				2
2025.03.06	00:52:07.381		0.96155			4
2025.03.06	00:52:13.397		0.96154			4
2025.03.06	00:52:25.138		0.96152			4
2025.03.06	00:52:27.445		0.96154			4
2025.03.06	00:52:28.642	0.96014				2
2025.03.06	00:52:35.214		0.96155			4
2025.03.06	00:52:37.501		0.96152			4
2025.03.06	00:52:40.274		0.96153			4
2025.03.06	00:52:41.714		0.96154			4
2025.03.06	00:52:45.510	0.96054				2
2025.03.06	00:52:47.809	0.96055				2
2025.03.06	00:52:55.619		0.96151			4
2025.03.06	00:52:57.201		0.96150			4
2025.03.06	00:52:59.241		0.96151			4
2025.03.06	00:52:59.802	0.96024	0.96149			6
2025.03.06	00:53:00.211	0.96023	0.96151			6
2025.03.06	00:53:00.700	0.96058	0.96152			6
2025.03.06	00:53:01.153	0.96055	0.96149			6
2025.03.06	00:53:01.861		0.96150			4
2025.03.06	00:53:02.293		0.96151			4
2025.03.06	00:53:16.450		0.96152			4
2025.03.06	00:53:56.924		0.96149			4
2025.03.06	00:53:59.601		0.96148			4
2025.03.06	00:54:00.676	0.96060	0.96147			6
2025.03.06	00:54:02.076	0.96052	0.96152			6
2025.03.06	00:54:03.345	0.96059				2
2025.03.06	00:54:19.577	0.96053	0.96149			6
2025.03.06	00:54:27.339	0.96061				2
2025.03.06	00:54:34.221	0.96063	0.96150			6
2025.03.06	00:54:41.600		0.96149			4
2025.03.06	00:54:42.499	0.96060	0.96161			6
2025.03.06	00:54:42.813		0.96162			4
2025.03.06	00:54:43.418		0.96161			4
2025.03.06	00:54:44.110	0.96057	0.96157			6
2025.03.06	00:54:44.832		0.96159			4
2025.03.06	00:54:59.276		0.96150			4
2025.03.06	00:55:00.455	0.96057	0.96149			6
2025.03.06	00:55:03.023		0.96148			4
2025.03.06	00:55:04.707		0.96157			4
2025.03.06	00:55:05.281		0.96158			4
2025.03.06	00:55:06.521		0.96156			4
2025.03.06	00:55:06.878	0.96059	0.96155			6
2025.03.06	00:55:08.861	0.96057	0.96151			6
2025.03.06	00:55:10.373	0.96064	0.96158			6
2025.03.06	00:55:10.868	0.96065	0.96160			6
2025.03.06	00:55:11.239	0.96066	0.96162			6
2025.03.06	00:55:11.576	0.96057	0.96154			6
2025.03.06	00:55:16.405		0.96153			4
2025.03.06	00:55:19.098		0.96154			4
2025.03.06	00:55:21.335		0.96156			4
2025.03.06	00:55:21.798		0.96155			4
2025.03.06	00:55:25.397		0.96154			4
2025.03.06	00:55:36.921		0.96153			4
2025.03.06	00:55:41.148		0.96150			4
2025.03.06	00:55:42.516	0.96063				2
2025.03.06	00:55:43.094	0.96061	0.96154			6
2025.03.06	00:55:43.427		0.96152			4
2025.03.06	00:55:43.997		0.96153			4
2025.03.06	00:55:44.382		0.96154			4
2025.03.06	00:55:52.595		0.96155			4
2025.03.06	00:55:54.282		0.96156			4
2025.03.06	00:55:58.380		0.96157			4
2025.03.06	00:56:00.165	0.96061				2
2025.03.06	00:56:07.102		0.96156			4
2025.03.06	00:56:09.287		0.96157			4
2025.03.06	00:56:37.361		0.96159			4
2025.03.06	00:56:42.499		0.96158			4
2025.03.06	00:56:43.245	0.96062				2
2025.03.06	00:56:44.109		0.96157			4
2025.03.06	00:56:44.486		0.96160			4
2025.03.06	00:56:45.543		0.96161			4
2025.03.06	00:56:59.183		0.96160			4
2025.03.06	00:56:59.585		0.96158			4
2025.03.06	00:57:00.048	0.96062	0.96157			6
2025.03.06	00:57:09.330		0.96159			4
2025.03.06	00:57:15.423		0.96157			4
2025.03.06	00:57:24.193		0.96156			4
2025.03.06	00:57:25.107		0.96155			4
2025.03.06	00:57:25.988	0.96057	0.96163			6
2025.03.06	00:57:26.305		0.96160			4
2025.03.06	00:57:26.631		0.96159			4
2025.03.06	00:57:29.900		0.96162			4
2025.03.06	00:57:30.514		0.96161			4
2025.03.06	00:57:41.666		0.96150			4
2025.03.06	00:57:42.003		0.96149			4
2025.03.06	00:57:42.348		0.96152			4
2025.03.06	00:57:42.745		0.96156			4
2025.03.06	00:57:43.069		0.96155			4
2025.03.06	00:57:43.384		0.96156			4
2025.03.06	00:57:43.725		0.96158			4
2025.03.06	00:57:48.758		0.96145			4
2025.03.06	00:57:49.069		0.96143			4
2025.03.06	00:57:54.779		0.96145			4
2025.03.06	00:57:55.085		0.96144			4
2025.03.06	00:57:58.861	0.96108	0.96181			6
2025.03.06	00:58:00.322	0.96108				2
2025.03.06	00:58:01.461	0.96104	0.96177			6
2025.03.06	00:58:03.029	0.96102				2
2025.03.06	00:58:21.236		0.96176			4
2025.03.06	00:58:22.526		0.96175			4
2025.03.06	00:58:29.226		0.96176			4
2025.03.06	00:58:32.311		0.96175			4
2025.03.06	00:58:33.796		0.96174			4
2025.03.06	00:58:41.004		0.96173			4
2025.03.06	00:58:48.500		0.96172			4
2025.03.06	00:58:53.265	0.96103				2
2025.03.06	00:58:54.199		0.96171			4
2025.03.06	00:58:54.797		0.96172			4
2025.03.06	00:59:00.175	0.96103				2
2025.03.06	00:59:00.496		0.96171			4
2025.03.06	00:59:09.547		0.96170			4
2025.03.06	00:59:22.698		0.96169			4
2025.03.06	00:59:28.641		0.96168			4
2025.03.06	00:59:38.841		0.96167			4
2025.03.06	00:59:40.603		0.96168			4
2025.03.06	00:59:41.302		0.96167			4
2025.03.06	00:59:53.899		0.96166			4
2025.03.06	01:00:00.200	0.96121				2
2025.03.06	01:00:00.507	0.96120	0.96167			6
2025.03.06	01:00:00.851		0.96154			4
2025.03.06	01:00:01.165	0.96094	0.96155			6
2025.03.06	01:00:01.468	0.96088	0.96161			6
2025.03.06	01:00:01.788	0.96090	0.96160			6
2025.03.06	01:00:02.207	0.96088	0.96139			6
2025.03.06	01:00:02.517	0.96083	0.96133			6
2025.03.06	01:00:03.125		0.96132			4
2025.03.06	01:00:03.729	0.96084	0.96134			6
2025.03.06	01:00:04.335	0.96083	0.96132			6
2025.03.06	01:00:04.638		0.96144			4
2025.03.06	01:00:04.980	0.96086	0.96141			6
2025.03.06	01:00:05.814	0.96085	0.96142			6
2025.03.06	01:00:07.812	0.96086	0.96141			6
2025.03.06	01:00:09.228		0.96139			4
2025.03.06	01:00:15.037	0.96087				2
2025.03.06	01:00:18.007		0.96138			4
2025.03.06	01:00:23.080	0.96089	0.96140			6
2025.03.06	01:00:23.510	0.96090				2
2025.03.06	01:00:29.865	0.96089	0.96139			6
2025.03.06	01:00:33.304	0.96090				2
2025.03.06	01:00:34.450		0.96138			4
2025.03.06	01:00:41.711	0.96088	0.96131			6
2025.03.06	01:00:42.095	0.96090	0.96138			6
2025.03.06	01:00:43.492	0.96091				2
2025.03.06	01:00:45.595	0.96088	0.96130			6
2025.03.06	01:00:46.100	0.96090	0.96138			6
2025.03.06	01:00:49.998	0.96091				2
2025.03.06	01:00:51.528	0.96089	0.96139			6
2025.03.06	01:00:52.401	0.96088	0.96140			6
2025.03.06	01:00:54.376	0.96089				2
2025.03.06	01:00:55.400		0.96139			4
2025.03.06	01:00:57.797		0.96136			4
2025.03.06	01:01:00.319	0.96087	0.96138			6
2025.03.06	01:01:02.039	0.96090	0.96135			6
2025.03.06	01:01:05.782	0.96091	0.96136			6
2025.03.06	01:01:06.293	0.96089	0.96138			6
2025.03.06	01:01:07.698	0.96088				2
2025.03.06	01:01:08.331	0.96090	0.96137			6
2025.03.06	01:01:10.134	0.96091	0.96136			6
2025.03.06	01:01:10.437	0.96090				2
2025.03.06	01:01:11.180	0.96091				2
2025.03.06	01:01:12.201		0.96134			4
2025.03.06	01:01:14.000	0.96092	0.96133			6
2025.03.06	01:01:14.305	0.96094	0.96136			6
2025.03.06	01:01:15.504	0.96093	0.96135			6
2025.03.06	01:01:16.677	0.96094				2
2025.03.06	01:01:22.402		0.96134			4
2025.03.06	01:01:23.200	0.96092	0.96136			6
2025.03.06	01:01:24.913	0.96094	0.96135			6
2025.03.06	01:01:26.303		0.96134			4
2025.03.06	01:01:27.032	0.96091	0.96137			6
2025.03.06	01:01:28.275		0.96138			4
2025.03.06	01:01:28.614		0.96137			4
2025.03.06	01:01:33.506		0.96138			4
2025.03.06	01:01:37.113	0.96090				2
2025.03.06	01:01:37.424		0.96139			4
2025.03.06	01:01:38.030	0.96089				2
2025.03.06	01:01:45.200	0.96090	0.96138			6
2025.03.06	01:01:48.199		0.96139			4
2025.03.06	01:01:51.606		0.96140			4
2025.03.06	01:01:54.296	0.96091	0.96134			6
2025.03.06	01:01:54.606	0.96121	0.96123			6
2025.03.06	01:01:54.968	0.96123	0.96126			6
2025.03.06	01:01:57.918	0.96122	0.96138			6
2025.03.06	01:01:58.396		0.96137			4
2025.03.06	01:02:00.073	0.96122				2
2025.03.06	01:02:00.388	0.96123	0.96141			6
2025.03.06	01:02:00.726	0.96122	0.96140			6
2025.03.06	01:02:01.368		0.96141			4
2025.03.06	01:02:01.700	0.96121	0.96136			6
2025.03.06	01:02:02.076		0.96137			4
2025.03.06	01:02:04.620	0.96099				2
2025.03.06	01:02:05.164	0.96098				2
2025.03.06	01:02:08.678	0.96103	0.96141			6
2025.03.06	01:02:09.396	0.96107	0.96144			6
2025.03.06	01:02:09.928	0.96106	0.96142			6
2025.03.06	01:02:11.357		0.96141			4
2025.03.06	01:02:11.666		0.96142			4
2025.03.06	01:02:17.982	0.96109	0.96144			6
2025.03.06	01:02:19.083		0.96145			4
2025.03.06	01:02:20.298		0.96144			4
2025.03.06	01:02:21.647	0.96110	0.96145			6
2025.03.06	01:02:24.498		0.96144			4
2025.03.06	01:02:27.928		0.96145			4
2025.03.06	01:02:30.742		0.96144			4
2025.03.06	01:02:31.054	0.96109				2
2025.03.06	01:02:31.775	0.96110				2
2025.03.06	01:02:36.501	0.96109				2
2025.03.06	01:02:38.020	0.96110				2
2025.03.06	01:02:38.788	0.96112	0.96146			6
2025.03.06	01:02:40.398		0.96147			4
2025.03.06	01:02:41.449		0.96146			4
2025.03.06	01:02:45.572		0.96147			4
2025.03.06	01:02:47.550		0.96146			4
2025.03.06	01:02:49.481		0.96145			4
2025.03.06	01:02:51.605	0.96111				2
2025.03.06	01:02:53.922	0.96110				2
2025.03.06	01:02:58.517	0.96111				2
2025.03.06	01:03:00.198	0.96111				2
2025.03.06	01:03:00.512	0.96113	0.96146			6
2025.03.06	01:03:01.068	0.96112	0.96148			6
2025.03.06	01:03:01.441	0.96111	0.96146			6
2025.03.06	01:03:03.708		0.96145			4
2025.03.06	01:03:12.558		0.96144			4
2025.03.06	01:03:16.103		0.96145			4
2025.03.06	01:03:17.552	0.96110				2
2025.03.06	01:03:18.201	0.96112				2
2025.03.06	01:03:21.975	0.96110				2
2025.03.06	01:03:22.398	0.96111				2
2025.03.06	01:03:23.620	0.96112				2
2025.03.06	01:03:32.068	0.96114	0.96146			6
2025.03.06	01:03:32.402	0.96115	0.96147			6
2025.03.06	01:03:40.100	0.96114	0.96146			6
2025.03.06	01:03:40.699	0.96115	0.96147			6
2025.03.06	01:03:41.048	0.96111	0.96146			6
2025.03.06	01:03:41.367	0.96121	0.96153			6
2025.03.06	01:03:41.994		0.96152			4
2025.03.06	01:03:43.357		0.96153			4
2025.03.06	01:03:50.300	0.96144	0.96150			6
2025.03.06	01:03:50.604	0.96124	0.96151			6
2025.03.06	01:03:51.063	0.96144	0.96154			6
2025.03.06	01:03:52.124		0.96147			4
2025.03.06	01:03:52.468		0.96148			4
2025.03.06	01:03:52.840	0.96139				2
2025.03.06	01:03:53.299		0.96147			4
2025.03.06	01:03:53.873		0.96148			4
2025.03.06	01:03:54.399	0.96136	0.96141			6
2025.03.06	01:03:55.603	0.96135	0.96140			6
2025.03.06	01:03:55.906	0.96134	0.96139			6
2025.03.06	01:03:56.512	0.96130	0.96146			6
2025.03.06	01:03:56.853		0.96147			4
2025.03.06	01:04:00.396	0.96134	0.96145			6
2025.03.06	01:04:00.705		0.96150			4
2025.03.06	01:04:01.023		0.96149			4
2025.03.06	01:04:01.341	0.96135				2
2025.03.06	01:04:02.351		0.96150			4
2025.03.06	01:04:09.511	0.96134				2
2025.03.06	01:04:09.923		0.96151			4
2025.03.06	01:04:11.079		0.96152			4
2025.03.06	01:04:11.498	0.96140				2
2025.03.06	01:04:12.457	0.96144	0.96153			6
2025.03.06	01:04:14.838	0.96143	0.96154			6
2025.03.06	01:04:16.037		0.96153			4
2025.03.06	01:04:17.021	0.96136				2
2025.03.06	01:04:18.564	0.96141	0.96146			6
2025.03.06	01:04:20.689	0.96137	0.96152			6
2025.03.06	01:04:24.947	0.96135				2
2025.03.06	01:04:27.347	0.96133	0.96147			6
2025.03.06	01:04:28.268	0.96130	0.96146			6
2025.03.06	01:04:29.861	0.96129				2
2025.03.06	01:04:31.336		0.96147			4
2025.03.06	01:04:33.504	0.96135				2
2025.03.06	01:04:36.557	0.96134				2
2025.03.06	01:04:38.761	0.96129				2
2025.03.06	01:04:39.506	0.96125	0.96142			6
2025.03.06	01:04:40.241		0.96143			4
2025.03.06	01:04:41.318		0.96145			4
2025.03.06	01:04:42.498		0.96143			4
2025.03.06	01:04:48.393	0.96134				2
2025.03.06	01:04:49.287	0.96125				2
2025.03.06	01:04:51.322	0.96129				2
2025.03.06	01:04:53.017	0.96120				2
2025.03.06	01:04:53.613	0.96128				2
2025.03.06	01:04:55.100	0.96133				2
2025.03.06	01:05:00.479	0.96133				2
2025.03.06	01:05:00.840	0.96129				2
2025.03.06	01:05:02.380	0.96128				2
2025.03.06	01:05:03.929	0.96127				2
2025.03.06	01:05:05.301	0.96120	0.96136			6
2025.03.06	01:05:06.031	0.96118	0.96134			6
2025.03.06	01:05:06.333		0.96135			4
2025.03.06	01:05:07.713	0.96119				2
2025.03.06	01:05:17.882	0.96124				2
2025.03.06	01:05:23.182	0.96119				2
2025.03.06	01:05:24.859	0.96120				2
2025.03.06	01:05:26.360		0.96134			4
2025.03.06	01:05:29.312	0.96121				2
2025.03.06	01:05:29.949	0.96118	0.96133			6
2025.03.06	01:05:30.328	0.96113	0.96129			6
2025.03.06	01:05:31.159		0.96128			4
2025.03.06	01:05:36.164	0.96105				2
2025.03.06	01:05:38.349	0.96108	0.96130			6
2025.03.06	01:05:38.710	0.96110				2
2025.03.06	01:05:39.310	0.96118				2
2025.03.06	01:05:41.716	0.96120				2
2025.03.06	01:05:45.060	0.96113				2
2025.03.06	01:05:51.330	0.96115				2
2025.03.06	01:05:55.266	0.96114	0.96129			6
2025.03.06	01:05:56.018	0.96120	0.96136			6
2025.03.06	01:05:57.058		0.96137			4
2025.03.06	01:05:59.458		0.96135			4
2025.03.06	01:06:00.381	0.96120				2
2025.03.06	01:06:01.049	0.96126				2
2025.03.06	01:06:01.519	0.96125				2
2025.03.06	01:06:02.346	0.96126				2
2025.03.06	01:06:04.214	0.96125	0.96133			6
2025.03.06	01:06:04.536	0.96120	0.96130			6
2025.03.06	01:06:04.883	0.96119	0.96127			6
2025.03.06	01:06:05.185		0.96128			4
2025.03.06	01:06:05.671	0.96114				2
2025.03.06	01:06:06.353	0.96113				2
2025.03.06	01:06:08.823	0.96112				2
2025.03.06	01:06:12.310	0.96113	0.96127			6
2025.03.06	01:06:12.625		0.96130			4
2025.03.06	01:06:13.396	0.96114				2
2025.03.06	01:06:14.393		0.96127			4
2025.03.06	01:06:15.311		0.96128			4
2025.03.06	01:06:16.205	0.96115				2
2025.03.06	01:06:16.877		0.96127			4
2025.03.06	01:06:38.363	0.96114				2
2025.03.06	01:07:00.503	0.96113				2
2025.03.06	01:07:01.690	0.96112	0.96126			6
2025.03.06	01:07:17.877	0.96115				2
2025.03.06	01:07:18.315		0.96125			4
2025.03.06	01:07:19.738	0.96111				2
2025.03.06	01:07:20.105		0.96127			4
2025.03.06	01:07:23.501	0.96112				2
2025.03.06	01:07:25.654		0.96126			4
2025.03.06	01:07:29.682	0.96111				2
2025.03.06	01:07:29.986	0.96109				2
2025.03.06	01:07:35.349		0.96125			4
2025.03.06	01:07:38.737	0.96115	0.96126			6
2025.03.06	01:07:48.819	0.96109				2
2025.03.06	01:08:00.177	0.96109	0.96124			6
2025.03.06	01:08:10.423		0.96125			4
2025.03.06	01:08:11.223		0.96126			4
2025.03.06	01:08:21.674	0.96108	0.96123			6
2025.03.06	01:08:31.333	0.96107				2
2025.03.06	01:08:34.799		0.96124			4
2025.03.06	01:08:35.549	0.96112	0.96128			6
2025.03.06	01:08:35.899	0.96113				2
2025.03.06	01:08:41.312	0.96114	0.96132			6
2025.03.06	01:08:42.324		0.96131			4
2025.03.06	01:08:44.271		0.96132			4
2025.03.06	01:08:50.834		0.96131			4
2025.03.06	01:09:00.199	0.96114				2
2025.03.06	01:09:07.086		0.96130			4
2025.03.06	01:09:09.237	0.96115	0.96133			6
2025.03.06	01:09:09.767		0.96132			4
2025.03.06	01:09:16.096		0.96131			4
2025.03.06	01:09:17.297		0.96132			4
2025.03.06	01:09:55.536	0.96117	0.96133			6
2025.03.06	01:10:00.303	0.96123	0.96137			6
2025.03.06	01:10:03.342		0.96138			4
2025.03.06	01:10:18.198		0.96137			4
2025.03.06	01:10:18.506	0.96122				2
2025.03.06	01:10:18.872		0.96138			4
2025.03.06	01:10:20.157	0.96123	0.96137			6
2025.03.06	01:10:20.521	0.96122				2
2025.03.06	01:10:26.617		0.96136			4
2025.03.06	01:10:31.519	0.96119	0.96133			6
2025.03.06	01:10:33.198		0.96132			4
2025.03.06	01:10:35.003		0.96131			4
2025.03.06	01:10:38.361	0.96118				2
2025.03.06	01:10:38.958	0.96117	0.96130			6
2025.03.06	01:10:41.690	0.96116	0.96129			6
2025.03.06	01:10:44.600	0.96115				2
2025.03.06	01:10:55.979	0.96114				2
2025.03.06	01:10:56.328		0.96126			4
2025.03.06	01:10:57.327		0.96128			4
2025.03.06	01:11:02.599	0.96114				2
2025.03.06	01:11:08.564	0.96112	0.96124			6
2025.03.06	01:11:08.898	0.96111				2
2025.03.06	01:11:09.952		0.96123			4
2025.03.06	01:11:23.709	0.96112				2
2025.03.06	01:11:24.338	0.96111				2
2025.03.06	01:11:27.723		0.96124			4
2025.03.06	01:11:29.996	0.96113	0.96123			6
2025.03.06	01:11:36.353		0.96122			4
2025.03.06	01:11:37.477	0.96110	0.96121			6
2025.03.06	01:11:51.011		0.96122			4
2025.03.06	01:11:52.098	0.96111	0.96125			6
2025.03.06	01:11:54.334		0.96123			4
2025.03.06	01:11:58.049	0.96112	0.96124			6
2025.03.06	01:12:00.356	0.96112				2
2025.03.06	01:12:04.443		0.96123			4
2025.03.06	01:12:06.100	0.96111				2
2025.03.06	01:12:15.438	0.96110				2
2025.03.06	01:12:16.741	0.96111	0.96124			6
2025.03.06	01:12:17.048	0.96110				2
2025.03.06	01:12:18.337		0.96122			4
2025.03.06	01:12:19.065		0.96124			4
2025.03.06	01:12:20.900	0.96111				2
2025.03.06	01:12:34.784	0.96112	0.96125			6
2025.03.06	01:12:35.310	0.96107	0.96120			6
2025.03.06	01:12:37.100		0.96122			4
2025.03.06	01:12:40.099	0.96108	0.96120			6
2025.03.06	01:12:44.965	0.96109	0.96121			6
2025.03.06	01:12:45.497	0.96108				2
2025.03.06	01:12:46.333		0.96120			4
2025.03.06	01:12:48.539	0.96112	0.96124			6
2025.03.06	01:12:48.847		0.96122			4
2025.03.06	01:12:49.196		0.96124			4
2025.03.06	01:12:53.323	0.96111	0.96122			6
2025.03.06	01:13:01.700	0.96111				2
2025.03.06	01:13:07.335		0.96125			4
2025.03.06	01:13:10.334		0.96122			4
2025.03.06	01:13:17.339		0.96125			4
2025.03.06	01:13:24.430		0.96124			4
2025.03.06	01:13:30.498		0.96123			4
2025.03.06	01:13:30.801		0.96122			4
2025.03.06	01:13:31.337		0.96125			4
2025.03.06	01:13:32.642	0.96110	0.96122			6
2025.03.06	01:13:34.345	0.96109	0.96125			6
2025.03.06	01:13:34.998		0.96123			4
2025.03.06	01:13:36.631		0.96126			4
2025.03.06	01:13:40.964	0.96110	0.96125			6
2025.03.06	01:13:43.869	0.96111				2
2025.03.06	01:13:44.298		0.96127			4
2025.03.06	01:13:44.901		0.96126			4
2025.03.06	01:13:45.683		0.96127			4
2025.03.06	01:13:49.453	0.96112				2
2025.03.06	01:13:53.889	0.96111	0.96122			6
2025.03.06	01:13:54.955		0.96128			4
2025.03.06	01:13:58.319	0.96115	0.96120			6
2025.03.06	01:13:58.952	0.96111	0.96128			6
2025.03.06	01:14:00.190	0.96111				2
2025.03.06	01:14:01.644	0.96114	0.96129			6
2025.03.06	01:14:05.136	0.96115				2
2025.03.06	01:14:05.634	0.96114				2
2025.03.06	01:14:06.017	0.96113				2
2025.03.06	01:14:07.397		0.96128			4
2025.03.06	01:14:12.545		0.96127			4
2025.03.06	01:14:12.912		0.96128			4
2025.03.06	01:14:13.702	0.96112	0.96127			6
2025.03.06	01:14:16.014	0.96113	0.96128			6
2025.03.06	01:14:21.496	0.96114	0.96129			6
2025.03.06	01:14:22.860	0.96115	0.96130			6
2025.03.06	01:14:25.942	0.96114	0.96129			6
2025.03.06	01:14:27.499	0.96115				2
2025.03.06	01:14:30.198		0.96130			4
2025.03.06	01:14:33.676	0.96121	0.96135			6
2025.03.06	01:14:40.110	0.96122				2
2025.03.06	01:14:41.052	0.96123	0.96136			6
2025.03.06	01:14:42.564		0.96139			4
2025.03.06	01:14:43.252	0.96124				2
2025.03.06	01:14:46.418		0.96137			4
2025.03.06	01:14:56.877	0.96114	0.96129			6
2025.03.06	01:14:57.195	0.96115				2
2025.03.06	01:15:00.198	0.96118	0.96130			6
2025.03.06	01:15:00.520		0.96129			4
2025.03.06	01:15:00.861		0.96130			4
2025.03.06	01:15:04.709	0.96115				2
2025.03.06	01:15:07.102	0.96118				2
2025.03.06	01:15:10.076		0.96129			4
2025.03.06	01:15:13.586		0.96132			4
2025.03.06	01:15:18.731	0.96114	0.96127			6
2025.03.06	01:15:19.062	0.96113				2
2025.03.06	01:15:19.944	0.96114				2
2025.03.06	01:15:21.008	0.96113				2
2025.03.06	01:15:22.132	0.96114				2
2025.03.06	01:15:23.077	0.96113				2
2025.03.06	01:15:25.151	0.96114				2
2025.03.06	01:15:25.929		0.96128			4
2025.03.06	01:15:26.551	0.96115				2
2025.03.06	01:15:27.476	0.96114				2
2025.03.06	01:15:28.368	0.96113	0.96125			6
2025.03.06	01:15:30.385		0.96126			4
2025.03.06	01:15:31.132		0.96128			4
2025.03.06	01:15:31.460	0.96114				2
2025.03.06	01:15:31.863	0.96113	0.96126			6
2025.03.06	01:15:33.186	0.96115				2
2025.03.06	01:15:33.516	0.96114				2
2025.03.06	01:15:42.460	0.96113				2
2025.03.06	01:15:43.383	0.96114				2
2025.03.06	01:15:44.594	0.96113				2
2025.03.06	01:15:45.578	0.96114				2
2025.03.06	01:15:47.437	0.96113				2
2025.03.06	01:15:47.756		0.96125			4
2025.03.06	01:15:48.077	0.96114				2
2025.03.06	01:15:48.813	0.96113				2
2025.03.06	01:15:50.300	0.96112				2
2025.03.06	01:15:53.315	0.96114	0.96123			6
2025.03.06	01:15:53.623	0.96113	0.96122			6
2025.03.06	01:15:54.228	0.96112	0.96125			6
2025.03.06	01:15:57.838	0.96113	0.96124			6
2025.03.06	01:15:58.149		0.96126			4
2025.03.06	01:16:00.198	0.96113	0.96127			6
2025.03.06	01:16:04.113		0.96126			4
2025.03.06	01:16:05.764	0.96114				2
2025.03.06	01:16:06.614	0.96113				2
2025.03.06	01:16:07.423	0.96114				2
2025.03.06	01:16:08.703	0.96115				2
2025.03.06	01:16:09.932	0.96113				2
2025.03.06	01:16:17.991		0.96127			4
2025.03.06	01:16:18.500	0.96114				2
2025.03.06	01:16:20.216		0.96126			4
2025.03.06	01:16:26.290	0.96113				2
2025.03.06	01:16:33.967		0.96124			4
2025.03.06	01:16:34.678	0.96114				2
2025.03.06	01:16:35.689	0.96113				2
2025.03.06	01:16:38.304	0.96114				2
2025.03.06	01:16:39.185	0.96113	0.96125			6
2025.03.06	01:16:42.696	0.96115	0.96127			6
2025.03.06	01:16:43.166	0.96117	0.96128			6
2025.03.06	01:16:44.204	0.96106	0.96118			6
2025.03.06	01:16:44.505	0.96104	0.96117			6
2025.03.06	01:16:44.858		0.96119			4
2025.03.06	01:16:45.165	0.96102				2
2025.03.06	01:16:45.477	0.96103				2
2025.03.06	01:16:46.353	0.96104				2
2025.03.06	01:16:46.665	0.96103				2
2025.03.06	01:16:47.947	0.96104				2
2025.03.06	01:16:49.994		0.96118			4
2025.03.06	01:16:51.878	0.96105	0.96117			6
2025.03.06	01:16:52.258	0.96104				2
2025.03.06	01:16:55.553		0.96118			4
2025.03.06	01:16:56.591	0.96103				2
2025.03.06	01:16:57.315	0.96104				2
2025.03.06	01:16:58.472	0.96103				2
2025.03.06	01:16:59.469	0.96107	0.96119			6
2025.03.06	01:17:00.255	0.96104	0.96117			6
2025.03.06	01:17:06.594	0.96105				2
2025.03.06	01:17:08.000	0.96104				2
2025.03.06	01:17:10.926	0.96103	0.96115			6
2025.03.06	01:17:11.239	0.96101	0.96113			6
2025.03.06	01:17:11.580	0.96102				2
2025.03.06	01:17:12.073	0.96101				2
2025.03.06	01:17:13.109	0.96102				2
2025.03.06	01:17:14.244	0.96101				2
2025.03.06	01:17:18.741	0.96102	0.96115			6
2025.03.06	01:17:19.094		0.96114			4
2025.03.06	01:17:19.800	0.96103	0.96116			6
2025.03.06	01:17:21.350	0.96107	0.96118			6
2025.03.06	01:17:27.642	0.96103	0.96116			6
2025.03.06	01:17:30.475	0.96104				2
2025.03.06	01:17:31.071	0.96103				2
2025.03.06	01:17:33.371	0.96104				2
2025.03.06	01:17:33.685	0.96103				2
2025.03.06	01:17:50.310	0.96102				2
2025.03.06	01:17:51.650	0.96103				2
2025.03.06	01:17:52.868		0.96117			4
2025.03.06	01:17:54.927	0.96102				2
2025.03.06	01:17:59.120	0.96103				2
2025.03.06	01:18:00.003	0.96103				2
2025.03.06	01:18:00.919	0.96102				2
2025.03.06	01:18:02.195	0.96103				2
2025.03.06	01:18:03.837	0.96107	0.96118			6
2025.03.06	01:18:04.921		0.96119			4
2025.03.06	01:18:09.582	0.96110	0.96121			6
2025.03.06	01:18:09.886		0.96122			4
2025.03.06	01:18:19.181	0.96109				2
2025.03.06	01:18:23.538	0.96110	0.96121			6
2025.03.06	01:18:26.873	0.96109				2
2025.03.06	01:18:30.029	0.96110				2
2025.03.06	01:18:31.130	0.96109				2
2025.03.06	01:18:39.952	0.96110				2
2025.03.06	01:18:41.947	0.96108	0.96119			6
2025.03.06	01:18:42.348	0.96107				2
2025.03.06	01:19:00.338	0.96107				2
2025.03.06	01:19:05.298	0.96109				2
2025.03.06	01:19:07.048	0.96110	0.96121			6
2025.03.06	01:19:09.199	0.96109				2
2025.03.06	01:19:10.419		0.96120			4
2025.03.06	01:19:12.817		0.96119			4
2025.03.06	01:19:13.754	0.96110	0.96122			6
2025.03.06	01:19:20.511		0.96123			4
2025.03.06	01:19:25.383	0.96111				2
2025.03.06	01:19:26.563	0.96110				2
2025.03.06	01:19:27.434	0.96111				2
2025.03.06	01:19:39.316	0.96108	0.96121			6
2025.03.06	01:19:39.667	0.96107				2
2025.03.06	01:19:40.363	0.96110				2
2025.03.06	01:19:40.682	0.96109	0.96119			6
2025.03.06	01:19:40.985	0.96108				2
2025.03.06	01:19:45.198	0.96109				2
2025.03.06	01:19:46.171		0.96120			4
2025.03.06	01:19:46.517	0.96107				2
2025.03.06	01:19:46.847	0.96108				2
2025.03.06	01:19:47.201	0.96109				2
2025.03.06	01:19:47.816	0.96108				2
2025.03.06	01:19:48.776	0.96109				2
2025.03.06	01:19:55.778		0.96121			4
2025.03.06	01:19:58.493	0.96110				2
2025.03.06	01:20:00.534	0.96110				2
2025.03.06	01:20:05.545		0.96122			4
2025.03.06	01:20:10.860	0.96109	0.96120			6
2025.03.06	01:20:11.914		0.96122			4
2025.03.06	01:20:12.217	0.96110				2
2025.03.06	01:20:30.156	0.96111				2
2025.03.06	01:20:30.972	0.96112	0.96123			6
2025.03.06	01:20:39.489	0.96113	0.96125			6
2025.03.06	01:20:41.099	0.96114	0.96127			6
2025.03.06	01:20:43.353	0.96117	0.96128			6
2025.03.06	01:20:45.422	0.96118				2
2025.03.06	01:20:46.997	0.96119				2
2025.03.06	01:20:49.458	0.96121	0.96131			6
2025.03.06	01:20:51.474	0.96120	0.96130			6
2025.03.06	01:20:52.697	0.96119				2
2025.03.06	01:21:00.358	0.96119				2
2025.03.06	01:21:03.149	0.96120				2
2025.03.06	01:21:05.553	0.96119				2
2025.03.06	01:21:08.297	0.96120				2
2025.03.06	01:21:22.655	0.96117	0.96128			6
2025.03.06	01:21:22.968		0.96129			4
2025.03.06	01:21:29.948	0.96120	0.96131			6
2025.03.06	01:21:32.132	0.96122	0.96135			6
2025.03.06	01:21:32.463		0.96132			4
2025.03.06	01:21:32.766	0.96120				2
2025.03.06	01:21:34.100	0.96121				2
2025.03.06	01:21:56.773	0.96122	0.96133			6
2025.03.06	01:21:59.248		0.96134			4
2025.03.06	01:22:00.531	0.96121	0.96133			6
2025.03.06	01:22:02.810	0.96122				2
2025.03.06	01:22:16.585	0.96120	0.96132			6
2025.03.06	01:22:18.031	0.96121				2
2025.03.06	01:22:23.005		0.96133			4
2025.03.06	01:22:29.826	0.96123	0.96136			6
2025.03.06	01:22:30.543		0.96135			4
2025.03.06	01:22:32.917		0.96136			4
2025.03.06	01:22:33.963	0.96124				2
2025.03.06	01:22:41.599	0.96123				2
2025.03.06	01:22:47.901		0.96135			4
2025.03.06	01:22:48.203		0.96136			4
2025.03.06	01:22:54.625	0.96127	0.96137			6
2025.03.06	01:22:56.962		0.96136			4
2025.03.06	01:22:58.083	0.96124				2
2025.03.06	01:22:58.696	0.96127				2
2025.03.06	01:23:00.088	0.96127				2
2025.03.06	01:23:04.354		0.96137			4
2025.03.06	01:23:08.724	0.96130	0.96140			6
2025.03.06	01:23:13.698		0.96141			4
2025.03.06	01:23:14.049		0.96140			4
2025.03.06	01:23:16.086		0.96141			4
2025.03.06	01:23:24.628	0.96131	0.96142			6
2025.03.06	01:23:28.125		0.96141			4
2025.03.06	01:23:30.565	0.96130				2
2025.03.06	01:23:31.368		0.96140			4
2025.03.06	01:23:40.425	0.96129	0.96138			6
2025.03.06	01:23:40.750	0.96128	0.96140			6
2025.03.06	01:23:41.067	0.96130				2
2025.03.06	01:23:46.399		0.96139			4
2025.03.06	01:23:50.889		0.96140			4
2025.03.06	01:23:53.157		0.96139			4
2025.03.06	01:23:57.102		0.96140			4
2025.03.06	01:24:01.929	0.96130				2
2025.03.06	01:24:12.047	0.96129	0.96139			6
2025.03.06	01:24:12.365	0.96127	0.96137			6
2025.03.06	01:24:15.626	0.96126				2
2025.03.06	01:24:17.967	0.96125				2
2025.03.06	01:24:19.715	0.96123	0.96134			6
2025.03.06	01:24:20.899	0.96122				2
2025.03.06	01:24:26.101	0.96121	0.96133			6
2025.03.06	01:24:26.817		0.96132			4
2025.03.06	01:24:38.547		0.96133			4
2025.03.06	01:24:39.554	0.96122				2
2025.03.06	01:24:39.954	0.96121				2
2025.03.06	01:24:40.916	0.96122				2
2025.03.06	01:24:42.798		0.96132			4
2025.03.06	01:24:43.107	0.96121				2
2025.03.06	01:24:45.498		0.96133			4
2025.03.06	01:24:49.014		0.96132			4
2025.03.06	01:24:55.726		0.96133			4
2025.03.06	01:25:00.089	0.96121				2
2025.03.06	01:25:00.473	0.96122	0.96134			6
2025.03.06	01:25:02.297	0.96121				2
2025.03.06	01:25:02.716		0.96133			4
2025.03.06	01:25:06.243		0.96131			4
2025.03.06	01:25:15.440	0.96120				2
2025.03.06	01:25:16.724	0.96119	0.96129			6
2025.03.06	01:25:30.923	0.96120	0.96130			6
2025.03.06	01:25:32.602		0.96129			4
2025.03.06	01:25:32.931	0.96119				2
2025.03.06	01:25:34.568		0.96128			4
2025.03.06	01:25:46.247		0.96129			4
2025.03.06	01:26:00.507	0.96119	0.96128			6
2025.03.06	01:26:03.380	0.96120	0.96131			6
2025.03.06	01:26:03.686		0.96130			4
2025.03.06	01:26:06.798	0.96121	0.96132			6
2025.03.06	01:26:08.869		0.96131			4
2025.03.06	01:26:09.197	0.96120				2
2025.03.06	01:26:10.698	0.96121	0.96132			6
2025.03.06	01:26:12.197	0.96120				2
2025.03.06	01:26:16.099	0.96121				2
2025.03.06	01:26:19.082		0.96130			4
2025.03.06	01:26:20.599	0.96120				2
2025.03.06	01:26:29.691	0.96119	0.96128			6
2025.03.06	01:26:30.007	0.96118	0.96129			6
2025.03.06	01:26:31.571	0.96119	0.96130			6
2025.03.06	01:26:37.646		0.96131			4
2025.03.06	01:26:38.275	0.96120				2
2025.03.06	01:26:45.284	0.96119				2
2025.03.06	01:26:46.294		0.96130			4
2025.03.06	01:26:56.329		0.96129			4
2025.03.06	01:27:00.361	0.96118				2
2025.03.06	01:27:09.873	0.96119	0.96130			6
2025.03.06	01:27:10.364	0.96118	0.96127			6
2025.03.06	01:27:46.344	0.96119	0.96130			6
2025.03.06	01:27:46.705	0.96121	0.96134			6
2025.03.06	01:27:48.295	0.96122				2
2025.03.06	01:27:48.605	0.96121	0.96135			6
2025.03.06	01:27:48.911		0.96132			4
2025.03.06	01:27:54.074		0.96134			4
2025.03.06	01:27:54.799	0.96124				2
2025.03.06	01:27:55.559	0.96123				2
2025.03.06	01:27:55.886	0.96121	0.96133			6
2025.03.06	01:27:58.698	0.96120				2
2025.03.06	01:28:00.017	0.96121	0.96132			6
2025.03.06	01:28:01.099	0.96120				2
2025.03.06	01:28:02.378	0.96121				2
2025.03.06	01:28:04.098	0.96120				2
2025.03.06	01:28:10.383	0.96122				2
2025.03.06	01:28:11.044	0.96121	0.96131			6
2025.03.06	01:28:11.364		0.96132			4
2025.03.06	01:28:13.762		0.96133			4
2025.03.06	01:28:14.300	0.96122				2
2025.03.06	01:28:15.800	0.96121				2
2025.03.06	01:28:17.683	0.96123	0.96134			6
2025.03.06	01:28:18.847	0.96122				2
2025.03.06	01:28:19.397		0.96136			4
2025.03.06	01:28:22.691	0.96121	0.96132			6
2025.03.06	01:28:23.897	0.96120				2
2025.03.06	01:28:24.787		0.96131			4
2025.03.06	01:28:25.099	0.96119				2
2025.03.06	01:28:26.734	0.96118				2
2025.03.06	01:28:31.414		0.96132			4
2025.03.06	01:28:31.730	0.96123	0.96133			6
2025.03.06	01:28:33.499		0.96134			4
2025.03.06	01:28:39.558		0.96135			4
2025.03.06	01:28:45.819		0.96133			4
2025.03.06	01:28:46.325	0.96121				2
2025.03.06	01:28:50.885		0.96135			4
2025.03.06	01:28:52.320	0.96123	0.96136			6
2025.03.06	01:28:53.063	0.96122				2
2025.03.06	01:28:55.399	0.96123				2
2025.03.06	01:28:56.591	0.96122				2
2025.03.06	01:28:59.221	0.96121				2
2025.03.06	01:29:00.220	0.96121				2
2025.03.06	01:29:02.408	0.96122				2
2025.03.06	01:29:02.754		0.96135			4
2025.03.06	01:29:04.453	0.96123				2
2025.03.06	01:29:11.299	0.96122	0.96133			6
2025.03.06	01:29:11.623	0.96120				2
2025.03.06	01:29:20.720	0.96118	0.96132			6
2025.03.06	01:29:24.188	0.96125	0.96135			6
2025.03.06	01:29:27.038		0.96136			4
2025.03.06	01:29:31.221	0.96124	0.96135			6
2025.03.06	01:29:31.998	0.96123				2
2025.03.06	01:29:35.375		0.96134			4
2025.03.06	01:29:40.632	0.96122				2
2025.03.06	01:29:41.299	0.96123				2
2025.03.06	01:29:41.668	0.96122				2
2025.03.06	01:29:42.199	0.96123				2
2025.03.06	01:29:48.613	0.96122	0.96130			6
2025.03.06	01:29:49.398	0.96121				2
2025.03.06	01:29:51.497	0.96120				2
2025.03.06	01:29:55.134	0.96121	0.96131			6
2025.03.06	01:29:56.322		0.96132			4
2025.03.06	01:29:58.148	0.96122				2
2025.03.06	01:30:00.305	0.96120	0.96130			6
2025.03.06	01:30:01.120	0.96121				2
2025.03.06	01:30:01.956	0.96123	0.96132			6
2025.03.06	01:30:04.402	0.96120	0.96130			6
2025.03.06	01:30:08.229		0.96129			4
2025.03.06	01:30:09.183	0.96121				2
2025.03.06	01:30:21.281	0.96120	0.96130			6
2025.03.06	01:30:35.174		0.96129			4
2025.03.06	01:30:38.230	0.96116	0.96125			6
2025.03.06	01:30:38.802	0.96117				2
2025.03.06	01:30:40.368	0.96118	0.96124			6
2025.03.06	01:30:40.892	0.96117				2
2025.03.06	01:30:41.205	0.96116				2
2025.03.06	01:30:42.576	0.96115				2
2025.03.06	01:30:44.635	0.96116				2
2025.03.06	01:30:48.161	0.96115				2
2025.03.06	01:30:58.588		0.96123			4
2025.03.06	01:30:58.999	0.96116				2
2025.03.06	01:30:59.896	0.96115				2
2025.03.06	01:31:00.510	0.96115				2
2025.03.06	01:31:08.350		0.96122			4
2025.03.06	01:31:10.351		0.96123			4
2025.03.06	01:31:11.512	0.96112	0.96120			6
2025.03.06	01:31:11.883	0.96111	0.96118			6
2025.03.06	01:31:20.521		0.96119			4
2025.03.06	01:31:20.873	0.96112				2
2025.03.06	01:31:32.345	0.96110				2
2025.03.06	01:31:34.659	0.96111	0.96117			6
2025.03.06	01:31:36.104	0.96110	0.96118			6
2025.03.06	01:31:37.701	0.96111				2
2025.03.06	01:31:40.697	0.96110				2
2025.03.06	01:31:47.897	0.96111				2
2025.03.06	01:31:49.574	0.96110				2
2025.03.06	01:31:51.428		0.96119			4
2025.03.06	01:31:52.698	0.96111				2
2025.03.06	01:31:55.120		0.96120			4
2025.03.06	01:32:00.197	0.96110				2
2025.03.06	01:32:00.544	0.96111				2
2025.03.06	01:32:08.110	0.96112				2
2025.03.06	01:32:23.404	0.96111				2
2025.03.06	01:32:23.730	0.96112				2
2025.03.06	01:32:25.546	0.96111				2
2025.03.06	01:32:26.897	0.96112				2
2025.03.06	01:32:33.499	0.96111				2
2025.03.06	01:32:35.297	0.96112				2
2025.03.06	01:32:36.630	0.96111	0.96118			6
2025.03.06	01:32:41.899	0.96110	0.96117			6
2025.03.06	01:32:42.209	0.96111				2
2025.03.06	01:32:45.464	0.96110				2
2025.03.06	01:32:45.871		0.96118			4
2025.03.06	01:32:46.696	0.96111				2
2025.03.06	01:32:47.895	0.96110	0.96116			6
2025.03.06	01:32:50.403	0.96108				2
2025.03.06	01:32:50.898	0.96109				2
2025.03.06	01:32:53.754	0.96108				2
2025.03.06	01:32:58.693	0.96109				2
2025.03.06	01:33:00.487	0.96109				2
2025.03.06	01:33:05.603	0.96106	0.96114			6
2025.03.06	01:33:05.918	0.96105				2
2025.03.06	01:33:09.422	0.96106	0.96115			6
2025.03.06	01:33:12.112	0.96108				2
2025.03.06	01:33:13.882	0.96109				2
2025.03.06	01:33:19.400	0.96108				2
2025.03.06	01:33:21.235	0.96109				2
2025.03.06	01:33:22.099	0.96107	0.96116			6
2025.03.06	01:33:31.863		0.96114			4
2025.03.06	01:33:33.046	0.96105	0.96113			6
2025.03.06	01:33:35.900	0.96106				2
2025.03.06	01:33:39.188	0.96107				2
2025.03.06	01:33:39.748		0.96115			4
2025.03.06	01:33:41.260		0.96114			4
2025.03.06	01:33:41.973		0.96115			4
2025.03.06	01:33:44.914	0.96106				2
2025.03.06	01:33:46.098	0.96107				2
2025.03.06	01:33:46.482	0.96106				2
2025.03.06	01:33:49.864	0.96107				2
2025.03.06	01:33:51.498	0.96106				2
2025.03.06	01:33:53.270		0.96114			4
2025.03.06	01:33:53.665	0.96107				2
2025.03.06	01:33:54.007	0.96106				2
2025.03.06	01:33:59.521		0.96115			4
2025.03.06	01:34:00.702	0.96106				2
2025.03.06	01:34:01.024	0.96105	0.96114			6
2025.03.06	01:34:01.720	0.96106	0.96113			6
2025.03.06	01:34:02.609	0.96104	0.96112			6
2025.03.06	01:34:03.286		0.96111			4
2025.03.06	01:34:03.709	0.96103				2
2025.03.06	01:34:21.160	0.96101	0.96109			6
2025.03.06	01:34:32.396	0.96103	0.96110			6
2025.03.06	01:34:32.902	0.96102				2
2025.03.06	01:34:34.097	0.96101				2
2025.03.06	01:34:40.682	0.96102				2
2025.03.06	01:34:45.861	0.96099				2
2025.03.06	01:34:46.200	0.96100				2
2025.03.06	01:34:46.986	0.96101				2
2025.03.06	01:34:47.491	0.96100	0.96111			6
2025.03.06	01:34:47.817	0.96103				2
2025.03.06	01:34:48.169	0.96102				2
2025.03.06	01:34:50.690		0.96109			4
2025.03.06	01:34:51.803	0.96101				2
2025.03.06	01:35:00.962	0.96101				2
2025.03.06	01:35:03.470		0.96110			4
2025.03.06	01:35:03.786	0.96102				2
2025.03.06	01:35:04.698	0.96103				2
2025.03.06	01:35:05.385	0.96102				2
2025.03.06	01:35:06.066	0.96103				2
2025.03.06	01:35:08.619	0.96102	0.96112			6
2025.03.06	01:35:09.311	0.96101				2
2025.03.06	01:35:10.709	0.96103				2
2025.03.06	01:35:11.026	0.96101				2
2025.03.06	01:35:11.801	0.96100				2
2025.03.06	01:35:12.306	0.96101				2
2025.03.06	01:35:16.341	0.96102				2
2025.03.06	01:35:16.661	0.96103				2
2025.03.06	01:35:16.983	0.96102				2
2025.03.06	01:35:18.567	0.96104				2
2025.03.06	01:35:18.883	0.96103				2
2025.03.06	01:35:19.210	0.96104				2
2025.03.06	01:35:19.804	0.96103				2
2025.03.06	01:35:23.005	0.96104	0.96113			6
2025.03.06	01:35:23.312	0.96105				2
2025.03.06	01:35:33.797	0.96106				2
2025.03.06	01:35:35.142	0.96105				2
2025.03.06	01:35:37.803	0.96106				2
2025.03.06	01:35:40.392		0.96116			4
2025.03.06	01:35:40.710	0.96109				2
2025.03.06	01:35:43.397	0.96108				2
2025.03.06	01:35:53.804	0.96107				2
2025.03.06	01:35:54.906	0.96108				2
2025.03.06	01:36:00.199	0.96108				2
2025.03.06	01:36:02.272	0.96109				2
2025.03.06	01:36:04.380	0.96110	0.96117			6
2025.03.06	01:36:04.704	0.96111	0.96118			6
2025.03.06	01:36:07.388	0.96110				2
2025.03.06	01:36:08.567		0.96117			4
2025.03.06	01:36:11.428	0.96111	0.96118			6
2025.03.06	01:36:19.671	0.96112				2
2025.03.06	01:36:21.768	0.96111				2
2025.03.06	01:36:33.402		0.96120			4
2025.03.06	01:36:33.761	0.96112	0.96118			6
2025.03.06	01:36:37.190	0.96111				2
2025.03.06	01:36:37.714		0.96120			4
2025.03.06	01:36:38.925	0.96112				2
2025.03.06	01:36:43.386	0.96111				2
2025.03.06	01:36:48.645	0.96113	0.96121			6
2025.03.06	01:36:53.575	0.96112				2
2025.03.06	01:36:55.831	0.96111				2
2025.03.06	01:36:58.364	0.96112	0.96120			6
2025.03.06	01:36:58.971	0.96111				2
2025.03.06	01:36:59.917		0.96119			4
2025.03.06	01:37:00.277	0.96111				2
2025.03.06	01:37:10.522		0.96118			4
2025.03.06	01:37:15.197		0.96119			4
2025.03.06	01:37:20.161		0.96120			4
2025.03.06	01:37:20.882	0.96112				2
2025.03.06	01:37:23.237	0.96111				2
2025.03.06	01:37:24.498	0.96112				2
2025.03.06	01:37:26.394	0.96111				2
2025.03.06	01:37:27.798	0.96112				2
2025.03.06	01:37:33.985	0.96111				2
2025.03.06	01:37:36.048	0.96112				2
2025.03.06	01:37:37.293	0.96111				2
2025.03.06	01:37:37.623	0.96113				2
2025.03.06	01:37:38.207	0.96112	0.96118			6
2025.03.06	01:37:38.541		0.96120			4
2025.03.06	01:37:43.336		0.96118			4
2025.03.06	01:37:59.055		0.96119			4
2025.03.06	01:38:00.450	0.96112				2
2025.03.06	01:38:13.538	0.96113	0.96122			6
2025.03.06	01:38:14.348	0.96114				2
2025.03.06	01:38:15.465		0.96121			4
2025.03.06	01:38:15.771		0.96122			4
2025.03.06	01:38:16.631		0.96121			4
2025.03.06	01:38:17.114		0.96122			4
2025.03.06	01:38:18.145		0.96121			4
2025.03.06	01:38:18.786		0.96122			4
2025.03.06	01:38:19.757		0.96120			4
2025.03.06	01:38:24.931	0.96113	0.96121			6
2025.03.06	01:38:25.234		0.96120			4
2025.03.06	01:38:26.600	0.96112				2
2025.03.06	01:38:37.050		0.96119			4
2025.03.06	01:38:44.505		0.96118			4
2025.03.06	01:38:45.198	0.96111	0.96119			6
2025.03.06	01:38:45.589		0.96118			4
2025.03.06	01:38:56.274	0.96110				2
2025.03.06	01:38:58.918	0.96117	0.96125			6
2025.03.06	01:39:00.332	0.96117	0.96124			6
2025.03.06	01:39:00.713		0.96125			4
2025.03.06	01:39:01.696	0.96118				2
2025.03.06	01:39:03.840	0.96117				2
2025.03.06	01:39:05.097	0.96118				2
2025.03.06	01:39:08.169	0.96114	0.96123			6
2025.03.06	01:39:10.521		0.96122			4
2025.03.06	01:39:10.911	0.96113	0.96121			6
2025.03.06	01:39:13.969	0.96118	0.96125			6
2025.03.06	01:39:15.438	0.96117				2
2025.03.06	01:39:17.524		0.96124			4
2025.03.06	01:39:22.923	0.96118	0.96126			6
2025.03.06	01:39:23.228	0.96117				2
2025.03.06	01:39:23.593	0.96119				2
2025.03.06	01:39:24.592		0.96127			4
2025.03.06	01:39:25.490		0.96126			4
2025.03.06	01:39:30.400	0.96121	0.96131			6
2025.03.06	01:39:30.706	0.96120	0.96127			6
2025.03.06	01:39:31.904	0.96128	0.96136			6
2025.03.06	01:39:32.763	0.96129	0.96138			6
2025.03.06	01:39:35.524	0.96128	0.96136			6
2025.03.06	01:39:37.692	0.96127				2
2025.03.06	01:39:38.000	0.96128				2
2025.03.06	01:39:38.352	0.96129	0.96138			6
2025.03.06	01:39:40.697	0.96130				2
2025.03.06	01:39:41.007	0.96132				2
2025.03.06	01:39:43.535		0.96139			4
2025.03.06	01:39:45.356	0.96138	0.96145			6
2025.03.06	01:39:49.399	0.96137				2
2025.03.06	01:39:51.198	0.96138				2
2025.03.06	01:39:51.745		0.96144			4
2025.03.06	01:40:01.098	0.96139				2
2025.03.06	01:40:02.797	0.96138	0.96145			6
2025.03.06	01:40:05.225	0.96132	0.96139			6
2025.03.06	01:40:09.821	0.96131	0.96138			6
2025.03.06	01:40:10.860	0.96132				2
2025.03.06	01:40:12.930	0.96131				2
2025.03.06	01:40:15.873	0.96129	0.96135			6
2025.03.06	01:40:19.490	0.96128				2
2025.03.06	01:40:20.925	0.96129				2
2025.03.06	01:40:21.364	0.96128				2
2025.03.06	01:40:22.107	0.96129				2
2025.03.06	01:40:31.547	0.96126				2
2025.03.06	01:40:32.000	0.96128				2
2025.03.06	01:40:33.203	0.96129				2
2025.03.06	01:40:33.517	0.96130	0.96137			6
2025.03.06	01:40:38.845		0.96138			4
2025.03.06	01:40:39.556	0.96134	0.96141			6
2025.03.06	01:40:39.961	0.96133	0.96140			6
2025.03.06	01:40:40.295		0.96141			4
2025.03.06	01:40:45.072	0.96134				2
2025.03.06	01:40:45.376	0.96133				2
2025.03.06	01:40:46.304	0.96132				2
2025.03.06	01:40:49.133		0.96140			4
2025.03.06	01:40:52.714	0.96134	0.96141			6
2025.03.06	01:40:53.081	0.96133				2
2025.03.06	01:40:54.566	0.96132				2
2025.03.06	01:41:00.358	0.96132	0.96140			6
2025.03.06	01:41:02.575		0.96139			4
2025.03.06	01:41:04.177	0.96133	0.96141			6
2025.03.06	01:41:11.998	0.96132	0.96140			6
2025.03.06	01:41:20.522		0.96139			4
2025.03.06	01:41:21.099		0.96142			4
2025.03.06	01:41:22.255	0.96133				2
2025.03.06	01:41:24.341	0.96132	0.96139			6
2025.03.06	01:41:27.907	0.96131				2
2025.03.06	01:41:29.023	0.96132	0.96140			6
2025.03.06	01:41:29.524		0.96141			4
2025.03.06	01:41:29.972		0.96142			4
2025.03.06	01:41:33.118	0.96133				2
2025.03.06	01:41:34.153	0.96134				2
2025.03.06	01:41:36.105	0.96132	0.96141			6
2025.03.06	01:41:37.814	0.96135	0.96144			6
2025.03.06	01:41:38.210	0.96137				2
2025.03.06	01:41:43.802	0.96138	0.96146			6
2025.03.06	01:41:49.154	0.96137				2
2025.03.06	01:41:49.705	0.96138				2
2025.03.06	01:42:00.467	0.96138	0.96144			6
2025.03.06	01:42:04.204	0.96136				2
2025.03.06	01:42:07.492	0.96134	0.96142			6
2025.03.06	01:42:08.682		0.96141			4
2025.03.06	01:42:09.002	0.96132				2
2025.03.06	01:42:14.760	0.96134	0.96143			6
2025.03.06	01:42:15.511	0.96135	0.96145			6
2025.03.06	01:42:17.983		0.96144			4
2025.03.06	01:42:20.225		0.96145			4
2025.03.06	01:42:25.639		0.96144			4
2025.03.06	01:42:28.179		0.96143			4
2025.03.06	01:42:34.214	0.96136				2
2025.03.06	01:42:35.897	0.96135				2
2025.03.06	01:42:36.936		0.96142			4
2025.03.06	01:42:37.389		0.96144			4
2025.03.06	01:42:41.698	0.96136				2
2025.03.06	01:42:45.574	0.96135				2
2025.03.06	01:42:46.307	0.96139	0.96146			6
2025.03.06	01:43:00.509	0.96139				2
2025.03.06	01:43:01.708	0.96138				2
2025.03.06	01:43:04.697	0.96139				2
2025.03.06	01:43:05.544		0.96144			4
2025.03.06	01:43:08.801	0.96138				2
2025.03.06	01:43:09.313	0.96139	0.96145			6
2025.03.06	01:43:11.389	0.96136				2
2025.03.06	01:43:13.466	0.96138				2
2025.03.06	01:43:21.926	0.96137	0.96144			6
2025.03.06	01:43:22.263	0.96138				2
2025.03.06	01:43:24.968	0.96141	0.96149			6
2025.03.06	01:43:34.100	0.96142	0.96150			6
2025.03.06	01:43:35.389	0.96141				2
2025.03.06	01:43:37.768	0.96142	0.96151			6
2025.03.06	01:43:39.798	0.96143				2
2025.03.06	01:43:42.919	0.96142				2
2025.03.06	01:43:45.680		0.96149			4
2025.03.06	01:43:52.643	0.96141	0.96147			6
2025.03.06	01:43:53.736	0.96142	0.96149			6
2025.03.06	01:44:00.464	0.96141	0.96148			6
2025.03.06	01:44:03.737	0.96140				2
2025.03.06	01:44:04.293		0.96147			4
2025.03.06	01:44:05.363	0.96139				2
2025.03.06	01:44:06.577	0.96140	0.96148			6
2025.03.06	01:44:06.887		0.96147			4
2025.03.06	01:44:12.036	0.96141	0.96149			6
2025.03.06	01:44:16.375	0.96142				2
2025.03.06	01:44:22.379	0.96141				2
2025.03.06	01:44:24.502	0.96142				2
2025.03.06	01:44:26.705	0.96141				2
2025.03.06	01:44:28.448	0.96142				2
2025.03.06	01:44:30.500	0.96141				2
2025.03.06	01:44:31.713	0.96142				2
2025.03.06	01:44:32.796	0.96141				2
2025.03.06	01:44:33.832	0.96142				2
2025.03.06	01:44:35.597	0.96141				2
2025.03.06	01:44:37.954	0.96142				2
2025.03.06	01:44:39.420	0.96141				2
2025.03.06	01:44:42.123	0.96142				2
2025.03.06	01:44:46.099	0.96141				2
2025.03.06	01:44:48.317	0.96142				2
2025.03.06	01:44:49.698	0.96141				2
2025.03.06	01:44:53.597	0.96142				2
2025.03.06	01:44:54.795	0.96140	0.96148			6
2025.03.06	01:44:56.599	0.96141				2
2025.03.06	01:44:57.318		0.96149			4
2025.03.06	01:45:00.090	0.96141				2
2025.03.06	01:45:01.826	0.96142	0.96150			6
2025.03.06	01:45:09.423	0.96141	0.96148			6
2025.03.06	01:45:09.748	0.96142	0.96150			6
2025.03.06	01:45:10.697	0.96143				2
2025.03.06	01:45:11.630	0.96141	0.96149			6
2025.03.06	01:45:12.565	0.96140				2
2025.03.06	01:45:17.549		0.96148			4
2025.03.06	01:45:21.025	0.96141				2
2025.03.06	01:45:25.023		0.96149			4
2025.03.06	01:45:31.011	0.96142				2
2025.03.06	01:45:40.538	0.96140	0.96148			6
2025.03.06	01:45:43.397	0.96141	0.96149			6
2025.03.06	01:45:43.725	0.96140	0.96147			6
2025.03.06	01:45:46.692	0.96142	0.96149			6
2025.03.06	01:45:47.032	0.96143	0.96150			6
2025.03.06	01:45:49.271		0.96151			4
2025.03.06	01:45:50.352	0.96142				2
2025.03.06	01:45:51.425	0.96143				2
2025.03.06	01:45:52.305	0.96142				2
2025.03.06	01:45:52.610	0.96143	0.96152			6
2025.03.06	01:45:55.099	0.96142				2
2025.03.06	01:45:57.866		0.96149			4
2025.03.06	01:46:00.203	0.96142				2
2025.03.06	01:46:00.588	0.96141	0.96148			6
2025.03.06	01:46:01.424		0.96149			4
2025.03.06	01:46:04.100	0.96142				2
2025.03.06	01:46:05.494		0.96148			4
2025.03.06	01:46:05.801		0.96149			4
2025.03.06	01:46:06.244	0.96141	0.96148			6
2025.03.06	01:46:19.790	0.96142	0.96149			6
2025.03.06	01:46:24.904		0.96148			4
2025.03.06	01:46:28.170	0.96141				2
2025.03.06	01:46:28.566	0.96142				2
2025.03.06	01:46:28.940		0.96150			4
2025.03.06	01:46:36.401	0.96140	0.96148			6
2025.03.06	01:46:38.529	0.96141	0.96150			6
2025.03.06	01:46:42.393	0.96142				2
2025.03.06	01:46:46.222	0.96141	0.96149			6
2025.03.06	01:46:54.797		0.96148			4
2025.03.06	01:47:00.468	0.96140				2
2025.03.06	01:47:01.230		0.96149			4
2025.03.06	01:47:02.738		0.96148			4
2025.03.06	01:47:03.841	0.96141				2
2025.03.06	01:47:05.237	0.96139	0.96146			6
2025.03.06	01:47:06.448	0.96141				2
2025.03.06	01:47:06.767	0.96139				2
2025.03.06	01:47:07.414	0.96137	0.96145			6
2025.03.06	01:47:09.717	0.96138				2
2025.03.06	01:47:10.027	0.96139				2
2025.03.06	01:47:11.168	0.96141	0.96147			6
2025.03.06	01:47:11.899	0.96142				2
2025.03.06	01:47:16.493		0.96148			4
2025.03.06	01:47:22.768	0.96143				2
2025.03.06	01:47:26.562		0.96150			4
2025.03.06	01:47:26.925	0.96142				2
2025.03.06	01:47:33.267		0.96149			4
2025.03.06	01:47:35.609		0.96150			4
2025.03.06	01:47:40.677	0.96143				2
2025.03.06	01:47:41.594	0.96144				2
2025.03.06	01:47:42.113	0.96143				2
2025.03.06	01:47:46.819		0.96149			4
2025.03.06	01:47:47.550	0.96141				2
2025.03.06	01:47:47.900	0.96142				2
2025.03.06	01:47:49.430		0.96148			4
2025.03.06	01:47:50.284		0.96149			4
2025.03.06	01:47:50.693		0.96148			4
2025.03.06	01:47:52.654	0.96143	0.96151			6
2025.03.06	01:47:52.967	0.96142	0.96149			6
2025.03.06	01:47:53.697		0.96150			4
2025.03.06	01:47:54.916	0.96141				2
2025.03.06	01:47:58.700	0.96140				2
2025.03.06	01:48:00.366	0.96140				2
2025.03.06	01:48:01.868	0.96139	0.96148			6
2025.03.06	01:48:02.206		0.96149			4
2025.03.06	01:48:02.522	0.96140				2
2025.03.06	01:48:07.233		0.96146			4
2025.03.06	01:48:07.558	0.96139				2
2025.03.06	01:48:13.667	0.96142	0.96148			6
2025.03.06	01:48:14.109	0.96141				2
2025.03.06	01:48:14.659	0.96142	0.96149			6
2025.03.06	01:48:17.480	0.96141				2
2025.03.06	01:48:18.446		0.96150			4
2025.03.06	01:48:19.625	0.96142				2
2025.03.06	01:48:25.024	0.96141				2
2025.03.06	01:48:34.292	0.96142				2
2025.03.06	01:48:37.733		0.96151			4
2025.03.06	01:48:38.283	0.96147	0.96153			6
2025.03.06	01:48:40.544		0.96154			4
2025.03.06	01:48:42.923	0.96146				2
2025.03.06	01:48:44.900	0.96147				2
2025.03.06	01:48:59.937		0.96153			4
2025.03.06	01:49:04.023	0.96146				2
2025.03.06	01:49:12.567	0.96145	0.96152			6
2025.03.06	01:49:23.207		0.96153			4
2025.03.06	01:49:25.399	0.96146				2
2025.03.06	01:49:33.315	0.96145	0.96151			6
2025.03.06	01:49:44.931	0.96142	0.96150			6
2025.03.06	01:49:49.889		0.96149			4
2025.03.06	01:49:50.900		0.96150			4
2025.03.06	01:49:52.378	0.96143				2
2025.03.06	01:49:54.311	0.96142	0.96149			6
2025.03.06	01:49:58.167		0.96150			4
2025.03.06	01:50:00.611	0.96142				2
2025.03.06	01:50:01.296	0.96143	0.96151			6
2025.03.06	01:50:02.137		0.96150			4
2025.03.06	01:50:08.213	0.96142				2
2025.03.06	01:50:09.078	0.96143	0.96151			6
2025.03.06	01:50:10.389	0.96144				2
2025.03.06	01:50:10.999	0.96143				2
2025.03.06	01:50:12.384	0.96144	0.96152			6
2025.03.06	01:50:19.151		0.96150			4
2025.03.06	01:50:21.197	0.96143				2
2025.03.06	01:50:22.349	0.96144	0.96151			6
2025.03.06	01:50:30.499		0.96152			4
2025.03.06	01:50:30.891		0.96151			4
2025.03.06	01:50:49.983	0.96143	0.96152			6
2025.03.06	01:50:58.361	0.96145				2
2025.03.06	01:50:58.668	0.96146				2
2025.03.06	01:50:59.455	0.96144				2
2025.03.06	01:51:00.363	0.96144				2
2025.03.06	01:51:05.332		0.96151			4
2025.03.06	01:51:05.639		0.96150			4
2025.03.06	01:51:06.349		0.96149			4
2025.03.06	01:51:06.797	0.96143				2
2025.03.06	01:51:07.880	0.96144	0.96150			6
2025.03.06	01:51:10.814	0.96146	0.96154			6
2025.03.06	01:51:11.459	0.96147				2
2025.03.06	01:51:12.700	0.96146	0.96153			6
2025.03.06	01:51:16.451	0.96145	0.96152			6
2025.03.06	01:51:21.568	0.96143				2
2025.03.06	01:51:21.887	0.96144				2
2025.03.06	01:51:36.143	0.96143	0.96151			6
2025.03.06	01:51:40.113		0.96152			4
2025.03.06	01:51:40.725	0.96144				2
2025.03.06	01:51:41.629	0.96147	0.96154			6
2025.03.06	01:51:47.242	0.96145	0.96152			6
2025.03.06	01:51:50.354		0.96153			4
2025.03.06	01:51:55.195	0.96147	0.96155			6
2025.03.06	01:51:59.648	0.96149				2
2025.03.06	01:51:59.952	0.96148				2
2025.03.06	01:52:00.702	0.96148				2
2025.03.06	01:52:07.846	0.96147				2
2025.03.06	01:52:12.350	0.96148				2
2025.03.06	01:52:19.097	0.96147				2
2025.03.06	01:52:25.998	0.96148				2
2025.03.06	01:52:30.254	0.96147	0.96154			6
2025.03.06	01:52:33.902		0.96156			4
2025.03.06	01:52:34.228	0.96149				2
2025.03.06	01:52:34.617	0.96147				2
2025.03.06	01:52:40.063		0.96154			4
2025.03.06	01:52:42.629	0.96149	0.96156			6
2025.03.06	01:52:43.455	0.96148				2
2025.03.06	01:52:46.623	0.96147	0.96155			6
2025.03.06	01:52:52.682	0.96148				2
2025.03.06	01:52:57.277	0.96145	0.96152			6
2025.03.06	01:52:58.379	0.96144				2
2025.03.06	01:53:00.172	0.96144				2
2025.03.06	01:53:03.957	0.96145	0.96153			6
2025.03.06	01:53:22.543		0.96154			4
2025.03.06	01:53:22.925		0.96153			4
2025.03.06	01:53:25.698	0.96146				2
2025.03.06	01:53:26.105	0.96147	0.96154			6
2025.03.06	01:53:31.925	0.96146	0.96153			6
2025.03.06	01:53:40.249	0.96149	0.96155			6
2025.03.06	01:53:43.355		0.96156			4
2025.03.06	01:53:46.161		0.96155			4
2025.03.06	01:53:58.644	0.96146	0.96154			6
2025.03.06	01:54:00.319	0.96146				2
2025.03.06	01:54:00.850	0.96147				2
2025.03.06	01:54:01.194	0.96148				2
2025.03.06	01:54:02.687	0.96147	0.96155			6
2025.03.06	01:54:03.766	0.96148	0.96154			6
2025.03.06	01:54:11.609	0.96147				2
2025.03.06	01:54:13.328	0.96148				2
2025.03.06	01:54:17.828	0.96150	0.96156			6
2025.03.06	01:54:18.134	0.96149				2
2025.03.06	01:54:20.423	0.96150				2
2025.03.06	01:54:22.874		0.96155			4
2025.03.06	01:54:23.194		0.96157			4
2025.03.06	01:54:24.593	0.96151	0.96158			6
2025.03.06	01:54:29.545	0.96150				2
2025.03.06	01:54:29.886		0.96159			4
2025.03.06	01:54:37.589	0.96149	0.96157			6
2025.03.06	01:54:37.901	0.96148				2
2025.03.06	01:54:44.138	0.96147				2
2025.03.06	01:54:48.784	0.96150	0.96158			6
2025.03.06	01:54:51.476		0.96159			4
2025.03.06	01:54:56.760	0.96151				2
2025.03.06	01:54:58.261	0.96150				2
2025.03.06	01:55:00.200	0.96151				2
2025.03.06	01:55:01.720	0.96150				2
2025.03.06	01:55:03.848		0.96158			4
2025.03.06	01:55:10.609		0.96159			4
2025.03.06	01:55:16.098	0.96151				2
2025.03.06	01:55:18.016	0.96150				2
2025.03.06	01:55:18.712	0.96148	0.96156			6
2025.03.06	01:55:19.149		0.96155			4
2025.03.06	01:55:19.698	0.96147				2
2025.03.06	01:55:34.402	0.96146				2
2025.03.06	01:55:40.766	0.96148	0.96156			6
2025.03.06	01:55:41.698	0.96141	0.96150			6
2025.03.06	01:55:46.710		0.96149			4
2025.03.06	01:55:47.023		0.96151			4
2025.03.06	01:55:49.201	0.96142				2
2025.03.06	01:55:50.215	0.96141				2
2025.03.06	01:55:50.600	0.96145	0.96154			6
2025.03.06	01:55:52.161		0.96153			4
2025.03.06	01:55:53.509	0.96144				2
2025.03.06	01:56:01.042	0.96144				2
2025.03.06	01:56:01.491	0.96142	0.96154			6
2025.03.06	01:56:02.252	0.96145				2
2025.03.06	01:56:02.557	0.96143				2
2025.03.06	01:56:05.601		0.96153			4
2025.03.06	01:56:14.098	0.96144				2
2025.03.06	01:56:15.055		0.96155			4
2025.03.06	01:56:16.397	0.96145				2
2025.03.06	01:56:17.322		0.96156			4
2025.03.06	01:56:19.095		0.96154			4
2025.03.06	01:56:19.426	0.96144	0.96153			6
2025.03.06	01:56:21.486	0.96146	0.96155			6
2025.03.06	01:56:21.802	0.96147				2
2025.03.06	01:56:23.290	0.96149	0.96158			6
2025.03.06	01:56:25.533	0.96150				2
2025.03.06	01:56:26.298	0.96149				2
2025.03.06	01:56:27.557	0.96150				2
2025.03.06	01:56:29.107	0.96149				2
2025.03.06	01:56:29.434		0.96157			4
2025.03.06	01:56:32.392	0.96147	0.96156			6
2025.03.06	01:56:38.521	0.96146	0.96155			6
2025.03.06	01:56:38.854	0.96147				2
2025.03.06	01:56:39.166	0.96148	0.96157			6
2025.03.06	01:56:39.498	0.96149				2
2025.03.06	01:56:41.082	0.96146	0.96155			6
2025.03.06	01:56:41.653	0.96150	0.96158			6
2025.03.06	01:56:45.670		0.96157			4
2025.03.06	01:56:46.088	0.96149				2
2025.03.06	01:56:47.374	0.96147	0.96156			6
2025.03.06	01:56:50.267	0.96145	0.96154			6
2025.03.06	01:56:51.265	0.96146	0.96155			6
2025.03.06	01:56:54.225	0.96147				2
2025.03.06	01:57:00.854	0.96147				2
2025.03.06	01:57:04.949	0.96146				2
2025.03.06	01:57:05.598	0.96145				2
2025.03.06	01:57:09.137	0.96149	0.96157			6
2025.03.06	01:57:09.488	0.96150				2
2025.03.06	01:57:12.588		0.96158			4
2025.03.06	01:57:12.962		0.96159			4
2025.03.06	01:57:23.379	0.96149	0.96158			6
2025.03.06	01:57:23.825	0.96148	0.96156			6
2025.03.06	01:57:24.798	0.96147				2
2025.03.06	01:57:27.058		0.96155			4
2025.03.06	01:57:30.398	0.96146				2
2025.03.06	01:57:35.173	0.96144	0.96153			6
2025.03.06	01:57:37.750		0.96154			4
2025.03.06	01:57:38.134	0.96145				2
2025.03.06	01:57:39.126	0.96148	0.96157			6
2025.03.06	01:57:39.479	0.96147				2
2025.03.06	01:57:40.070	0.96148				2
2025.03.06	01:57:42.347	0.96146	0.96156			6
2025.03.06	01:57:50.763	0.96148	0.96157			6
2025.03.06	01:57:55.668	0.96150	0.96158			6
2025.03.06	01:57:56.379	0.96149				2
2025.03.06	01:57:59.653	0.96148	0.96156			6
2025.03.06	01:58:00.464	0.96149	0.96157			6
2025.03.06	01:58:03.848	0.96148				2
2025.03.06	01:58:06.066	0.96147				2
2025.03.06	01:58:07.782	0.96149				2
2025.03.06	01:58:08.085		0.96158			4
2025.03.06	01:58:12.497	0.96150				2
2025.03.06	01:58:15.298	0.96149				2
2025.03.06	01:58:16.649	0.96148	0.96157			6
2025.03.06	01:58:27.426	0.96149	0.96156			6
2025.03.06	01:58:28.999	0.96150				2
2025.03.06	01:58:29.955	0.96149				2
2025.03.06	01:58:31.100	0.96150				2
2025.03.06	01:58:33.385	0.96148				2
2025.03.06	01:58:33.696	0.96147				2
2025.03.06	01:58:37.757	0.96148				2
2025.03.06	01:58:41.373	0.96150	0.96158			6
2025.03.06	01:58:43.750		0.96159			4
2025.03.06	01:58:49.629		0.96158			4
2025.03.06	01:58:58.312		0.96157			4
2025.03.06	01:59:00.399	0.96150				2
2025.03.06	01:59:01.444	0.96149				2
2025.03.06	01:59:01.747	0.96148				2
2025.03.06	01:59:03.300	0.96147				2
2025.03.06	01:59:03.620		0.96156			4
2025.03.06	01:59:05.366	0.96145	0.96154			6
2025.03.06	01:59:09.405		0.96155			4
2025.03.06	01:59:10.109	0.96148				2
2025.03.06	01:59:15.273	0.96144	0.96154			6
2025.03.06	01:59:15.895		0.96153			4
2025.03.06	01:59:21.393	0.96145				2
2025.03.06	01:59:22.569	0.96144				2
2025.03.06	01:59:40.768	0.96142	0.96152			6
2025.03.06	01:59:46.356		0.96151			4
2025.03.06	01:59:48.500		0.96152			4
2025.03.06	01:59:48.994		0.96151			4
2025.03.06	01:59:49.307	0.96141				2
2025.03.06	01:59:49.782	0.96142				2
2025.03.06	01:59:50.123	0.96143				2
2025.03.06	01:59:50.521		0.96152			4
2025.03.06	01:59:51.038	0.96147	0.96157			6
2025.03.06	01:59:52.188		0.96156			4
2025.03.06	01:59:52.495	0.96146	0.96155			6
2025.03.06	01:59:52.808	0.96147	0.96157			6
2025.03.06	01:59:54.746	0.96148				2
2025.03.06	02:00:00.123	0.96148				2
2025.03.06	02:00:00.428	0.96147				2
2025.03.06	02:00:00.840	0.96149	0.96158			6
2025.03.06	02:00:01.188		0.96157			4
2025.03.06	02:00:01.836		0.96158			4
2025.03.06	02:00:02.198		0.96157			4
2025.03.06	02:00:02.546		0.96158			4
2025.03.06	02:00:02.921	0.96148				2
2025.03.06	02:00:04.129	0.96150	0.96161			6
2025.03.06	02:00:04.433	0.96152	0.96162			6
2025.03.06	02:00:05.385		0.96161			4
2025.03.06	02:00:06.281	0.96151				2
2025.03.06	02:00:06.704		0.96160			4
2025.03.06	02:00:07.242	0.96150				2
2025.03.06	02:00:07.561		0.96161			4
2025.03.06	02:00:07.894	0.96149	0.96159			6
2025.03.06	02:00:08.272	0.96148	0.96158			6
2025.03.06	02:00:09.086	0.96154	0.96163			6
2025.03.06	02:00:09.423	0.96155	0.96164			6
2025.03.06	02:00:13.744	0.96153	0.96163			6
2025.03.06	02:00:20.735	0.96154				2
2025.03.06	02:00:21.882	0.96151	0.96162			6
2025.03.06	02:00:22.324	0.96150	0.96161			6
2025.03.06	02:00:23.725	0.96151				2
2025.03.06	02:00:24.396	0.96149	0.96158			6
2025.03.06	02:00:24.965	0.96151	0.96160			6
2025.03.06	02:00:26.718	0.96150				2
2025.03.06	02:00:28.927	0.96149				2
2025.03.06	02:00:30.540	0.96153	0.96163			6
2025.03.06	02:00:31.454		0.96162			4
2025.03.06	02:00:35.838	0.96158	0.96167			6
2025.03.06	02:00:36.179	0.96157				2
2025.03.06	02:00:36.869	0.96158				2
2025.03.06	02:00:37.182	0.96157				2
2025.03.06	02:00:37.638	0.96158				2
2025.03.06	02:00:39.757	0.96156				2
2025.03.06	02:00:40.576	0.96159	0.96169			6
2025.03.06	02:00:40.884	0.96163	0.96171			6
2025.03.06	02:00:41.505		0.96172			4
2025.03.06	02:00:41.833		0.96170			4
2025.03.06	02:00:45.792	0.96162				2
2025.03.06	02:00:48.641	0.96166	0.96173			6
2025.03.06	02:00:50.031		0.96174			4
2025.03.06	02:00:50.381	0.96165				2
2025.03.06	02:00:52.155	0.96163	0.96172			6
2025.03.06	02:00:56.234	0.96165	0.96174			6
2025.03.06	02:00:59.078	0.96164				2
2025.03.06	02:01:00.015	0.96165				2
2025.03.06	02:01:00.361	0.96168	0.96177			6
2025.03.06	02:01:01.357	0.96167				2
2025.03.06	02:01:02.082	0.96168				2
2025.03.06	02:01:02.766	0.96167	0.96176			6
2025.03.06	02:01:04.193	0.96169	0.96178			6
2025.03.06	02:01:05.889		0.96179			4
2025.03.06	02:01:06.203		0.96178			4
2025.03.06	02:01:09.198	0.96168				2
2025.03.06	02:01:09.584	0.96170	0.96179			6
2025.03.06	02:01:10.774	0.96169				2
2025.03.06	02:01:11.439	0.96171	0.96181			6
2025.03.06	02:01:11.748		0.96182			4
2025.03.06	02:01:14.266	0.96172				2
2025.03.06	02:01:15.628		0.96181			4
2025.03.06	02:01:17.252	0.96171	0.96180			6
2025.03.06	02:01:18.592	0.96172	0.96181			6
2025.03.06	02:01:18.916		0.96182			4
2025.03.06	02:01:24.466	0.96173	0.96183			6
2025.03.06	02:01:25.224	0.96172	0.96182			6
2025.03.06	02:01:25.532		0.96183			4
2025.03.06	02:01:27.575	0.96173				2
2025.03.06	02:01:33.980	0.96172	0.96182			6
2025.03.06	02:01:34.348	0.96173	0.96183			6
2025.03.06	02:01:35.422	0.96177	0.96186			6
2025.03.06	02:01:37.504	0.96178	0.96187			6
2025.03.06	02:01:37.811	0.96179	0.96188			6
2025.03.06	02:01:40.693	0.96182	0.96192			6
2025.03.06	02:01:43.454	0.96183				2
2025.03.06	02:01:43.945	0.96182				2
2025.03.06	02:01:44.430	0.96184	0.96193			6
2025.03.06	02:01:44.747		0.96192			4
2025.03.06	02:01:45.056		0.96193			4
2025.03.06	02:01:45.455		0.96192			4
2025.03.06	02:01:46.261	0.96182				2
2025.03.06	02:01:48.690		0.96191			4
2025.03.06	02:01:50.450	0.96181				2
2025.03.06	02:01:51.204	0.96180	0.96190			6
2025.03.06	02:01:53.850		0.96189			4
2025.03.06	02:01:58.200		0.96190			4
2025.03.06	02:01:58.768		0.96188			4
2025.03.06	02:01:59.304		0.96189			4
2025.03.06	02:02:00.359	0.96180				2
2025.03.06	02:02:02.004		0.96190			4
2025.03.06	02:02:03.825	0.96182	0.96193			6
2025.03.06	02:02:04.152		0.96192			4
2025.03.06	02:02:04.722		0.96193			4
2025.03.06	02:02:06.294	0.96183				2
2025.03.06	02:02:11.743	0.96182	0.96192			6
2025.03.06	02:02:13.355	0.96183				2
2025.03.06	02:02:14.438		0.96193			4
2025.03.06	02:02:14.986		0.96192			4
2025.03.06	02:02:15.731		0.96191			4
2025.03.06	02:02:16.869	0.96182				2
2025.03.06	02:02:17.212		0.96192			4
2025.03.06	02:02:18.525	0.96180	0.96187			6
2025.03.06	02:02:18.927	0.96179	0.96188			6
2025.03.06	02:02:19.254	0.96180	0.96190			6
2025.03.06	02:02:20.213	0.96181				2
2025.03.06	02:02:25.366	0.96180				2
2025.03.06	02:02:27.133	0.96179	0.96188			6
2025.03.06	02:02:29.655	0.96176	0.96185			6
2025.03.06	02:02:30.996		0.96184			4
2025.03.06	02:02:33.797	0.96175				2
2025.03.06	02:02:35.027	0.96176				2
2025.03.06	02:02:35.403	0.96175				2
2025.03.06	02:02:35.710	0.96173	0.96182			6
2025.03.06	02:02:42.799		0.96181			4
2025.03.06	02:02:43.365		0.96183			4
2025.03.06	02:02:48.530	0.96175				2
2025.03.06	02:02:50.621	0.96174				2
2025.03.06	02:02:52.705	0.96173	0.96182			6
2025.03.06	02:02:53.929	0.96172				2
2025.03.06	02:02:55.005		0.96180			4
2025.03.06	02:02:57.055	0.96170	0.96179			6
2025.03.06	02:03:00.489	0.96170				2
2025.03.06	02:03:01.752	0.96174	0.96182			6
2025.03.06	02:03:02.079		0.96183			4
2025.03.06	02:03:02.422		0.96182			4
2025.03.06	02:03:03.294	0.96173	0.96181			6
2025.03.06	02:03:04.126	0.96170	0.96179			6
2025.03.06	02:03:05.136	0.96171				2
2025.03.06	02:03:07.371	0.96172	0.96180			6
2025.03.06	02:03:10.958	0.96170				2
2025.03.06	02:03:14.428		0.96178			4
2025.03.06	02:03:15.839	0.96171	0.96180			6
2025.03.06	02:03:17.244		0.96181			4
2025.03.06	02:03:18.362	0.96173				2
2025.03.06	02:03:18.668	0.96172				2
2025.03.06	02:03:20.768		0.96180			4
2025.03.06	02:03:22.680		0.96181			4
2025.03.06	02:03:28.303	0.96170	0.96180			6
2025.03.06	02:03:30.273		0.96179			4
2025.03.06	02:03:30.656		0.96180			4
2025.03.06	02:03:31.014		0.96179			4
2025.03.06	02:03:31.958	0.96171	0.96180			6
2025.03.06	02:03:32.972		0.96179			4
2025.03.06	02:03:36.135		0.96180			4
2025.03.06	02:03:47.196	0.96170				2
2025.03.06	02:03:48.271	0.96171				2
2025.03.06	02:03:48.742	0.96172	0.96182			6
2025.03.06	02:03:49.042	0.96171				2
2025.03.06	02:03:49.718		0.96181			4
2025.03.06	02:03:50.310	0.96172	0.96182			6
2025.03.06	02:03:50.639	0.96173				2
2025.03.06	02:03:50.955	0.96172	0.96181			6
2025.03.06	02:03:54.020	0.96175	0.96185			6
2025.03.06	02:04:00.323	0.96177	0.96187			6
2025.03.06	02:04:00.654	0.96178	0.96188			6
2025.03.06	02:04:03.020	0.96179	0.96187			6
2025.03.06	02:04:08.702	0.96177	0.96186			6
2025.03.06	02:04:10.449	0.96179	0.96187			6
2025.03.06	02:04:11.501	0.96178	0.96186			6
2025.03.06	02:04:11.810	0.96177				2
2025.03.06	02:04:16.448		0.96187			4
2025.03.06	02:04:17.925		0.96186			4
2025.03.06	02:04:18.290		0.96187			4
2025.03.06	02:04:20.239	0.96178				2
2025.03.06	02:04:20.573	0.96179				2
2025.03.06	02:04:22.119	0.96180	0.96188			6
2025.03.06	02:04:22.446		0.96187			4
2025.03.06	02:04:26.354	0.96179				2
2025.03.06	02:04:26.968	0.96181	0.96189			6
2025.03.06	02:04:29.114	0.96179	0.96187			6
2025.03.06	02:04:35.720		0.96188			4
2025.03.06	02:04:45.836		0.96187			4
2025.03.06	02:04:52.361		0.96188			4
2025.03.06	02:04:54.148	0.96177	0.96185			6
2025.03.06	02:04:54.934	0.96175	0.96183			6
2025.03.06	02:04:56.689	0.96173	0.96182			6
2025.03.06	02:05:00.632	0.96173				2
2025.03.06	02:05:03.390	0.96172				2
2025.03.06	02:05:04.088	0.96173				2
2025.03.06	02:05:04.392	0.96174				2
2025.03.06	02:05:04.830	0.96171	0.96180			6
2025.03.06	02:05:05.689	0.96172	0.96179			6
2025.03.06	02:05:06.084	0.96171				2
2025.03.06	02:05:08.181	0.96168	0.96177			6
2025.03.06	02:05:10.141	0.96167				2
2025.03.06	02:05:11.383		0.96176			4
2025.03.06	02:05:12.498		0.96177			4
2025.03.06	02:05:14.842	0.96166	0.96175			6
2025.03.06	02:05:15.262	0.96167	0.96174			6
2025.03.06	02:05:18.073	0.96166				2
2025.03.06	02:05:18.499	0.96167				2
2025.03.06	02:05:19.787		0.96177			4
2025.03.06	02:05:21.868	0.96168				2
2025.03.06	02:05:22.986	0.96167	0.96176			6
2025.03.06	02:05:23.948	0.96166				2
2025.03.06	02:05:24.540	0.96167				2
2025.03.06	02:05:25.388	0.96168	0.96178			6
2025.03.06	02:05:27.980	0.96170	0.96181			6
2025.03.06	02:05:30.757	0.96171				2
2025.03.06	02:05:31.061	0.96170				2
2025.03.06	02:05:33.179		0.96179			4
2025.03.06	02:05:33.487	0.96169				2
2025.03.06	02:05:34.100	0.96168				2
2025.03.06	02:05:34.664	0.96169				2
2025.03.06	02:05:37.970		0.96180			4
2025.03.06	02:05:40.490		0.96179			4
2025.03.06	02:05:41.244		0.96180			4
2025.03.06	02:05:41.736	0.96168				2
2025.03.06	02:05:45.221	0.96171	0.96182			6
2025.03.06	02:05:50.552	0.96172	0.96183			6
2025.03.06	02:05:51.382	0.96173	0.96184			6
2025.03.06	02:05:51.798	0.96172				2
2025.03.06	02:05:53.070	0.96173				2
2025.03.06	02:05:53.663	0.96174				2
2025.03.06	02:05:55.275	0.96173				2
2025.03.06	02:05:57.165	0.96174				2
2025.03.06	02:05:59.259	0.96175				2
2025.03.06	02:06:00.559	0.96175				2
2025.03.06	02:06:01.759	0.96174				2
2025.03.06	02:06:03.064		0.96185			4
2025.03.06	02:06:03.869	0.96175	0.96183			6
2025.03.06	02:06:04.641	0.96172				2
2025.03.06	02:06:10.810		0.96182			4
2025.03.06	02:06:11.645	0.96173				2
2025.03.06	02:06:12.197	0.96172				2
2025.03.06	02:06:13.383	0.96173				2
2025.03.06	02:06:17.463	0.96174	0.96185			6
2025.03.06	02:06:22.063	0.96177	0.96186			6
2025.03.06	02:06:22.369		0.96187			4
2025.03.06	02:06:25.530	0.96176	0.96186			6
2025.03.06	02:06:27.549	0.96179				2
2025.03.06	02:06:33.126	0.96178				2
2025.03.06	02:06:34.071	0.96177				2
2025.03.06	02:06:34.389	0.96175	0.96185			6
2025.03.06	02:06:37.577	0.96174				2
2025.03.06	02:06:39.619	0.96177	0.96186			6
2025.03.06	02:06:41.650	0.96178	0.96188			6
2025.03.06	02:06:53.796	0.96177				2
2025.03.06	02:06:55.166	0.96178				2
2025.03.06	02:06:57.718	0.96177				2
2025.03.06	02:06:58.310		0.96187			4
2025.03.06	02:07:00.255	0.96177				2
2025.03.06	02:07:00.604		0.96186			4
2025.03.06	02:07:00.916	0.96173	0.96185			6
2025.03.06	02:07:01.611	0.96174	0.96184			6
2025.03.06	02:07:03.311		0.96185			4
2025.03.06	02:07:03.876	0.96175				2
2025.03.06	02:07:04.185	0.96178	0.96189			6
2025.03.06	02:07:05.035	0.96177	0.96188			6
2025.03.06	02:07:05.730		0.96189			4
2025.03.06	02:07:08.203	0.96178				2
2025.03.06	02:07:08.967	0.96176	0.96187			6
2025.03.06	02:07:09.313	0.96174	0.96185			6
2025.03.06	02:07:09.697		0.96186			4
2025.03.06	02:07:10.257	0.96178	0.96187			6
2025.03.06	02:07:13.044	0.96176	0.96186			6
2025.03.06	02:07:13.424		0.96187			4
2025.03.06	02:07:14.444		0.96186			4
2025.03.06	02:07:16.158	0.96178	0.96187			6
2025.03.06	02:07:16.467		0.96190			4
2025.03.06	02:07:17.152		0.96189			4
2025.03.06	02:07:17.815		0.96190			4
2025.03.06	02:07:18.310	0.96177	0.96189			6
2025.03.06	02:07:21.550	0.96176	0.96188			6
2025.03.06	02:07:23.157	0.96177				2
2025.03.06	02:07:25.790	0.96178				2
2025.03.06	02:07:29.107	0.96175	0.96187			6
2025.03.06	02:07:30.197	0.96176				2
2025.03.06	02:07:30.581	0.96175				2
2025.03.06	02:07:32.850	0.96176				2
2025.03.06	02:07:34.351	0.96177	0.96188			6
2025.03.06	02:07:45.333	0.96174	0.96186			6
2025.03.06	02:07:48.856		0.96185			4
2025.03.06	02:07:49.946		0.96186			4
2025.03.06	02:07:54.058		0.96185			4
2025.03.06	02:07:54.503		0.96186			4
2025.03.06	02:07:55.648	0.96173	0.96185			6
2025.03.06	02:07:57.347		0.96184			4
2025.03.06	02:07:58.026		0.96185			4
2025.03.06	02:08:00.948	0.96173				2
2025.03.06	02:08:02.047	0.96172	0.96184			6
2025.03.06	02:08:03.250	0.96177	0.96187			6
2025.03.06	02:08:04.275		0.96188			4
2025.03.06	02:08:04.633		0.96187			4
2025.03.06	02:08:05.236		0.96186			4
2025.03.06	02:08:05.819	0.96174	0.96185			6
2025.03.06	02:08:07.466		0.96186			4
2025.03.06	02:08:12.597	0.96178	0.96189			6
2025.03.06	02:08:14.215	0.96176	0.96188			6
2025.03.06	02:08:15.683	0.96177				2
2025.03.06	02:08:17.870	0.96178	0.96189			6
2025.03.06	02:08:18.725	0.96179	0.96190			6
2025.03.06	02:08:19.149	0.96180				2
2025.03.06	02:08:19.725	0.96178	0.96191			6
2025.03.06	02:08:20.070		0.96190			4
2025.03.06	02:08:20.375		0.96189			4
2025.03.06	02:08:25.331		0.96190			4
2025.03.06	02:08:25.947	0.96176	0.96186			6
2025.03.06	02:08:26.283	0.96175				2
2025.03.06	02:08:29.298		0.96187			4
2025.03.06	02:08:30.344	0.96176	0.96186			6
2025.03.06	02:08:31.058		0.96188			4
2025.03.06	02:08:31.367	0.96177	0.96189			6
2025.03.06	02:08:39.206	0.96175	0.96185			6
2025.03.06	02:08:42.231		0.96184			4
2025.03.06	02:08:44.345		0.96186			4
2025.03.06	02:08:46.385	0.96173	0.96185			6
2025.03.06	02:08:53.075	0.96174	0.96186			6
2025.03.06	02:08:53.386	0.96173	0.96184			6
2025.03.06	02:08:53.743		0.96185			4
2025.03.06	02:08:54.135		0.96184			4
2025.03.06	02:08:54.445		0.96185			4
2025.03.06	02:08:54.789	0.96172				2
2025.03.06	02:08:55.248		0.96184			4
2025.03.06	02:08:59.007	0.96173	0.96185			6
2025.03.06	02:09:00.477	0.96173	0.96184			6
2025.03.06	02:09:00.984	0.96169	0.96180			6
2025.03.06	02:09:01.368		0.96181			4
2025.03.06	02:09:01.723		0.96179			4
2025.03.06	02:09:02.027		0.96180			4
2025.03.06	02:09:02.953		0.96181			4
2025.03.06	02:09:03.655		0.96180			4
2025.03.06	02:09:05.156		0.96181			4
2025.03.06	02:09:06.462		0.96180			4
2025.03.06	02:09:09.302		0.96181			4
2025.03.06	02:09:11.469	0.96166	0.96178			6
2025.03.06	02:09:14.436		0.96179			4
2025.03.06	02:09:16.472		0.96178			4
2025.03.06	02:09:17.220	0.96165				2
2025.03.06	02:09:18.255		0.96177			4
2025.03.06	02:09:18.570		0.96178			4
2025.03.06	02:09:19.110		0.96177			4
2025.03.06	02:09:20.384	0.96164	0.96176			6
2025.03.06	02:09:27.985	0.96163				2
2025.03.06	02:09:29.098	0.96162	0.96173			6
2025.03.06	02:09:30.354		0.96174			4
2025.03.06	02:09:30.754		0.96172			4
2025.03.06	02:09:31.838	0.96161				2
2025.03.06	02:09:32.558	0.96160	0.96171			6
2025.03.06	02:09:35.993		0.96172			4
2025.03.06	02:09:36.502		0.96171			4
2025.03.06	02:09:40.396	0.96161				2
2025.03.06	02:09:45.313	0.96159	0.96169			6
2025.03.06	02:09:45.625		0.96171			4
2025.03.06	02:09:49.894		0.96169			4
2025.03.06	02:09:50.276	0.96161	0.96171			6
2025.03.06	02:09:51.178	0.96159				2
2025.03.06	02:09:52.814		0.96169			4
2025.03.06	02:09:53.210		0.96168			4
2025.03.06	02:09:54.349		0.96170			4
2025.03.06	02:09:55.213		0.96169			4
2025.03.06	02:09:56.065		0.96168			4
2025.03.06	02:09:58.631		0.96169			4
2025.03.06	02:09:58.959		0.96168			4
2025.03.06	02:09:59.284		0.96170			4
2025.03.06	02:10:00.275	0.96159				2
2025.03.06	02:10:01.150	0.96160	0.96171			6
2025.03.06	02:10:03.219		0.96172			4
2025.03.06	02:10:05.865		0.96171			4
2025.03.06	02:10:08.126	0.96158	0.96170			6
2025.03.06	02:10:09.055		0.96169			4
2025.03.06	02:10:11.013	0.96160	0.96170			6
2025.03.06	02:10:11.411	0.96159				2
2025.03.06	02:10:12.291	0.96160				2
2025.03.06	02:10:12.596	0.96159				2
2025.03.06	02:10:12.964	0.96160				2
2025.03.06	02:10:17.184	0.96158	0.96169			6
2025.03.06	02:10:20.073		0.96168			4
2025.03.06	02:10:20.387	0.96157				2
2025.03.06	02:10:21.294	0.96158				2
2025.03.06	02:10:21.596	0.96159	0.96169			6
2025.03.06	02:10:22.867	0.96158				2
2025.03.06	02:10:24.003	0.96159				2
2025.03.06	02:10:24.670	0.96158				2
2025.03.06	02:10:25.735	0.96160				2
2025.03.06	02:10:28.287		0.96171			4
2025.03.06	02:10:29.519	0.96164	0.96174			6
2025.03.06	02:10:30.352	0.96163	0.96173			6
2025.03.06	02:10:30.666	0.96161	0.96172			6
2025.03.06	02:10:31.308	0.96162	0.96175			6
2025.03.06	02:10:31.617	0.96163				2
2025.03.06	02:10:32.470	0.96162	0.96176			6
2025.03.06	02:10:32.795	0.96161	0.96173			6
2025.03.06	02:10:36.349		0.96171			4
2025.03.06	02:10:37.196		0.96173			4
2025.03.06	02:10:39.904	0.96160	0.96171			6
2025.03.06	02:10:40.232	0.96159				2
2025.03.06	02:10:45.429	0.96162	0.96173			6
2025.03.06	02:10:54.147		0.96174			4
2025.03.06	02:10:54.904	0.96163				2
2025.03.06	02:10:56.640	0.96162	0.96173			6
2025.03.06	02:10:57.663		0.96174			4
2025.03.06	02:10:57.977	0.96163				2
2025.03.06	02:10:58.287	0.96162	0.96173			6
2025.03.06	02:10:58.700	0.96163				2
2025.03.06	02:10:59.009		0.96174			4
2025.03.06	02:11:00.199	0.96163				2
2025.03.06	02:11:05.213		0.96173			4
2025.03.06	02:11:07.918	0.96162	0.96172			6
2025.03.06	02:11:16.342	0.96163				2
2025.03.06	02:11:16.826		0.96171			4
2025.03.06	02:11:29.548	0.96162				2
2025.03.06	02:11:34.219	0.96161	0.96169			6
2025.03.06	02:11:42.443	0.96162	0.96171			6
2025.03.06	02:11:43.107		0.96170			4
2025.03.06	02:11:43.613		0.96171			4
2025.03.06	02:11:44.689	0.96163	0.96172			6
2025.03.06	02:11:45.017	0.96162				2
2025.03.06	02:11:46.106		0.96171			4
2025.03.06	02:11:58.741	0.96163				2
2025.03.06	02:11:59.311	0.96162				2
2025.03.06	02:11:59.642	0.96163	0.96172			6
2025.03.06	02:12:00.084	0.96163				2
2025.03.06	02:12:00.600		0.96171			4
2025.03.06	02:12:01.633		0.96172			4
2025.03.06	02:12:02.047	0.96165	0.96174			6
2025.03.06	02:12:02.711		0.96175			4
2025.03.06	02:12:04.154	0.96162	0.96172			6
2025.03.06	02:12:04.574	0.96163				2
2025.03.06	02:12:05.087	0.96162	0.96171			6
2025.03.06	02:12:09.528	0.96160	0.96169			6
2025.03.06	02:12:14.925		0.96168			4
2025.03.06	02:12:18.874	0.96159	0.96167			6
2025.03.06	02:12:22.412	0.96160	0.96169			6
2025.03.06	02:12:24.435	0.96161	0.96170			6
2025.03.06	02:12:27.202		0.96171			4
2025.03.06	02:12:34.990		0.96169			4
2025.03.06	02:12:35.292		0.96170			4
2025.03.06	02:12:36.863		0.96169			4
2025.03.06	02:12:40.516	0.96160	0.96168			6
2025.03.06	02:12:41.285	0.96159	0.96166			6
2025.03.06	02:12:48.656		0.96168			4
2025.03.06	02:12:51.132	0.96162	0.96171			6
2025.03.06	02:12:53.025		0.96173			4
2025.03.06	02:12:59.063		0.96171			4
2025.03.06	02:13:00.036	0.96162				2
2025.03.06	02:13:04.172	0.96161				2
2025.03.06	02:13:20.275	0.96162	0.96172			6
2025.03.06	02:13:20.787	0.96163				2
2025.03.06	02:13:28.090	0.96165				2
2025.03.06	02:13:29.766		0.96173			4
2025.03.06	02:13:32.330	0.96162	0.96171			6
2025.03.06	02:13:34.367	0.96161	0.96172			6
2025.03.06	02:13:41.370	0.96162				2
2025.03.06	02:13:42.129	0.96161	0.96171			6
2025.03.06	02:13:43.284	0.96162				2
2025.03.06	02:13:45.318		0.96172			4
2025.03.06	02:13:50.040	0.96163				2
2025.03.06	02:13:50.715	0.96162				2
2025.03.06	02:13:51.038	0.96163				2
2025.03.06	02:13:53.598		0.96171			4
2025.03.06	02:13:53.906		0.96170			4
2025.03.06	02:13:56.015		0.96171			4
2025.03.06	02:13:58.012	0.96162				2
2025.03.06	02:14:00.451	0.96163				2
2025.03.06	02:14:04.223	0.96162				2
2025.03.06	02:14:04.735	0.96163				2
2025.03.06	02:14:05.103	0.96162				2
