<DATE>	<TIME>	<BID>	<ASK>	<LAST>	<VOLUME>	<FLAGS>
2025.09.17	00:03:30.432	0.93230	0.93411			6
2025.09.17	00:04:10.532	0.93230				2
2025.09.17	00:04:31.419		0.93411			4
2025.09.17	00:05:05.787	0.93230				2
2025.09.17	00:05:32.367		0.93411			4
2025.09.17	00:06:00.534	0.93230				2
2025.09.17	00:06:32.420		0.93411			4
2025.09.17	00:06:44.310		0.93402			4
2025.09.17	00:07:00.542	0.93230				2
2025.09.17	00:07:44.315		0.93399			4
2025.09.17	00:08:09.945	0.93230				2
2025.09.17	00:08:44.305		0.93405			4
2025.09.17	00:09:00.239	0.93230				2
2025.09.17	00:09:44.305		0.93411			4
2025.09.17	00:09:53.729	0.93229				2
2025.09.17	00:10:00.159	0.93229				2
2025.09.17	00:10:01.435	0.93228				2
2025.09.17	00:10:11.550	0.93265	0.93342			6
2025.09.17	00:10:42.794	0.93263				2
2025.09.17	00:10:57.855	0.93260				2
2025.09.17	00:11:12.348	0.93229	0.93406			6
2025.09.17	00:11:17.930	0.93260	0.93342			6
2025.09.17	00:11:18.899	0.93229	0.93411			6
2025.09.17	00:11:24.661	0.93260	0.93342			6
2025.09.17	00:11:25.572	0.93229	0.93411			6
2025.09.17	00:11:31.406	0.93260	0.93342			6
2025.09.17	00:11:32.313	0.93229	0.93411			6
2025.09.17	00:12:00.363	0.93229				2
2025.09.17	00:12:32.598		0.93411			4
2025.09.17	00:13:02.579	0.93229				2
2025.09.17	00:13:32.604		0.93411			4
2025.09.17	00:14:00.353	0.93229				2
2025.09.17	00:14:29.687		0.93397			4
2025.09.17	00:14:34.350		0.93409			4
2025.09.17	00:15:00.982	0.93229				2
2025.09.17	00:15:03.088		0.93402			4
2025.09.17	00:15:07.556		0.93403			4
2025.09.17	00:15:14.924		0.93402			4
2025.09.17	00:15:16.120		0.93403			4
2025.09.17	00:17:37.826	0.93229	0.93410			6
2025.09.17	00:18:02.916	0.93229	0.93407			6
2025.09.17	00:18:04.276		0.93411			4
2025.09.17	00:19:00.454	0.93229				2
2025.09.17	00:19:04.320		0.93411			4
2025.09.17	00:19:26.467		0.93410			4
2025.09.17	00:19:28.460		0.93411			4
2025.09.17	00:19:59.292		0.93404			4
2025.09.17	00:20:00.300	0.93229	0.93406			6
2025.09.17	00:20:15.633		0.93400			4
2025.09.17	00:20:16.302		0.93402			4
2025.09.17	00:20:26.019		0.93401			4
2025.09.17	00:20:32.299		0.93402			4
2025.09.17	00:20:38.918		0.93401			4
2025.09.17	00:20:41.920		0.93400			4
2025.09.17	00:20:48.218		0.93399			4
2025.09.17	00:20:49.419		0.93400			4
2025.09.17	00:20:52.108		0.93401			4
2025.09.17	00:20:56.876	0.93219				2
2025.09.17	00:21:03.219	0.93219				2
2025.09.17	00:21:06.183		0.93400			4
2025.09.17	00:21:07.267		0.93399			4
2025.09.17	00:21:15.221		0.93398			4
2025.09.17	00:21:16.287		0.93399			4
2025.09.17	00:21:18.680		0.93400			4
2025.09.17	00:21:25.322	0.93222				2
2025.09.17	00:21:27.219		0.93399			4
2025.09.17	00:21:32.921		0.93398			4
2025.09.17	00:21:36.177		0.93386			4
2025.09.17	00:21:36.514		0.93387			4
2025.09.17	00:21:38.300		0.93388			4
2025.09.17	00:21:48.219		0.93387			4
2025.09.17	00:21:52.634	0.93223				2
2025.09.17	00:22:00.534	0.93223				2
2025.09.17	00:22:08.018		0.93386			4
2025.09.17	00:22:15.222		0.93385			4
2025.09.17	00:22:25.720		0.93384			4
2025.09.17	00:22:31.414		0.93383			4
2025.09.17	00:22:33.269		0.93384			4
2025.09.17	00:22:35.375		0.93382			4
2025.09.17	00:22:42.299		0.93383			4
2025.09.17	00:22:43.352		0.93382			4
2025.09.17	00:22:44.756		0.93383			4
2025.09.17	00:22:47.943		0.93385			4
2025.09.17	00:22:52.101		0.93384			4
2025.09.17	00:23:00.957	0.93223				2
2025.09.17	00:23:14.526		0.93383			4
2025.09.17	00:23:26.321		0.93382			4
2025.09.17	00:23:26.798		0.93381			4
2025.09.17	00:23:28.719		0.93382			4
2025.09.17	00:23:35.406		0.93381			4
2025.09.17	00:23:41.184		0.93380			4
2025.09.17	00:23:43.306		0.93382			4
2025.09.17	00:23:48.935		0.93381			4
2025.09.17	00:23:49.298		0.93379			4
2025.09.17	00:23:52.272		0.93381			4
2025.09.17	00:23:53.618		0.93380			4
2025.09.17	00:23:56.019		0.93379			4
2025.09.17	00:23:57.297		0.93381			4
2025.09.17	00:23:59.299		0.93379			4
2025.09.17	00:24:01.128	0.93223				2
2025.09.17	00:24:05.215		0.93380			4
2025.09.17	00:24:06.445		0.93381			4
2025.09.17	00:24:10.419		0.93380			4
2025.09.17	00:24:12.734		0.93379			4
2025.09.17	00:24:13.106		0.93380			4
2025.09.17	00:24:15.298		0.93379			4
2025.09.17	00:24:17.752	0.93224				2
2025.09.17	00:24:21.317	0.93223				2
2025.09.17	00:24:22.499	0.93224				2
2025.09.17	00:24:23.642	0.93223				2
2025.09.17	00:24:35.024		0.93378			4
2025.09.17	00:24:42.791		0.93377			4
2025.09.17	00:24:45.704	0.93222				2
2025.09.17	00:24:55.974	0.93224	0.93376			6
2025.09.17	00:24:56.306	0.93223				2
2025.09.17	00:25:00.305	0.93223				2
2025.09.17	00:25:10.772		0.93375			4
2025.09.17	00:25:43.368		0.93374			4
2025.09.17	00:25:55.577		0.93373			4
2025.09.17	00:26:00.448	0.93223				2
2025.09.17	00:26:06.447	0.93224	0.93372			6
2025.09.17	00:26:12.841	0.93225				2
2025.09.17	00:26:13.268	0.93224				2
2025.09.17	00:26:15.711	0.93225				2
2025.09.17	00:26:30.713	0.93224	0.93371			6
2025.09.17	00:26:42.476	0.93214	0.93311			6
2025.09.17	00:26:51.801	0.93213				2
2025.09.17	00:27:00.443	0.93213				2
2025.09.17	00:27:01.789	0.93225	0.93369			6
2025.09.17	00:27:06.264	0.93224				2
2025.09.17	00:27:10.920	0.93225	0.93368			6
2025.09.17	00:27:12.264	0.93224				2
2025.09.17	00:27:13.274	0.93225				2
2025.09.17	00:27:25.732	0.93224				2
2025.09.17	00:27:31.505	0.93225				2
2025.09.17	00:27:55.760	0.93224	0.93367			6
2025.09.17	00:28:00.693	0.93224				2
2025.09.17	00:28:10.966	0.93225				2
2025.09.17	00:28:25.799	0.93224				2
2025.09.17	00:28:32.121	0.93225	0.93366			6
2025.09.17	00:28:33.331		0.93367			4
2025.09.17	00:28:37.281	0.93224				2
2025.09.17	00:28:40.277	0.93225				2
2025.09.17	00:28:48.263		0.93366			4
2025.09.17	00:28:51.256		0.93368			4
2025.09.17	00:28:52.129		0.93369			4
2025.09.17	00:28:52.445	0.93224				2
2025.09.17	00:28:56.452	0.93223	0.93368			6
2025.09.17	00:29:00.170	0.93224				2
2025.09.17	00:29:06.819		0.93367			4
2025.09.17	00:29:15.644		0.93368			4
2025.09.17	00:29:16.180	0.93225				2
2025.09.17	00:29:17.322		0.93367			4
2025.09.17	00:29:24.615	0.93224				2
2025.09.17	00:29:28.423		0.93366			4
2025.09.17	00:29:41.920		0.93365			4
2025.09.17	00:29:55.119		0.93366			4
2025.09.17	00:29:56.016		0.93372			4
2025.09.17	00:30:00.374	0.93222	0.93374			6
2025.09.17	00:30:01.440	0.93223	0.93372			6
2025.09.17	00:30:02.503	0.93222	0.93360			6
2025.09.17	00:30:05.782	0.93221	0.93368			6
2025.09.17	00:30:08.319		0.93364			4
2025.09.17	00:30:13.647	0.93219	0.93365			6
2025.09.17	00:30:30.219	0.93220	0.93359			6
2025.09.17	00:31:00.363	0.93220				2
2025.09.17	00:31:11.417		0.93355			4
2025.09.17	00:31:17.628	0.93221	0.93348			6
2025.09.17	00:31:27.166		0.93350			4
2025.09.17	00:31:27.684	0.93220	0.93355			6
2025.09.17	00:31:30.426	0.93219	0.93351			6
2025.09.17	00:31:44.563	0.93221	0.93348			6
2025.09.17	00:31:53.751		0.93345			4
2025.09.17	00:31:54.086	0.93222	0.93341			6
2025.09.17	00:31:55.777	0.93219	0.93351			6
2025.09.17	00:31:59.997	0.93220	0.93341			6
2025.09.17	00:32:00.307	0.93219	0.93355			6
2025.09.17	00:32:00.608		0.93350			4
2025.09.17	00:32:00.910		0.93355			4
2025.09.17	00:32:25.766		0.93352			4
2025.09.17	00:32:29.244	0.93220	0.93349			6
2025.09.17	00:32:40.158	0.93221	0.93346			6
2025.09.17	00:32:42.931		0.93350			4
2025.09.17	00:32:44.027	0.93220	0.93353			6
2025.09.17	00:32:49.166		0.93352			4
2025.09.17	00:32:50.164	0.93221	0.93345			6
2025.09.17	00:32:50.539		0.93350			4
2025.09.17	00:32:50.868		0.93345			4
2025.09.17	00:32:51.268	0.93220	0.93356			6
2025.09.17	00:33:00.068	0.93220	0.93348			6
2025.09.17	00:33:00.391		0.93349			4
2025.09.17	00:33:01.165	0.93219	0.93354			6
2025.09.17	00:33:02.263	0.93220	0.93348			6
2025.09.17	00:33:03.062		0.93345			4
2025.09.17	00:33:03.380	0.93219	0.93353			6
2025.09.17	00:33:04.463	0.93220	0.93345			6
2025.09.17	00:33:05.569		0.93346			4
2025.09.17	00:33:07.779	0.93219	0.93350			6
2025.09.17	00:33:08.700		0.93353			4
2025.09.17	00:33:12.167	0.93220	0.93348			6
2025.09.17	00:33:13.263		0.93346			4
2025.09.17	00:33:13.629	0.93219	0.93351			6
2025.09.17	00:33:23.164		0.93357			4
2025.09.17	00:33:23.897		0.93353			4
2025.09.17	00:33:25.368		0.93358			4
2025.09.17	00:33:26.005		0.93353			4
2025.09.17	00:33:27.561		0.93357			4
2025.09.17	00:33:28.666		0.93352			4
2025.09.17	00:33:37.528		0.93351			4
2025.09.17	00:34:00.311	0.93219				2
2025.09.17	00:34:16.526	0.93221	0.93348			6
2025.09.17	00:34:45.375	0.93219	0.93353			6
2025.09.17	00:35:01.343	0.93219	0.93351			6
2025.09.17	00:35:05.831	0.93220	0.93342			6
2025.09.17	00:35:13.841	0.93219	0.93357			6
2025.09.17	00:35:14.182		0.93353			4
2025.09.17	00:35:35.243	0.93220	0.93352			6
2025.09.17	00:35:35.555		0.93358			4
2025.09.17	00:35:38.222	0.93219	0.93365			6
2025.09.17	00:35:41.319		0.93363			4
2025.09.17	00:35:41.621	0.93220	0.93354			6
2025.09.17	00:35:41.942		0.93357			4
2025.09.17	00:35:42.256	0.93221	0.93349			6
2025.09.17	00:35:42.558	0.93220	0.93357			6
2025.09.17	00:35:44.109	0.93219	0.93360			6
2025.09.17	00:35:45.344	0.93221	0.93345			6
2025.09.17	00:35:45.657		0.93349			4
2025.09.17	00:35:45.964	0.93220	0.93352			6
2025.09.17	00:35:46.282	0.93221	0.93349			6
2025.09.17	00:35:46.612		0.93348			4
2025.09.17	00:35:46.936		0.93345			4
2025.09.17	00:35:47.261		0.93348			4
2025.09.17	00:35:47.592	0.93220	0.93356			6
2025.09.17	00:35:47.910		0.93357			4
2025.09.17	00:35:48.219	0.93221	0.93348			6
2025.09.17	00:35:48.524		0.93345			4
2025.09.17	00:35:50.495	0.93220	0.93357			6
2025.09.17	00:35:50.797	0.93221	0.93345			6
2025.09.17	00:36:00.374	0.93223	0.93341			6
2025.09.17	00:36:01.948		0.93339			4
2025.09.17	00:36:02.344	0.93222	0.93344			6
2025.09.17	00:36:02.919	0.93223	0.93340			6
2025.09.17	00:36:03.605		0.93338			4
2025.09.17	00:36:04.138		0.93340			4
2025.09.17	00:36:05.702		0.93338			4
2025.09.17	00:36:08.217	0.93222	0.93352			6
2025.09.17	00:36:13.175	0.93221	0.93357			6
2025.09.17	00:36:23.420		0.93345			4
2025.09.17	00:37:00.905	0.93221				2
2025.09.17	00:37:05.661	0.93219	0.93363			6
2025.09.17	00:37:06.519		0.93362			4
2025.09.17	00:37:14.532		0.93361			4
2025.09.17	00:37:15.376	0.93221	0.93349			6
2025.09.17	00:37:15.772	0.93220	0.93352			6
2025.09.17	00:37:25.764	0.93221	0.93349			6
2025.09.17	00:37:36.294	0.93220	0.93352			6
2025.09.17	00:37:36.791	0.93221	0.93349			6
2025.09.17	00:37:45.522		0.93345			4
2025.09.17	00:38:01.411	0.93221				2
2025.09.17	00:38:15.776		0.93350			4
2025.09.17	00:38:20.543	0.93220	0.93359			6
2025.09.17	00:38:30.375		0.93352			4
2025.09.17	00:38:57.323	0.93215	0.93357			6
2025.09.17	00:39:00.626	0.93215				2
2025.09.17	00:39:05.319	0.93214	0.93365			6
2025.09.17	00:39:06.719		0.93361			4
2025.09.17	00:39:07.075		0.93360			4
2025.09.17	00:39:14.531		0.93362			4
2025.09.17	00:39:20.765		0.93360			4
2025.09.17	00:39:26.875		0.93359			4
2025.09.17	00:39:29.615		0.93360			4
2025.09.17	00:39:30.375	0.93213	0.93354			6
2025.09.17	00:39:51.046	0.93214	0.93359			6
2025.09.17	00:40:00.486	0.93214				2
2025.09.17	00:40:01.340	0.93215	0.93348			6
2025.09.17	00:40:30.375	0.93217	0.93343			6
2025.09.17	00:41:00.181	0.93217				2
2025.09.17	00:41:30.375		0.93343			4
2025.09.17	00:41:46.404	0.93219				2
2025.09.17	00:41:53.256	0.93221				2
2025.09.17	00:42:00.484	0.93221				2
2025.09.17	00:42:06.298	0.93222				2
2025.09.17	00:42:10.689	0.93223				2
2025.09.17	00:42:15.379	0.93225				2
2025.09.17	00:42:16.422	0.93226				2
2025.09.17	00:42:19.344	0.93225				2
2025.09.17	00:42:20.298	0.93226				2
2025.09.17	00:42:21.417	0.93227				2
2025.09.17	00:42:22.489	0.93225				2
2025.09.17	00:42:30.375		0.93344			4
2025.09.17	00:42:31.119	0.93226				2
2025.09.17	00:42:32.133	0.93225				2
2025.09.17	00:42:33.519	0.93226				2
2025.09.17	00:42:38.320	0.93227				2
2025.09.17	00:42:40.161	0.93226				2
2025.09.17	00:42:41.923	0.93227				2
2025.09.17	00:42:50.140	0.93229				2
2025.09.17	00:42:50.449	0.93227	0.93345			6
2025.09.17	00:43:00.376	0.93228	0.93343			6
2025.09.17	00:43:01.345	0.93230	0.93341			6
2025.09.17	00:43:07.590	0.93231				2
2025.09.17	00:43:12.983	0.93232				2
2025.09.17	00:43:30.375		0.93340			4
2025.09.17	00:43:35.202	0.93234	0.93332			6
2025.09.17	00:43:37.722	0.93233				2
2025.09.17	00:43:44.300	0.93234				2
2025.09.17	00:43:44.692	0.93232				2
2025.09.17	00:43:50.319	0.93231	0.93350			6
2025.09.17	00:43:55.518	0.93232				2
2025.09.17	00:43:58.119	0.93231				2
2025.09.17	00:44:00.378	0.93233	0.93332			6
2025.09.17	00:44:10.733	0.93234				2
2025.09.17	00:44:19.609	0.93232				2
2025.09.17	00:44:20.548	0.93231	0.93350			6
2025.09.17	00:44:22.720	0.93232	0.93349			6
2025.09.17	00:44:24.219	0.93231	0.93350			6
2025.09.17	00:44:29.605	0.93232				2
2025.09.17	00:44:31.719	0.93233				2
2025.09.17	00:44:42.822	0.93232				2
2025.09.17	00:44:46.719	0.93233				2
2025.09.17	00:45:00.353	0.93230	0.93351			6
2025.09.17	00:45:00.918	0.93231				2
2025.09.17	00:45:03.149	0.93228	0.93347			6
2025.09.17	00:45:06.366	0.93231	0.93351			6
2025.09.17	00:45:10.349	0.93249	0.93333			6
2025.09.17	00:45:12.973	0.93248				2
2025.09.17	00:45:19.607	0.93250				2
2025.09.17	00:45:20.182		0.93334			4
2025.09.17	00:45:25.568	0.93251				2
2025.09.17	00:45:34.421	0.93249				2
2025.09.17	00:45:35.778	0.93248				2
2025.09.17	00:45:39.458	0.93251				2
2025.09.17	00:45:55.980	0.93249				2
2025.09.17	00:46:00.480	0.93250	0.93328			6
2025.09.17	00:46:04.928	0.93241				2
2025.09.17	00:46:05.771	0.93243				2
2025.09.17	00:46:07.419	0.93242				2
2025.09.17	00:46:09.605	0.93241				2
2025.09.17	00:46:11.352	0.93243	0.93329			6
2025.09.17	00:46:12.443	0.93240	0.93327			6
2025.09.17	00:46:13.853	0.93244	0.93326			6
2025.09.17	00:46:15.237	0.93249	0.93316			6
2025.09.17	00:46:15.847	0.93251				2
2025.09.17	00:46:38.122	0.93248	0.93317			6
2025.09.17	00:46:39.523	0.93252	0.93316			6
2025.09.17	00:46:55.775	0.93249	0.93318			6
2025.09.17	00:46:57.464	0.93258	0.93296			6
2025.09.17	00:47:00.219	0.93258				2
2025.09.17	00:47:03.130	0.93247	0.93330			6
2025.09.17	00:47:06.641	0.93256	0.93296			6
2025.09.17	00:47:11.809	0.93255				2
2025.09.17	00:47:12.454	0.93257				2
2025.09.17	00:47:13.719	0.93258				2
2025.09.17	00:47:27.453	0.93259				2
2025.09.17	00:47:29.813	0.93255				2
2025.09.17	00:47:30.138	0.93253				2
2025.09.17	00:47:31.524	0.93259				2
2025.09.17	00:47:38.019	0.93258				2
2025.09.17	00:47:45.174	0.93257				2
2025.09.17	00:47:50.019	0.93258				2
2025.09.17	00:47:55.419	0.93259				2
2025.09.17	00:48:00.533	0.93259				2
2025.09.17	00:48:03.819	0.93258				2
2025.09.17	00:48:05.019	0.93259				2
2025.09.17	00:48:06.810		0.93296			4
2025.09.17	00:48:07.683	0.93258				2
2025.09.17	00:48:11.919	0.93259				2
2025.09.17	00:48:12.450	0.93258				2
2025.09.17	00:48:13.236	0.93257				2
2025.09.17	00:48:13.540	0.93256				2
2025.09.17	00:48:14.225	0.93254				2
2025.09.17	00:48:29.749	0.93255				2
2025.09.17	00:48:36.349	0.93254				2
2025.09.17	00:48:40.301	0.93255				2
2025.09.17	00:48:50.300	0.93254				2
2025.09.17	00:48:55.791	0.93255				2
2025.09.17	00:49:00.534	0.93255				2
2025.09.17	00:49:06.026	0.93253				2
2025.09.17	00:49:07.851		0.93296			4
2025.09.17	00:49:10.421	0.93254				2
2025.09.17	00:49:11.156	0.93255				2
2025.09.17	00:49:21.387	0.93254				2
2025.09.17	00:49:26.319	0.93255				2
2025.09.17	00:49:30.365	0.93256				2
2025.09.17	00:49:36.081	0.93255				2
2025.09.17	00:49:40.124	0.93256				2
2025.09.17	00:49:43.304	0.93255				2
2025.09.17	00:49:44.015	0.93256				2
2025.09.17	00:49:45.524	0.93257				2
2025.09.17	00:49:55.119	0.93258				2
2025.09.17	00:49:55.448	0.93257				2
2025.09.17	00:49:57.820	0.93256				2
2025.09.17	00:50:00.358	0.93256				2
2025.09.17	00:50:01.122	0.93255				2
2025.09.17	00:50:01.599	0.93256				2
2025.09.17	00:50:02.299	0.93255				2
2025.09.17	00:50:08.298	0.93256	0.93296			6
2025.09.17	00:50:11.301	0.93258				2
2025.09.17	00:50:18.946	0.93257				2
2025.09.17	00:50:20.969	0.93258				2
2025.09.17	00:50:22.298	0.93256				2
2025.09.17	00:50:27.039	0.93258				2
2025.09.17	00:50:29.619	0.93257				2
2025.09.17	00:50:39.299	0.93256				2
2025.09.17	00:50:43.301	0.93258				2
2025.09.17	00:50:59.297	0.93257				2
2025.09.17	00:51:00.319	0.93257				2
2025.09.17	00:51:02.006	0.93256				2
2025.09.17	00:51:03.520	0.93257				2
2025.09.17	00:51:05.149	0.93258				2
2025.09.17	00:51:08.946		0.93296			4
2025.09.17	00:51:09.525	0.93257				2
2025.09.17	00:51:14.425	0.93256				2
2025.09.17	00:51:19.296	0.93255				2
2025.09.17	00:51:19.701	0.93254				2
2025.09.17	00:51:26.966	0.93255				2
2025.09.17	00:51:27.300	0.93254				2
2025.09.17	00:51:31.500	0.93253				2
2025.09.17	00:51:35.834	0.93254				2
2025.09.17	00:51:36.980	0.93253				2
2025.09.17	00:51:45.838	0.93254				2
2025.09.17	00:51:47.919	0.93253				2
2025.09.17	00:52:00.534	0.93253				2
2025.09.17	00:52:09.221		0.93296			4
2025.09.17	00:52:49.576	0.93254				2
2025.09.17	00:52:50.247	0.93253				2
2025.09.17	00:52:53.514	0.93252				2
2025.09.17	00:52:55.121	0.93253				2
2025.09.17	00:53:00.769	0.93253				2
2025.09.17	00:53:11.888		0.93296			4
2025.09.17	00:53:24.121	0.93252				2
2025.09.17	00:53:27.220	0.93253				2
2025.09.17	00:53:28.603	0.93252				2
2025.09.17	00:53:29.603	0.93253				2
2025.09.17	00:53:33.520	0.93252				2
2025.09.17	00:53:49.577	0.93253				2
2025.09.17	00:53:51.219	0.93252				2
2025.09.17	00:53:55.625	0.93253				2
2025.09.17	00:53:57.819	0.93252				2
2025.09.17	00:54:01.425	0.93252				2
2025.09.17	00:54:12.220		0.93296			4
2025.09.17	00:54:40.127	0.93253				2
2025.09.17	00:54:43.420	0.93252				2
2025.09.17	00:55:03.823	0.93252				2
2025.09.17	00:55:04.126	0.93254				2
2025.09.17	00:55:12.523		0.93296			4
2025.09.17	00:55:28.123	0.93255				2
2025.09.17	00:55:32.399	0.93254				2
2025.09.17	00:55:33.820	0.93255				2
2025.09.17	00:55:55.845	0.93256				2
2025.09.17	00:56:01.119	0.93256				2
2025.09.17	00:56:13.720		0.93296			4
2025.09.17	00:56:59.604	0.93268	0.93306			6
2025.09.17	00:56:59.950	0.93266				2
2025.09.17	00:57:00.353	0.93268				2
2025.09.17	00:57:00.921	0.93265				2
2025.09.17	00:57:01.640	0.93269				2
2025.09.17	00:57:04.016	0.93268				2
2025.09.17	00:57:04.422	0.93267				2
2025.09.17	00:57:05.320	0.93268				2
2025.09.17	00:57:09.519	0.93267				2
2025.09.17	00:57:11.924	0.93266				2
2025.09.17	00:57:15.214	0.93265	0.93309			6
2025.09.17	00:57:15.784	0.93267				2
2025.09.17	00:57:17.919	0.93265				2
2025.09.17	00:57:19.604	0.93261				2
2025.09.17	00:57:22.213	0.93263				2
2025.09.17	00:57:25.821	0.93265				2
2025.09.17	00:57:26.560	0.93264				2
2025.09.17	00:57:33.364	0.93265	0.93307			6
2025.09.17	00:57:34.636	0.93264				2
2025.09.17	00:57:39.389	0.93266				2
2025.09.17	00:57:41.511	0.93267				2
2025.09.17	00:57:47.619	0.93266				2
2025.09.17	00:57:49.453	0.93262				2
2025.09.17	00:57:50.251	0.93260	0.93321			6
2025.09.17	00:57:51.689	0.93272	0.93325			6
2025.09.17	00:57:52.042		0.93329			4
2025.09.17	00:57:52.990	0.93269	0.93319			6
2025.09.17	00:57:53.702	0.93271	0.93322			6
2025.09.17	00:57:55.818	0.93269				2
2025.09.17	00:57:59.613	0.93272	0.93324			6
2025.09.17	00:58:00.211	0.93269	0.93309			6
2025.09.17	00:58:00.672	0.93270				2
2025.09.17	00:58:06.347	0.93269				2
2025.09.17	00:58:15.211		0.93313			4
2025.09.17	00:58:17.339	0.93270				2
2025.09.17	00:58:19.625	0.93269				2
2025.09.17	00:58:30.218		0.93316			4
2025.09.17	00:58:50.321	0.93268	0.93329			6
2025.09.17	00:58:52.193	0.93267				2
2025.09.17	00:58:52.612	0.93268				2
2025.09.17	00:58:55.836	0.93269	0.93330			6
2025.09.17	00:58:59.619		0.93329			4
2025.09.17	00:59:01.899	0.93267	0.93330			6
2025.09.17	00:59:05.116	0.93268				2
2025.09.17	00:59:06.157	0.93266				2
2025.09.17	00:59:06.824	0.93268				2
2025.09.17	00:59:08.768		0.93331			4
2025.09.17	00:59:11.277		0.93330			4
2025.09.17	00:59:14.964	0.93267	0.93331			6
2025.09.17	00:59:17.190	0.93268				2
2025.09.17	00:59:19.615	0.93266	0.93329			6
2025.09.17	00:59:20.208	0.93265				2
2025.09.17	00:59:21.957	0.93266				2
2025.09.17	00:59:23.292	0.93265	0.93330			6
2025.09.17	00:59:24.307	0.93266				2
2025.09.17	00:59:29.613	0.93268	0.93331			6
2025.09.17	00:59:30.097	0.93266	0.93319			6
2025.09.17	00:59:35.779		0.93318			4
2025.09.17	00:59:47.132	0.93265				2
2025.09.17	00:59:50.387	0.93266	0.93331			6
2025.09.17	00:59:52.068	0.93264				2
2025.09.17	00:59:53.825	0.93261				2
2025.09.17	00:59:54.525	0.93260				2
2025.09.17	00:59:58.460	0.93261				2
2025.09.17	00:59:59.613	0.93263				2
2025.09.17	01:00:00.212	0.93260	0.93316			6
2025.09.17	01:00:00.518	0.93276	0.93330			6
2025.09.17	01:00:00.827	0.93277	0.93340			6
2025.09.17	01:00:01.167	0.93275	0.93337			6
2025.09.17	01:00:01.479	0.93276	0.93327			6
2025.09.17	01:00:01.879	0.93278				2
2025.09.17	01:00:02.221	0.93273	0.93321			6
2025.09.17	01:00:02.583	0.93274				2
2025.09.17	01:00:03.750	0.93272	0.93340			6
2025.09.17	01:00:04.081	0.93278	0.93345			6
2025.09.17	01:00:04.386	0.93277				2
2025.09.17	01:00:04.688	0.93271	0.93338			6
2025.09.17	01:00:05.310	0.93270	0.93340			6
2025.09.17	01:00:05.942	0.93271	0.93339			6
2025.09.17	01:00:06.244	0.93262	0.93328			6
2025.09.17	01:00:06.564	0.93263				2
2025.09.17	01:00:07.170	0.93272	0.93318			6
2025.09.17	01:00:07.705	0.93271	0.93291			6
2025.09.17	01:00:08.026	0.93270				2
2025.09.17	01:00:09.071		0.93313			4
2025.09.17	01:00:09.928		0.93315			4
2025.09.17	01:00:10.242		0.93310			4
2025.09.17	01:00:10.544	0.93271	0.93315			6
2025.09.17	01:00:11.562	0.93272				2
2025.09.17	01:00:11.978		0.93311			4
2025.09.17	01:00:12.995		0.93312			4
2025.09.17	01:00:13.347	0.93271	0.93315			6
2025.09.17	01:00:14.207	0.93272	0.93311			6
2025.09.17	01:00:14.545	0.93273				2
2025.09.17	01:00:15.822		0.93310			4
2025.09.17	01:00:17.083	0.93274				2
2025.09.17	01:00:17.711		0.93309			4
2025.09.17	01:00:18.288		0.93305			4
2025.09.17	01:00:19.119	0.93275				2
2025.09.17	01:00:19.503		0.93306			4
2025.09.17	01:00:21.879		0.93307			4
2025.09.17	01:00:22.370	0.93271	0.93303			6
2025.09.17	01:00:22.717		0.93302			4
2025.09.17	01:00:23.391		0.93304			4
2025.09.17	01:00:24.295	0.93272				2
2025.09.17	01:00:25.139	0.93274	0.93305			6
2025.09.17	01:00:26.187	0.93269	0.93319			6
2025.09.17	01:00:26.532	0.93271	0.93309			6
2025.09.17	01:00:26.839		0.93303			4
2025.09.17	01:00:27.142	0.93272				2
2025.09.17	01:00:27.835	0.93273	0.93302			6
2025.09.17	01:00:28.172	0.93276	0.93306			6
2025.09.17	01:00:29.023	0.93275	0.93307			6
2025.09.17	01:00:31.410	0.93277	0.93300			6
2025.09.17	01:00:32.426	0.93278				2
2025.09.17	01:00:33.479	0.93277				2
2025.09.17	01:00:33.946		0.93299			4
2025.09.17	01:00:34.413		0.93298			4
2025.09.17	01:00:35.019	0.93275				2
2025.09.17	01:00:41.413		0.93297			4
2025.09.17	01:00:43.757	0.93279	0.93296			6
2025.09.17	01:00:44.321		0.93295			4
2025.09.17	01:00:45.324		0.93293			4
2025.09.17	01:00:51.031		0.93294			4
2025.09.17	01:00:51.382	0.93278	0.93304			6
2025.09.17	01:00:51.880	0.93280	0.93313			6
2025.09.17	01:00:52.932	0.93279				2
2025.09.17	01:00:53.620	0.93280				2
2025.09.17	01:00:54.854		0.93311			4
2025.09.17	01:00:56.560	0.93271	0.93298			6
2025.09.17	01:00:58.420	0.93274	0.93300			6
2025.09.17	01:00:58.797	0.93273	0.93299			6
2025.09.17	01:01:00.246	0.93274				2
2025.09.17	01:01:01.722	0.93273				2
2025.09.17	01:01:02.328	0.93274				2
2025.09.17	01:01:04.714	0.93271	0.93296			6
2025.09.17	01:01:05.222	0.93270	0.93295			6
2025.09.17	01:01:05.686	0.93269	0.93294			6
2025.09.17	01:01:06.097	0.93268				2
2025.09.17	01:01:06.625	0.93269	0.93297			6
2025.09.17	01:01:08.240		0.93296			4
2025.09.17	01:01:11.291		0.93295			4
2025.09.17	01:01:12.523	0.93270				2
2025.09.17	01:01:13.926	0.93273	0.93296			6
2025.09.17	01:01:14.238	0.93278	0.93305			6
2025.09.17	01:01:15.019		0.93307			4
2025.09.17	01:01:15.327	0.93279	0.93308			6
2025.09.17	01:01:16.347		0.93315			4
2025.09.17	01:01:19.541	0.93277				2
2025.09.17	01:01:19.855	0.93278				2
2025.09.17	01:01:20.355	0.93276				2
2025.09.17	01:01:20.664	0.93278				2
2025.09.17	01:01:22.123	0.93272				2
2025.09.17	01:01:22.646	0.93273				2
2025.09.17	01:01:24.348		0.93304			4
2025.09.17	01:01:24.827	0.93268				2
2025.09.17	01:01:25.410	0.93269				2
2025.09.17	01:01:30.229		0.93302			4
2025.09.17	01:01:31.185	0.93270	0.93304			6
2025.09.17	01:01:32.350		0.93299			4
2025.09.17	01:01:33.889	0.93273	0.93300			6
2025.09.17	01:01:34.477		0.93299			4
2025.09.17	01:01:35.256	0.93272				2
2025.09.17	01:01:37.119	0.93271				2
2025.09.17	01:01:39.221	0.93272				2
2025.09.17	01:01:40.353		0.93298			4
2025.09.17	01:01:46.350		0.93297			4
2025.09.17	01:01:46.901	0.93274				2
2025.09.17	01:01:50.352		0.93296			4
2025.09.17	01:01:54.346		0.93294			4
2025.09.17	01:01:54.741		0.93297			4
2025.09.17	01:01:56.320	0.93272				2
2025.09.17	01:01:56.663	0.93269	0.93296			6
2025.09.17	01:01:57.249	0.93271	0.93298			6
2025.09.17	01:01:57.820	0.93270	0.93297			6
2025.09.17	01:01:58.250	0.93271	0.93298			6
2025.09.17	01:01:58.595	0.93270	0.93297			6
2025.09.17	01:02:00.038	0.93271	0.93298			6
2025.09.17	01:02:00.553	0.93270	0.93297			6
2025.09.17	01:02:03.538	0.93271	0.93298			6
2025.09.17	01:02:04.038	0.93270	0.93297			6
2025.09.17	01:02:16.614	0.93269	0.93293			6
2025.09.17	01:02:26.018	0.93270	0.93294			6
2025.09.17	01:02:42.398	0.93273	0.93297			6
2025.09.17	01:02:53.617	0.93270	0.93293			6
2025.09.17	01:03:00.421	0.93270				2
2025.09.17	01:03:07.655		0.93292			4
2025.09.17	01:03:38.501	0.93268	0.93289			6
2025.09.17	01:03:39.686	0.93265	0.93286			6
2025.09.17	01:03:45.384	0.93262	0.93284			6
2025.09.17	01:04:00.324	0.93262				2
2025.09.17	01:04:02.548	0.93263	0.93286			6
2025.09.17	01:04:06.529	0.93268	0.93293			6
2025.09.17	01:04:07.389		0.93291			4
2025.09.17	01:04:13.522	0.93277	0.93299			6
2025.09.17	01:04:14.720	0.93273	0.93295			6
2025.09.17	01:04:15.023	0.93272	0.93294			6
2025.09.17	01:04:17.095	0.93273	0.93295			6
2025.09.17	01:04:17.492		0.93297			4
2025.09.17	01:04:18.749	0.93275				2
2025.09.17	01:04:19.978	0.93274				2
2025.09.17	01:04:29.399	0.93272	0.93295			6
2025.09.17	01:04:31.408	0.93271	0.93294			6
2025.09.17	01:04:47.923	0.93269	0.93292			6
2025.09.17	01:04:53.387		0.93291			4
2025.09.17	01:04:58.597		0.93292			4
2025.09.17	01:05:00.220	0.93269				2
2025.09.17	01:05:00.769	0.93270	0.93293			6
2025.09.17	01:05:20.699		0.93287			4
2025.09.17	01:05:31.409	0.93271				2
2025.09.17	01:05:31.818	0.93268	0.93282			6
2025.09.17	01:05:35.769		0.93281			4
2025.09.17	01:05:37.924		0.93282			4
2025.09.17	01:05:38.397		0.93281			4
2025.09.17	01:05:48.174		0.93282			4
2025.09.17	01:05:51.739	0.93265	0.93278			6
2025.09.17	01:06:00.052	0.93265				2
2025.09.17	01:06:28.964	0.93267	0.93279			6
2025.09.17	01:06:35.302		0.93280			4
2025.09.17	01:06:36.006		0.93279			4
2025.09.17	01:07:00.726	0.93267				2
2025.09.17	01:07:01.307		0.93280			4
2025.09.17	01:07:02.453	0.93266				2
2025.09.17	01:07:28.038	0.93268	0.93282			6
2025.09.17	01:07:44.651	0.93267				2
2025.09.17	01:07:50.620	0.93268				2
2025.09.17	01:07:50.923		0.93286			4
2025.09.17	01:07:51.323	0.93271	0.93287			6
2025.09.17	01:07:55.303	0.93272				2
2025.09.17	01:07:55.854		0.93286			4
2025.09.17	01:07:56.212		0.93287			4
2025.09.17	01:08:00.655	0.93273				2
2025.09.17	01:08:11.260	0.93272				2
2025.09.17	01:08:30.974		0.93288			4
2025.09.17	01:08:56.509		0.93289			4
2025.09.17	01:08:58.051		0.93288			4
2025.09.17	01:08:58.971	0.93277	0.93287			6
2025.09.17	01:09:00.352	0.93277				2
2025.09.17	01:09:00.690	0.93276				2
2025.09.17	01:09:02.320	0.93277				2
2025.09.17	01:09:02.799	0.93276				2
2025.09.17	01:09:06.520		0.93286			4
2025.09.17	01:09:07.721	0.93275				2
2025.09.17	01:09:26.441	0.93276				2
2025.09.17	01:09:40.498	0.93273	0.93288			6
2025.09.17	01:09:40.802	0.93274	0.93287			6
2025.09.17	01:09:44.605	0.93277	0.93288			6
2025.09.17	01:09:44.988	0.93282				2
2025.09.17	01:09:45.402	0.93281	0.93287			6
2025.09.17	01:09:45.821		0.93288			4
2025.09.17	01:09:46.197	0.93282				2
2025.09.17	01:09:49.650	0.93281				2
2025.09.17	01:09:50.560	0.93282	0.93287			6
2025.09.17	01:09:53.818	0.93281				2
2025.09.17	01:09:55.258		0.93288			4
2025.09.17	01:09:55.780		0.93286			4
2025.09.17	01:10:00.374	0.93282				2
2025.09.17	01:10:02.144	0.93280	0.93287			6
2025.09.17	01:10:03.820	0.93279				2
2025.09.17	01:10:05.776		0.93286			4
2025.09.17	01:10:10.564	0.93280	0.93287			6
2025.09.17	01:10:14.124		0.93288			4
2025.09.17	01:10:18.730		0.93287			4
2025.09.17	01:10:20.211		0.93288			4
2025.09.17	01:10:22.605	0.93281	0.93286			6
2025.09.17	01:10:24.002	0.93282				2
2025.09.17	01:10:31.410	0.93280	0.93287			6
2025.09.17	01:10:31.793		0.93288			4
2025.09.17	01:10:32.196	0.93281				2
2025.09.17	01:10:32.518	0.93282	0.93286			6
2025.09.17	01:10:32.834		0.93287			4
2025.09.17	01:10:33.533		0.93286			4
2025.09.17	01:10:50.166	0.93280	0.93287			6
2025.09.17	01:10:51.398		0.93286			4
2025.09.17	01:10:53.506	0.93283				2
2025.09.17	01:10:58.876		0.93288			4
2025.09.17	01:11:00.461	0.93283	0.93286			6
2025.09.17	01:11:00.816	0.93282				2
2025.09.17	01:11:06.521	0.93283				2
2025.09.17	01:11:10.544	0.93284				2
2025.09.17	01:11:14.066	0.93285	0.93287			6
2025.09.17	01:11:15.436	0.93286	0.93288			6
2025.09.17	01:11:17.498	0.93283	0.93286			6
2025.09.17	01:11:21.202	0.93285	0.93287			6
2025.09.17	01:11:27.521	0.93284				2
2025.09.17	01:11:33.142	0.93282	0.93286			6
2025.09.17	01:11:46.120	0.93283				2
2025.09.17	01:11:57.798	0.93284				2
2025.09.17	01:11:58.358		0.93288			4
2025.09.17	01:11:59.387	0.93283				2
2025.09.17	01:11:59.736		0.93286			4
2025.09.17	01:12:00.373	0.93283				2
2025.09.17	01:12:04.119	0.93284				2
2025.09.17	01:12:05.787		0.93287			4
2025.09.17	01:12:07.857	0.93280	0.93286			6
2025.09.17	01:12:08.183	0.93281				2
2025.09.17	01:12:08.766	0.93280				2
2025.09.17	01:12:10.966	0.93283				2
2025.09.17	01:12:12.220	0.93282				2
2025.09.17	01:12:13.294	0.93283				2
2025.09.17	01:12:17.621	0.93282				2
2025.09.17	01:12:21.142	0.93280				2
2025.09.17	01:12:26.623	0.93282				2
2025.09.17	01:12:27.866	0.93280				2
2025.09.17	01:12:29.316	0.93282				2
2025.09.17	01:12:35.934	0.93283				2
2025.09.17	01:12:41.521	0.93284				2
2025.09.17	01:12:50.522	0.93283				2
2025.09.17	01:12:51.341	0.93282				2
2025.09.17	01:12:52.307	0.93284	0.93287			6
2025.09.17	01:13:00.687	0.93283				2
2025.09.17	01:13:09.293	0.93284				2
2025.09.17	01:13:26.919	0.93283				2
2025.09.17	01:13:45.376	0.93281				2
2025.09.17	01:13:46.376	0.93282				2
2025.09.17	01:13:50.811	0.93283				2
2025.09.17	01:13:52.571	0.93282	0.93287			6
2025.09.17	01:13:53.392	0.93283				2
2025.09.17	01:13:54.334	0.93282				2
2025.09.17	01:13:55.666	0.93283				2
2025.09.17	01:13:58.458	0.93284				2
2025.09.17	01:13:58.997	0.93285				2
2025.09.17	01:14:00.603	0.93285				2
2025.09.17	01:14:01.175	0.93284				2
2025.09.17	01:14:01.491		0.93288			4
2025.09.17	01:14:05.109	0.93283				2
2025.09.17	01:14:06.355		0.93290			4
2025.09.17	01:14:06.955		0.93288			4
2025.09.17	01:14:09.819	0.93284				2
2025.09.17	01:14:11.794	0.93283				2
2025.09.17	01:14:13.964		0.93289			4
2025.09.17	01:14:15.645		0.93288			4
2025.09.17	01:14:15.948		0.93289			4
2025.09.17	01:14:17.904		0.93290			4
2025.09.17	01:14:19.658	0.93284	0.93288			6
2025.09.17	01:14:25.192	0.93282				2
2025.09.17	01:14:27.538	0.93284				2
2025.09.17	01:14:34.590	0.93283				2
2025.09.17	01:14:36.225	0.93284				2
2025.09.17	01:14:45.703	0.93283				2
2025.09.17	01:14:53.573	0.93284				2
2025.09.17	01:14:58.719	0.93283				2
2025.09.17	01:15:00.202	0.93284				2
2025.09.17	01:15:00.533		0.93287			4
2025.09.17	01:15:01.518	0.93285				2
2025.09.17	01:15:02.191		0.93288			4
2025.09.17	01:15:02.699		0.93287			4
2025.09.17	01:15:04.676	0.93284	0.93288			6
2025.09.17	01:15:05.097	0.93285	0.93287			6
2025.09.17	01:15:06.779		0.93290			4
2025.09.17	01:15:07.820		0.93293			4
2025.09.17	01:15:08.639	0.93283				2
2025.09.17	01:15:08.975	0.93285	0.93290			6
2025.09.17	01:15:11.886	0.93284				2
2025.09.17	01:15:12.219	0.93285				2
2025.09.17	01:15:18.349	0.93283				2
2025.09.17	01:15:18.670	0.93285				2
2025.09.17	01:15:22.710	0.93284				2
2025.09.17	01:15:23.102	0.93285				2
2025.09.17	01:15:23.924	0.93283	0.93287			6
2025.09.17	01:15:24.436	0.93285	0.93290			6
2025.09.17	01:15:24.787	0.93283				2
2025.09.17	01:15:25.151	0.93285				2
2025.09.17	01:15:25.456	0.93283				2
2025.09.17	01:15:25.951	0.93285				2
2025.09.17	01:15:27.895	0.93284				2
2025.09.17	01:15:28.322	0.93285				2
2025.09.17	01:15:33.372	0.93283				2
2025.09.17	01:15:33.726	0.93285				2
2025.09.17	01:15:34.276	0.93283				2
2025.09.17	01:15:34.761	0.93285				2
2025.09.17	01:15:35.321	0.93283				2
2025.09.17	01:15:35.776	0.93285	0.93293			6
2025.09.17	01:15:36.364	0.93283				2
2025.09.17	01:15:36.835	0.93285				2
2025.09.17	01:15:37.409	0.93283				2
2025.09.17	01:15:37.876	0.93285				2
2025.09.17	01:15:38.452	0.93283				2
2025.09.17	01:15:38.907	0.93285				2
2025.09.17	01:15:39.497	0.93283				2
2025.09.17	01:15:39.944	0.93285				2
2025.09.17	01:15:40.544	0.93283				2
2025.09.17	01:15:40.980	0.93285				2
2025.09.17	01:15:42.629	0.93283				2
2025.09.17	01:15:43.051	0.93285				2
2025.09.17	01:15:43.672	0.93283				2
2025.09.17	01:15:44.066	0.93285	0.93290			6
2025.09.17	01:15:44.717	0.93283				2
2025.09.17	01:15:45.100	0.93284				2
2025.09.17	01:15:45.420		0.93288			4
2025.09.17	01:15:46.359	0.93281				2
2025.09.17	01:15:46.743	0.93284				2
2025.09.17	01:15:47.749	0.93281				2
2025.09.17	01:15:48.086	0.93284				2
2025.09.17	01:15:49.012	0.93281	0.93290			6
2025.09.17	01:15:49.377	0.93283	0.93289			6
2025.09.17	01:15:49.678	0.93284				2
2025.09.17	01:15:50.171		0.93290			4
2025.09.17	01:15:51.494	0.93285				2
2025.09.17	01:15:53.545	0.93284				2
2025.09.17	01:15:55.343	0.93285	0.93291			6
2025.09.17	01:15:56.174	0.93283				2
2025.09.17	01:16:00.329	0.93283				2
2025.09.17	01:16:01.736	0.93282	0.93290			6
2025.09.17	01:16:02.052	0.93281				2
2025.09.17	01:16:03.386		0.93289			4
2025.09.17	01:16:04.045		0.93290			4
2025.09.17	01:16:06.346		0.93291			4
2025.09.17	01:16:15.731	0.93282				2
2025.09.17	01:16:16.033	0.93281				2
2025.09.17	01:16:17.839	0.93282	0.93292			6
2025.09.17	01:16:18.160		0.93291			4
2025.09.17	01:16:18.908	0.93281	0.93292			6
2025.09.17	01:16:19.215	0.93282	0.93291			6
2025.09.17	01:16:20.834	0.93283				2
2025.09.17	01:16:21.146	0.93282				2
2025.09.17	01:16:28.351		0.93292			4
2025.09.17	01:16:29.018		0.93291			4
2025.09.17	01:16:29.813	0.93281	0.93292			6
2025.09.17	01:16:30.857	0.93282				2
2025.09.17	01:16:36.051		0.93291			4
2025.09.17	01:16:42.267	0.93281				2
2025.09.17	01:16:43.304	0.93282				2
2025.09.17	01:16:48.265	0.93281				2
2025.09.17	01:16:48.730	0.93282				2
2025.09.17	01:16:51.837	0.93281				2
2025.09.17	01:16:54.814	0.93282				2
2025.09.17	01:16:59.843	0.93281				2
2025.09.17	01:17:00.698	0.93282				2
2025.09.17	01:17:01.811	0.93281				2
2025.09.17	01:17:02.796	0.93282				2
2025.09.17	01:17:05.337	0.93281				2
2025.09.17	01:17:06.039	0.93282				2
2025.09.17	01:17:14.387	0.93281				2
2025.09.17	01:17:14.919	0.93282				2
2025.09.17	01:17:15.415	0.93281				2
2025.09.17	01:17:16.119	0.93282				2
2025.09.17	01:17:16.447	0.93281				2
2025.09.17	01:17:17.020	0.93282				2
2025.09.17	01:17:35.712	0.93281				2
2025.09.17	01:17:36.143		0.93291			4
2025.09.17	01:17:45.385		0.93290			4
2025.09.17	01:18:00.669	0.93281	0.93291			6
2025.09.17	01:18:01.371		0.93290			4
2025.09.17	01:18:02.577	0.93280	0.93291			6
2025.09.17	01:18:02.882	0.93281	0.93290			6
2025.09.17	01:18:03.407	0.93282	0.93291			6
2025.09.17	01:18:03.734	0.93283				2
2025.09.17	01:18:04.113	0.93284				2
2025.09.17	01:18:04.506	0.93283				2
2025.09.17	01:18:05.144	0.93284	0.93290			6
2025.09.17	01:18:05.542	0.93283				2
2025.09.17	01:18:06.358		0.93291			4
2025.09.17	01:18:10.528		0.93293			4
2025.09.17	01:18:13.946	0.93284				2
2025.09.17	01:18:14.737		0.93292			4
2025.09.17	01:18:15.061	0.93283	0.93291			6
2025.09.17	01:18:21.211	0.93284				2
2025.09.17	01:18:22.242	0.93283				2
2025.09.17	01:18:25.175	0.93284				2
2025.09.17	01:18:25.477	0.93283				2
2025.09.17	01:18:29.236	0.93284				2
2025.09.17	01:18:30.271	0.93283				2
2025.09.17	01:18:31.308	0.93284				2
2025.09.17	01:18:32.687	0.93283				2
2025.09.17	01:18:33.674	0.93282				2
2025.09.17	01:18:34.103		0.93290			4
2025.09.17	01:18:34.631	0.93281				2
2025.09.17	01:18:34.937	0.93283				2
2025.09.17	01:18:35.340	0.93282				2
2025.09.17	01:18:38.316	0.93281				2
2025.09.17	01:18:39.117	0.93282	0.93291			6
2025.09.17	01:18:39.597	0.93281	0.93290			6
2025.09.17	01:18:40.388		0.93291			4
2025.09.17	01:18:41.132	0.93282	0.93292			6
2025.09.17	01:18:41.438	0.93281				2
2025.09.17	01:18:44.535	0.93282	0.93290			6
2025.09.17	01:18:45.366	0.93281				2
2025.09.17	01:18:51.641	0.93282				2
2025.09.17	01:18:52.027	0.93281				2
2025.09.17	01:18:57.077		0.93292			4
2025.09.17	01:18:59.277		0.93290			4
2025.09.17	01:19:00.445	0.93282				2
2025.09.17	01:19:01.998		0.93291			4
2025.09.17	01:19:03.474		0.93290			4
2025.09.17	01:19:03.819	0.93281				2
2025.09.17	01:19:04.202	0.93282				2
2025.09.17	01:19:05.757	0.93281				2
2025.09.17	01:19:07.698	0.93282				2
2025.09.17	01:19:08.355	0.93281				2
2025.09.17	01:19:09.505	0.93282				2
2025.09.17	01:19:09.900	0.93281				2
2025.09.17	01:19:13.475	0.93283	0.93291			6
2025.09.17	01:19:13.779	0.93282	0.93290			6
2025.09.17	01:19:14.322		0.93291			4
2025.09.17	01:19:16.009	0.93281				2
2025.09.17	01:19:18.079	0.93282				2
2025.09.17	01:19:19.383	0.93281				2
2025.09.17	01:19:21.107	0.93282	0.93292			6
2025.09.17	01:19:23.774		0.93293			4
2025.09.17	01:19:24.217		0.93292			4
2025.09.17	01:19:25.333		0.93291			4
2025.09.17	01:19:27.220	0.93284				2
2025.09.17	01:19:27.528	0.93283				2
2025.09.17	01:19:30.491	0.93284				2
2025.09.17	01:19:31.681	0.93283				2
2025.09.17	01:19:33.761		0.93293			4
2025.09.17	01:19:37.772	0.93284				2
2025.09.17	01:19:39.761		0.93291			4
2025.09.17	01:19:42.519	0.93283				2
2025.09.17	01:19:43.961	0.93284				2
2025.09.17	01:19:45.365		0.93290			4
2025.09.17	01:19:47.416	0.93283				2
2025.09.17	01:19:57.177		0.93292			4
2025.09.17	01:19:58.638	0.93284				2
2025.09.17	01:19:59.734	0.93283				2
2025.09.17	01:20:00.309	0.93283				2
2025.09.17	01:20:00.664	0.93284	0.93291			6
2025.09.17	01:20:02.220	0.93283				2
2025.09.17	01:20:04.102		0.93293			4
2025.09.17	01:20:05.196		0.93292			4
2025.09.17	01:20:07.215	0.93284				2
2025.09.17	01:20:08.097		0.93293			4
2025.09.17	01:20:10.328		0.93291			4
2025.09.17	01:20:41.027	0.93285				2
2025.09.17	01:20:41.339	0.93284				2
2025.09.17	01:20:52.119	0.93283				2
2025.09.17	01:21:00.222	0.93283				2
2025.09.17	01:21:00.694		0.93292			4
2025.09.17	01:21:01.725		0.93291			4
2025.09.17	01:21:03.800		0.93292			4
2025.09.17	01:21:05.776		0.93291			4
2025.09.17	01:21:06.894		0.93292			4
2025.09.17	01:21:07.960		0.93291			4
2025.09.17	01:21:19.185	0.93284				2
2025.09.17	01:21:20.170	0.93285	0.93295			6
2025.09.17	01:21:20.479		0.93294			4
2025.09.17	01:21:20.807	0.93284	0.93297			6
2025.09.17	01:21:21.189	0.93286	0.93296			6
2025.09.17	01:21:23.021	0.93287	0.93297			6
2025.09.17	01:21:36.552	0.93288				2
2025.09.17	01:21:39.659	0.93287				2
2025.09.17	01:21:40.421	0.93286	0.93298			6
2025.09.17	01:21:40.829	0.93288	0.93297			6
2025.09.17	01:21:41.732	0.93287				2
2025.09.17	01:21:42.524	0.93286	0.93298			6
2025.09.17	01:21:42.900	0.93288	0.93297			6
2025.09.17	01:21:43.805	0.93287				2
2025.09.17	01:21:44.842	0.93288				2
2025.09.17	01:21:45.878	0.93287				2
2025.09.17	01:21:52.029	0.93288	0.93298			6
2025.09.17	01:21:54.616		0.93300			4
2025.09.17	01:21:54.984	0.93287	0.93298			6
2025.09.17	01:21:56.761	0.93289	0.93299			6
2025.09.17	01:22:00.678	0.93289				2
2025.09.17	01:22:12.424		0.93298			4
2025.09.17	01:22:14.175	0.93288	0.93299			6
2025.09.17	01:22:17.111	0.93290	0.93300			6
2025.09.17	01:22:17.415	0.93289				2
2025.09.17	01:22:21.175		0.93299			4
2025.09.17	01:22:21.559		0.93300			4
2025.09.17	01:22:22.464		0.93299			4
2025.09.17	01:22:26.609	0.93290				2
2025.09.17	01:22:27.772	0.93289	0.93300			6
2025.09.17	01:22:36.865		0.93299			4
2025.09.17	01:22:39.889	0.93290				2
2025.09.17	01:22:40.968	0.93289	0.93300			6
2025.09.17	01:22:52.651		0.93301			4
2025.09.17	01:22:55.568		0.93300			4
2025.09.17	01:22:57.640	0.93288	0.93299			6
2025.09.17	01:22:58.248		0.93300			4
2025.09.17	01:22:58.671	0.93289				2
2025.09.17	01:23:00.687	0.93289				2
2025.09.17	01:23:02.740	0.93288	0.93301			6
2025.09.17	01:23:06.882		0.93300			4
2025.09.17	01:23:08.923	0.93289				2
2025.09.17	01:23:25.503		0.93299			4
2025.09.17	01:23:26.634		0.93300			4
2025.09.17	01:23:34.866	0.93288	0.93299			6
2025.09.17	01:23:38.024	0.93289	0.93300			6
2025.09.17	01:23:40.038		0.93299			4
2025.09.17	01:23:41.077	0.93288				2
2025.09.17	01:23:49.354	0.93289				2
2025.09.17	01:23:57.888	0.93291	0.93301			6
2025.09.17	01:23:58.200		0.93302			4
2025.09.17	01:23:58.684		0.93301			4
2025.09.17	01:23:59.714	0.93289	0.93300			6
2025.09.17	01:24:00.040	0.93289				2
2025.09.17	01:24:01.792	0.93290				2
2025.09.17	01:24:13.072	0.93289	0.93301			6
2025.09.17	01:24:13.378	0.93290	0.93300			6
2025.09.17	01:24:17.327	0.93291	0.93301			6
2025.09.17	01:24:19.398		0.93302			4
2025.09.17	01:24:20.019		0.93301			4
2025.09.17	01:24:20.420	0.93290	0.93299			6
2025.09.17	01:24:21.398	0.93285				2
2025.09.17	01:24:21.821	0.93286				2
2025.09.17	01:24:22.350		0.93298			4
2025.09.17	01:24:23.620		0.93297			4
2025.09.17	01:24:29.319		0.93298			4
2025.09.17	01:24:35.396		0.93297			4
2025.09.17	01:24:35.772		0.93298			4
2025.09.17	01:24:37.470		0.93297			4
2025.09.17	01:24:46.473		0.93295			4
2025.09.17	01:24:46.872	0.93285	0.93297			6
2025.09.17	01:24:47.179		0.93296			4
2025.09.17	01:24:47.525	0.93286				2
2025.09.17	01:24:50.743	0.93287				2
2025.09.17	01:24:51.141	0.93285	0.93295			6
2025.09.17	01:24:52.257	0.93283	0.93296			6
2025.09.17	01:24:53.321		0.93297			4
2025.09.17	01:24:53.624	0.93285	0.93296			6
2025.09.17	01:24:55.123		0.93295			4
2025.09.17	01:24:55.616	0.93286				2
2025.09.17	01:24:56.632	0.93288	0.93298			6
2025.09.17	01:24:58.711		0.93299			4
2025.09.17	01:24:59.935		0.93298			4
2025.09.17	01:25:00.367	0.93289	0.93299			6
2025.09.17	01:25:00.782	0.93288				2
2025.09.17	01:25:03.950	0.93287	0.93297			6
2025.09.17	01:25:04.924		0.93298			4
2025.09.17	01:25:06.974		0.93296			4
2025.09.17	01:25:22.601		0.93297			4
2025.09.17	01:25:23.639	0.93286				2
2025.09.17	01:25:27.903	0.93287				2
2025.09.17	01:25:28.939	0.93286				2
2025.09.17	01:25:34.932	0.93287				2
2025.09.17	01:25:38.143	0.93286				2
2025.09.17	01:25:40.044	0.93287	0.93298			6
2025.09.17	01:25:40.767	0.93289	0.93299			6
2025.09.17	01:25:43.020	0.93288				2
2025.09.17	01:25:43.342	0.93289				2
2025.09.17	01:25:45.011	0.93287				2
2025.09.17	01:25:46.422	0.93288				2
2025.09.17	01:25:47.155	0.93289				2
2025.09.17	01:25:48.155	0.93287	0.93298			6
2025.09.17	01:25:49.176	0.93289	0.93299			6
2025.09.17	01:25:59.344		0.93298			4
2025.09.17	01:26:00.124	0.93287				2
2025.09.17	01:26:00.435	0.93288				2
2025.09.17	01:26:00.783	0.93287	0.93300			6
2025.09.17	01:26:02.826		0.93299			4
2025.09.17	01:26:05.997		0.93300			4
2025.09.17	01:26:19.236	0.93288	0.93299			6
2025.09.17	01:26:19.589	0.93287	0.93300			6
2025.09.17	01:26:20.326	0.93288	0.93299			6
2025.09.17	01:26:20.637	0.93287	0.93300			6
2025.09.17	01:26:22.282	0.93288	0.93299			6
2025.09.17	01:26:22.697	0.93287	0.93300			6
2025.09.17	01:26:24.642	0.93288	0.93299			6
2025.09.17	01:26:39.149	0.93287	0.93300			6
2025.09.17	01:26:45.365		0.93298			4
2025.09.17	01:27:00.270	0.93287				2
2025.09.17	01:27:03.837		0.93299			4
2025.09.17	01:27:06.884		0.93298			4
2025.09.17	01:27:08.017		0.93299			4
2025.09.17	01:27:09.800	0.93288	0.93298			6
2025.09.17	01:27:10.105	0.93287	0.93299			6
2025.09.17	01:27:24.344	0.93288	0.93298			6
2025.09.17	01:27:24.718	0.93287	0.93299			6
2025.09.17	01:27:26.552		0.93298			4
2025.09.17	01:27:28.730	0.93286				2
2025.09.17	01:27:29.037	0.93287				2
2025.09.17	01:27:30.226	0.93286	0.93299			6
2025.09.17	01:27:41.411	0.93287	0.93298			6
2025.09.17	01:27:41.734	0.93283	0.93296			6
2025.09.17	01:27:42.169	0.93284	0.93295			6
2025.09.17	01:27:44.918	0.93285				2
2025.09.17	01:27:45.234		0.93296			4
2025.09.17	01:27:45.954		0.93295			4
2025.09.17	01:27:47.897	0.93284				2
2025.09.17	01:27:48.198	0.93285				2
2025.09.17	01:27:49.094		0.93294			4
2025.09.17	01:27:50.131	0.93284	0.93296			6
2025.09.17	01:27:50.525		0.93295			4
2025.09.17	01:27:53.107	0.93285	0.93298			6
2025.09.17	01:27:53.463	0.93286				2
2025.09.17	01:27:54.820	0.93285				2
2025.09.17	01:28:00.619	0.93284				2
2025.09.17	01:28:01.018	0.93285	0.93297			6
2025.09.17	01:28:01.361	0.93286	0.93298			6
2025.09.17	01:28:09.005		0.93297			4
2025.09.17	01:28:11.008	0.93287	0.93296			6
2025.09.17	01:28:11.334	0.93286	0.93297			6
2025.09.17	01:28:26.409	0.93287	0.93296			6
2025.09.17	01:28:26.746	0.93286	0.93297			6
2025.09.17	01:28:30.533	0.93287	0.93296			6
2025.09.17	01:28:30.875	0.93286	0.93297			6
2025.09.17	01:28:43.507	0.93288	0.93301			6
2025.09.17	01:28:45.376	0.93285	0.93298			6
2025.09.17	01:28:47.076	0.93286	0.93297			6
2025.09.17	01:28:56.808	0.93285				2
2025.09.17	01:28:57.429	0.93286				2
2025.09.17	01:28:58.718		0.93296			4
2025.09.17	01:28:59.775	0.93285	0.93295			6
2025.09.17	01:29:00.515	0.93286	0.93296			6
2025.09.17	01:29:00.819		0.93297			4
2025.09.17	01:29:08.319		0.93296			4
2025.09.17	01:29:09.995		0.93297			4
2025.09.17	01:29:11.036		0.93296			4
2025.09.17	01:29:12.130		0.93297			4
2025.09.17	01:29:14.141		0.93296			4
2025.09.17	01:29:15.176		0.93297			4
2025.09.17	01:29:19.319	0.93287	0.93296			6
2025.09.17	01:29:20.810	0.93286	0.93297			6
2025.09.17	01:29:22.422		0.93296			4
2025.09.17	01:29:24.383		0.93295			4
2025.09.17	01:29:24.683		0.93296			4
2025.09.17	01:29:25.536	0.93287				2
2025.09.17	01:29:26.594	0.93286	0.93295			6
2025.09.17	01:29:28.357		0.93296			4
2025.09.17	01:29:29.687		0.93297			4
2025.09.17	01:29:30.005	0.93284	0.93295			6
2025.09.17	01:29:31.291	0.93286				2
2025.09.17	01:29:31.935	0.93284				2
2025.09.17	01:29:32.245	0.93285				2
2025.09.17	01:29:33.691	0.93286				2
2025.09.17	01:29:35.881	0.93285	0.93296			6
2025.09.17	01:29:37.720	0.93286	0.93295			6
2025.09.17	01:29:40.109	0.93285	0.93296			6
2025.09.17	01:29:41.514	0.93286	0.93295			6
2025.09.17	01:29:44.182	0.93285	0.93296			6
2025.09.17	01:29:45.180		0.93295			4
2025.09.17	01:29:46.409	0.93286				2
2025.09.17	01:29:48.270	0.93285	0.93296			6
2025.09.17	01:29:52.129	0.93286				2
2025.09.17	01:29:52.663	0.93285	0.93295			6
2025.09.17	01:29:55.485	0.93286				2
2025.09.17	01:29:57.574	0.93285				2
2025.09.17	01:29:58.120	0.93286				2
2025.09.17	01:30:00.040	0.93286				2
2025.09.17	01:30:00.521	0.93285	0.93296			6
2025.09.17	01:30:03.211	0.93287				2
2025.09.17	01:30:06.744	0.93285				2
2025.09.17	01:30:09.939		0.93295			4
2025.09.17	01:30:13.120		0.93296			4
2025.09.17	01:30:14.449		0.93295			4
2025.09.17	01:30:17.620		0.93294			4
2025.09.17	01:30:18.629	0.93284	0.93295			6
2025.09.17	01:30:24.508		0.93294			4
2025.09.17	01:30:25.630		0.93295			4
2025.09.17	01:30:28.084	0.93283				2
2025.09.17	01:30:30.283	0.93286				2
2025.09.17	01:30:33.012	0.93285				2
2025.09.17	01:30:34.936	0.93286	0.93294			6
2025.09.17	01:30:35.332		0.93295			4
2025.09.17	01:30:37.278	0.93285				2
2025.09.17	01:30:38.020		0.93294			4
2025.09.17	01:30:40.602		0.93295			4
2025.09.17	01:30:42.198		0.93294			4
2025.09.17	01:30:43.045	0.93284	0.93295			6
2025.09.17	01:30:45.473		0.93294			4
2025.09.17	01:30:46.347	0.93282	0.93293			6
2025.09.17	01:30:47.379	0.93284	0.93294			6
2025.09.17	01:30:52.119	0.93283				2
2025.09.17	01:30:54.101	0.93284				2
2025.09.17	01:30:55.329	0.93283				2
2025.09.17	01:30:59.401	0.93282	0.93292			6
2025.09.17	01:31:00.353	0.93282				2
2025.09.17	01:31:02.319	0.93281	0.93293			6
2025.09.17	01:31:02.723	0.93282	0.93292			6
2025.09.17	01:31:03.640		0.93293			4
2025.09.17	01:31:05.861		0.93292			4
2025.09.17	01:31:07.800	0.93281	0.93293			6
2025.09.17	01:31:10.031	0.93282	0.93292			6
2025.09.17	01:31:11.943	0.93281	0.93293			6
2025.09.17	01:31:14.208	0.93282				2
2025.09.17	01:31:17.159	0.93281				2
2025.09.17	01:31:18.323	0.93282	0.93292			6
2025.09.17	01:31:19.428		0.93293			4
2025.09.17	01:31:22.560		0.93292			4
2025.09.17	01:31:24.648		0.93293			4
2025.09.17	01:31:25.057	0.93284	0.93294			6
2025.09.17	01:31:27.820		0.93293			4
2025.09.17	01:31:30.450		0.93294			4
2025.09.17	01:31:38.397		0.93293			4
2025.09.17	01:31:39.668		0.93294			4
2025.09.17	01:31:40.733	0.93285				2
2025.09.17	01:31:41.886	0.93284				2
2025.09.17	01:31:44.812	0.93285				2
2025.09.17	01:31:45.376	0.93283	0.93293			6
2025.09.17	01:31:50.959		0.93294			4
2025.09.17	01:32:00.534	0.93283				2
2025.09.17	01:32:01.726	0.93284				2
2025.09.17	01:32:04.815	0.93283				2
2025.09.17	01:32:12.989	0.93284				2
2025.09.17	01:32:15.240		0.93295			4
2025.09.17	01:32:18.219	0.93283	0.93294			6
2025.09.17	01:32:25.419	0.93284				2
2025.09.17	01:32:28.719		0.93295			4
2025.09.17	01:32:30.217	0.93285	0.93294			6
2025.09.17	01:32:30.519	0.93284	0.93295			6
2025.09.17	01:32:32.928	0.93285				2
2025.09.17	01:32:36.025		0.93296			4
2025.09.17	01:32:47.321		0.93295			4
2025.09.17	01:32:57.120	0.93284				2
2025.09.17	01:33:00.462	0.93284	0.93296			6
2025.09.17	01:33:02.636		0.93295			4
2025.09.17	01:33:24.337	0.93285				2
2025.09.17	01:33:24.824		0.93296			4
2025.09.17	01:33:30.250	0.93284				2
2025.09.17	01:33:33.767	0.93289	0.93299			6
2025.09.17	01:33:34.181	0.93288	0.93297			6
2025.09.17	01:33:37.121	0.93289				2
2025.09.17	01:33:40.534	0.93288				2
2025.09.17	01:34:00.526	0.93288				2
2025.09.17	01:34:27.780	0.93287				2
2025.09.17	01:34:28.789	0.93286	0.93295			6
2025.09.17	01:34:29.150	0.93288	0.93297			6
2025.09.17	01:34:48.176	0.93289				2
2025.09.17	01:34:49.824	0.93288	0.93296			6
2025.09.17	01:34:55.287	0.93289	0.93297			6
2025.09.17	01:34:56.098	0.93288				2
2025.09.17	01:34:58.489		0.93298			4
2025.09.17	01:35:00.322	0.93289	0.93297			6
2025.09.17	01:35:03.697	0.93287	0.93295			6
2025.09.17	01:35:04.950		0.93296			4
2025.09.17	01:35:07.147		0.93295			4
2025.09.17	01:35:13.094	0.93285	0.93294			6
2025.09.17	01:35:15.961		0.93297			4
2025.09.17	01:35:18.380	0.93286	0.93296			6
2025.09.17	01:35:21.220	0.93285				2
2025.09.17	01:35:32.882	0.93283	0.93295			6
2025.09.17	01:35:35.403	0.93284				2
2025.09.17	01:35:57.305		0.93294			4
2025.09.17	01:36:00.758	0.93284				2
2025.09.17	01:36:04.944	0.93285	0.93296			6
2025.09.17	01:36:10.298	0.93284	0.93295			6
2025.09.17	01:36:25.746	0.93285				2
2025.09.17	01:36:31.772	0.93287				2
2025.09.17	01:36:33.907	0.93286	0.93294			6
2025.09.17	01:36:53.611	0.93288	0.93296			6
2025.09.17	01:37:00.519	0.93288				2
2025.09.17	01:37:02.535	0.93287	0.93295			6
2025.09.17	01:37:11.678	0.93288	0.93296			6
2025.09.17	01:37:19.420		0.93297			4
2025.09.17	01:37:23.019		0.93296			4
2025.09.17	01:37:28.953	0.93291	0.93299			6
2025.09.17	01:37:30.085		0.93298			4
2025.09.17	01:37:30.604	0.93288	0.93296			6
2025.09.17	01:37:45.376		0.93297			4
2025.09.17	01:37:46.120	0.93289				2
2025.09.17	01:37:50.020		0.93298			4
2025.09.17	01:37:52.501	0.93291	0.93301			6
2025.09.17	01:37:53.313	0.93292				2
2025.09.17	01:37:55.009	0.93291	0.93302			6
2025.09.17	01:37:58.850	0.93292	0.93300			6
2025.09.17	01:38:01.579	0.93291	0.93301			6
2025.09.17	01:38:03.878		0.93300			4
2025.09.17	01:38:08.729	0.93292				2
2025.09.17	01:38:17.542		0.93301			4
2025.09.17	01:38:26.349	0.93293				2
2025.09.17	01:38:31.600		0.93302			4
2025.09.17	01:38:33.661		0.93301			4
2025.09.17	01:38:43.358	0.93294	0.93302			6
2025.09.17	01:38:45.379	0.93293	0.93301			6
2025.09.17	01:38:48.205		0.93302			4
2025.09.17	01:38:50.405		0.93301			4
2025.09.17	01:38:53.181		0.93302			4
2025.09.17	01:38:56.320		0.93301			4
2025.09.17	01:39:00.074	0.93293				2
2025.09.17	01:39:00.658		0.93302			4
2025.09.17	01:39:09.472	0.93294				2
2025.09.17	01:39:13.206	0.93293				2
2025.09.17	01:39:19.636	0.93292	0.93304			6
2025.09.17	01:39:20.022	0.93293	0.93303			6
2025.09.17	01:39:22.525	0.93294	0.93302			6
2025.09.17	01:39:22.828	0.93293	0.93303			6
2025.09.17	01:39:23.562	0.93294	0.93302			6
2025.09.17	01:39:25.891	0.93293	0.93303			6
2025.09.17	01:39:28.737	0.93294	0.93302			6
2025.09.17	01:39:34.177	0.93293	0.93303			6
2025.09.17	01:39:35.995	0.93294	0.93302			6
2025.09.17	01:39:38.322	0.93293	0.93303			6
2025.09.17	01:39:40.134	0.93294	0.93302			6
2025.09.17	01:39:42.452	0.93293	0.93303			6
2025.09.17	01:39:45.377		0.93302			4
2025.09.17	01:39:48.076		0.93301			4
2025.09.17	01:39:50.494		0.93302			4
2025.09.17	01:40:00.651	0.93293				2
2025.09.17	01:40:03.829	0.93292	0.93301			6
2025.09.17	01:40:08.861	0.93291	0.93300			6
2025.09.17	01:40:11.852	0.93290				2
2025.09.17	01:40:12.834	0.93291				2
2025.09.17	01:40:55.505	0.93290				2
2025.09.17	01:41:00.723	0.93291				2
2025.09.17	01:41:02.849	0.93290	0.93299			6
2025.09.17	01:41:05.867	0.93291				2
2025.09.17	01:41:08.622	0.93290				2
2025.09.17	01:41:09.592	0.93291	0.93301			6
2025.09.17	01:41:09.898		0.93299			4
2025.09.17	01:41:10.350	0.93290				2
2025.09.17	01:41:10.832		0.93300			4
2025.09.17	01:41:12.488		0.93299			4
2025.09.17	01:41:14.718		0.93300			4
2025.09.17	01:41:18.263	0.93286	0.93297			6
2025.09.17	01:41:28.689	0.93288	0.93299			6
2025.09.17	01:41:29.068		0.93298			4
2025.09.17	01:41:33.972		0.93297			4
2025.09.17	01:41:37.204		0.93298			4
2025.09.17	01:41:37.663		0.93299			4
2025.09.17	01:41:50.543		0.93298			4
2025.09.17	01:41:50.892	0.93286				2
2025.09.17	01:41:53.646	0.93287	0.93297			6
2025.09.17	01:41:55.720	0.93286				2
2025.09.17	01:42:00.389	0.93286				2
2025.09.17	01:42:01.307		0.93296			4
2025.09.17	01:42:02.155	0.93282	0.93292			6
2025.09.17	01:42:02.459	0.93283	0.93293			6
2025.09.17	01:42:08.287		0.93292			4
2025.09.17	01:42:11.180		0.93293			4
2025.09.17	01:42:14.298		0.93292			4
2025.09.17	01:42:19.678		0.93293			4
2025.09.17	01:42:20.656		0.93294			4
2025.09.17	01:42:21.635		0.93293			4
2025.09.17	01:42:33.171		0.93292			4
2025.09.17	01:42:37.268		0.93293			4
2025.09.17	01:42:40.423		0.93292			4
2025.09.17	01:42:41.883		0.93293			4
2025.09.17	01:42:44.624		0.93292			4
2025.09.17	01:42:45.543		0.93293			4
2025.09.17	01:42:46.844		0.93294			4
2025.09.17	01:42:51.015		0.93295			4
2025.09.17	01:42:51.408		0.93294			4
2025.09.17	01:42:52.055		0.93295			4
2025.09.17	01:42:53.154		0.93294			4
2025.09.17	01:42:59.299		0.93295			4
2025.09.17	01:43:00.389	0.93283	0.93294			6
2025.09.17	01:43:01.179	0.93287				2
2025.09.17	01:43:05.320		0.93295			4
2025.09.17	01:43:06.193	0.93285				2
2025.09.17	01:43:07.306		0.93294			4
2025.09.17	01:43:09.298		0.93295			4
2025.09.17	01:43:10.735		0.93294			4
2025.09.17	01:43:22.132		0.93295			4
2025.09.17	01:43:22.869		0.93294			4
2025.09.17	01:43:23.298		0.93295			4
2025.09.17	01:43:23.854		0.93296			4
2025.09.17	01:43:24.205	0.93286				2
2025.09.17	01:43:24.957		0.93295			4
2025.09.17	01:43:34.703	0.93285	0.93296			6
2025.09.17	01:43:35.398		0.93295			4
2025.09.17	01:43:36.442	0.93286	0.93294			6
2025.09.17	01:43:36.771	0.93285	0.93295			6
2025.09.17	01:43:37.488	0.93286	0.93294			6
2025.09.17	01:43:37.810	0.93285	0.93295			6
2025.09.17	01:43:38.531	0.93286	0.93294			6
2025.09.17	01:43:38.845	0.93285	0.93295			6
2025.09.17	01:43:39.574	0.93286	0.93294			6
2025.09.17	01:43:39.884	0.93285	0.93295			6
2025.09.17	01:43:40.533	0.93286	0.93294			6
2025.09.17	01:43:40.916	0.93285	0.93295			6
2025.09.17	01:43:41.665		0.93294			4
2025.09.17	01:43:41.966		0.93295			4
2025.09.17	01:43:55.238		0.93294			4
2025.09.17	01:43:57.324		0.93293			4
2025.09.17	01:43:58.120		0.93294			4
2025.09.17	01:43:59.334		0.93293			4
2025.09.17	01:44:00.491	0.93286	0.93294			6
2025.09.17	01:44:20.164		0.93295			4
2025.09.17	01:44:23.611		0.93294			4
2025.09.17	01:44:26.509		0.93295			4
2025.09.17	01:44:28.261		0.93294			4
2025.09.17	01:44:30.655		0.93295			4
2025.09.17	01:44:31.884		0.93294			4
2025.09.17	01:44:35.836		0.93295			4
2025.09.17	01:44:38.619		0.93294			4
2025.09.17	01:44:41.781		0.93295			4
2025.09.17	01:44:45.380		0.93294			4
2025.09.17	01:44:55.868		0.93295			4
2025.09.17	01:44:57.923		0.93294			4
2025.09.17	01:44:59.118		0.93295			4
2025.09.17	01:45:02.062	0.93286				2
2025.09.17	01:45:37.241	0.93285				2
2025.09.17	01:45:37.558	0.93284	0.93294			6
2025.09.17	01:45:40.720	0.93283				2
2025.09.17	01:45:41.078		0.93292			4
2025.09.17	01:45:41.411		0.93294			4
2025.09.17	01:45:42.088		0.93292			4
2025.09.17	01:45:44.287	0.93282	0.93293			6
2025.09.17	01:45:46.229	0.93283	0.93292			6
2025.09.17	01:45:48.558	0.93282	0.93293			6
2025.09.17	01:45:51.408	0.93283				2
2025.09.17	01:45:54.774	0.93282				2
2025.09.17	01:45:57.624	0.93283				2
2025.09.17	01:45:58.844	0.93282	0.93291			6
2025.09.17	01:45:59.546	0.93283				2
2025.09.17	01:46:00.868	0.93283				2
2025.09.17	01:46:04.880		0.93290			4
2025.09.17	01:46:07.211		0.93291			4
2025.09.17	01:46:08.273	0.93282	0.93290			6
2025.09.17	01:46:10.079		0.93291			4
2025.09.17	01:46:13.411		0.93290			4
2025.09.17	01:46:39.339		0.93291			4
2025.09.17	01:47:00.048	0.93282				2
2025.09.17	01:47:01.405	0.93283				2
2025.09.17	01:47:01.885		0.93292			4
2025.09.17	01:47:10.001		0.93290			4
2025.09.17	01:47:15.332	0.93281				2
2025.09.17	01:47:16.541	0.93285	0.93295			6
2025.09.17	01:47:17.468	0.93287				2
2025.09.17	01:47:17.788	0.93285	0.93294			6
2025.09.17	01:47:30.213		0.93293			4
2025.09.17	01:47:31.618		0.93294			4
2025.09.17	01:47:32.300		0.93295			4
2025.09.17	01:47:32.841	0.93287				2
2025.09.17	01:47:35.985	0.93285	0.93293			6
2025.09.17	01:47:37.232		0.93294			4
2025.09.17	01:47:50.156		0.93293			4
2025.09.17	01:47:53.920		0.93294			4
2025.09.17	01:48:00.525	0.93285				2
2025.09.17	01:48:16.167		0.93293			4
2025.09.17	01:48:18.217		0.93294			4
2025.09.17	01:48:50.340		0.93293			4
2025.09.17	01:49:00.532	0.93285				2
2025.09.17	01:49:01.779		0.93294			4
2025.09.17	01:49:05.630		0.93293			4
2025.09.17	01:49:06.282		0.93294			4
2025.09.17	01:49:06.599	0.93284	0.93293			6
2025.09.17	01:49:09.538	0.93285	0.93294			6
2025.09.17	01:49:11.558	0.93288	0.93297			6
2025.09.17	01:49:11.859	0.93286	0.93298			6
2025.09.17	01:49:15.555	0.93285	0.93296			6
2025.09.17	01:49:16.026		0.93298			4
2025.09.17	01:49:17.401	0.93289	0.93297			6
2025.09.17	01:49:21.792	0.93288	0.93298			6
2025.09.17	01:49:37.275	0.93285	0.93294			6
2025.09.17	01:49:45.805	0.93284				2
2025.09.17	01:50:01.884	0.93284				2
2025.09.17	01:50:03.221	0.93283	0.93295			6
2025.09.17	01:50:06.919	0.93284	0.93294			6
2025.09.17	01:50:07.375	0.93283	0.93295			6
2025.09.17	01:50:26.090	0.93284	0.93294			6
2025.09.17	01:50:29.163	0.93283	0.93295			6
2025.09.17	01:50:32.182		0.93294			4
2025.09.17	01:50:36.330	0.93284	0.93295			6
2025.09.17	01:50:45.654		0.93293			4
2025.09.17	01:50:53.896	0.93285	0.93294			6
2025.09.17	01:50:57.052		0.93295			4
2025.09.17	01:51:00.012	0.93285	0.93296			6
2025.09.17	01:51:00.883	0.93286	0.93295			6
2025.09.17	01:51:02.461	0.93285	0.93297			6
2025.09.17	01:51:03.125		0.93296			4
2025.09.17	01:51:21.503	0.93280	0.93289			6
2025.09.17	01:51:27.341		0.93290			4
2025.09.17	01:51:28.276		0.93289			4
2025.09.17	01:51:33.479	0.93282	0.93291			6
2025.09.17	01:51:33.800	0.93284	0.93294			6
2025.09.17	01:51:39.718		0.93295			4
2025.09.17	01:51:42.854		0.93294			4
2025.09.17	01:51:44.786	0.93286				2
2025.09.17	01:51:48.374	0.93289	0.93298			6
2025.09.17	01:51:50.359	0.93286	0.93295			6
2025.09.17	01:51:50.661		0.93296			4
2025.09.17	01:51:53.759		0.93295			4
2025.09.17	01:51:54.854		0.93296			4
2025.09.17	01:51:56.571		0.93295			4
2025.09.17	01:51:56.942		0.93296			4
2025.09.17	01:52:00.008	0.93286				2
2025.09.17	01:52:03.455	0.93289	0.93299			6
2025.09.17	01:52:07.604	0.93290	0.93301			6
2025.09.17	01:52:08.633		0.93300			4
2025.09.17	01:52:16.070		0.93299			4
2025.09.17	01:52:17.083	0.93292	0.93302			6
2025.09.17	01:52:17.915		0.93301			4
2025.09.17	01:52:18.649	0.93293	0.93300			6
2025.09.17	01:52:25.812	0.93292	0.93301			6
2025.09.17	01:52:26.858	0.93291	0.93300			6
2025.09.17	01:52:44.792	0.93292				2
2025.09.17	01:52:45.943	0.93291				2
2025.09.17	01:52:51.886	0.93290	0.93301			6
2025.09.17	01:52:52.203	0.93291	0.93300			6
2025.09.17	01:52:53.193	0.93292				2
2025.09.17	01:52:55.014	0.93289				2
2025.09.17	01:52:57.216	0.93288				2
2025.09.17	01:52:59.281		0.93301			4
2025.09.17	01:53:00.315	0.93289				2
2025.09.17	01:53:05.940	0.93288				2
2025.09.17	01:53:08.007	0.93289				2
2025.09.17	01:53:09.046	0.93288				2
2025.09.17	01:53:10.398	0.93287	0.93298			6
2025.09.17	01:53:11.557	0.93286	0.93299			6
2025.09.17	01:53:11.971		0.93298			4
2025.09.17	01:53:16.212		0.93297			4
2025.09.17	01:53:20.359	0.93287	0.93298			6
2025.09.17	01:53:30.181		0.93296			4
2025.09.17	01:53:41.941	0.93288				2
2025.09.17	01:53:43.056	0.93287				2
2025.09.17	01:53:45.096	0.93288				2
2025.09.17	01:53:48.344	0.93287				2
2025.09.17	01:53:49.056	0.93288				2
2025.09.17	01:53:49.372	0.93287				2
2025.09.17	01:53:52.181	0.93289	0.93297			6
2025.09.17	01:53:52.513	0.93288				2
2025.09.17	01:53:54.897	0.93289				2
2025.09.17	01:54:00.154	0.93289				2
2025.09.17	01:54:01.896	0.93288				2
2025.09.17	01:54:04.861		0.93299			4
2025.09.17	01:54:05.873		0.93298			4
2025.09.17	01:54:09.022	0.93289	0.93297			6
2025.09.17	01:54:09.385	0.93288	0.93298			6
2025.09.17	01:54:10.061	0.93289	0.93297			6
2025.09.17	01:54:11.519	0.93288	0.93298			6
2025.09.17	01:54:12.133	0.93289	0.93297			6
2025.09.17	01:54:19.386	0.93288	0.93298			6
2025.09.17	01:54:25.603		0.93299			4
2025.09.17	01:54:26.622		0.93298			4
2025.09.17	01:54:27.675		0.93299			4
2025.09.17	01:54:28.096		0.93297			4
2025.09.17	01:54:29.183	0.93285	0.93295			6
2025.09.17	01:54:30.297	0.93286				2
2025.09.17	01:54:31.334	0.93285	0.93294			6
2025.09.17	01:54:36.539		0.93295			4
2025.09.17	01:54:39.644		0.93294			4
2025.09.17	01:54:40.680		0.93295			4
2025.09.17	01:54:41.667		0.93294			4
2025.09.17	01:54:43.447		0.93295			4
2025.09.17	01:54:45.604		0.93294			4
2025.09.17	01:54:48.532	0.93284	0.93295			6
2025.09.17	01:54:52.195	0.93285				2
2025.09.17	01:54:53.324	0.93286	0.93296			6
2025.09.17	01:54:53.633		0.93295			4
2025.09.17	01:54:58.327	0.93287				2
2025.09.17	01:54:58.634	0.93286				2
2025.09.17	01:55:00.239	0.93286				2
2025.09.17	01:55:04.287	0.93289	0.93299			6
2025.09.17	01:55:04.729	0.93288				2
2025.09.17	01:55:05.632		0.93298			4
2025.09.17	01:55:06.376	0.93289				2
2025.09.17	01:55:06.678	0.93288	0.93299			6
2025.09.17	01:55:10.496	0.93289				2
2025.09.17	01:55:10.797	0.93288				2
2025.09.17	01:55:14.685	0.93289	0.93298			6
2025.09.17	01:55:15.089	0.93288	0.93299			6
2025.09.17	01:55:26.444		0.93297			4
2025.09.17	01:55:27.559		0.93298			4
2025.09.17	01:55:28.596		0.93297			4
2025.09.17	01:55:30.670		0.93298			4
2025.09.17	01:55:32.555		0.93297			4
2025.09.17	01:55:33.767	0.93286	0.93296			6
2025.09.17	01:55:39.996	0.93285	0.93295			6
2025.09.17	01:55:41.289		0.93296			4
2025.09.17	01:55:42.054	0.93286	0.93295			6
2025.09.17	01:55:45.096	0.93284				2
2025.09.17	01:55:51.373		0.93296			4
2025.09.17	01:55:56.958	0.93285				2
2025.09.17	01:55:59.029	0.93286				2
2025.09.17	01:55:59.384	0.93285	0.93297			6
2025.09.17	01:56:00.071	0.93285	0.93296			6
2025.09.17	01:56:00.647	0.93288	0.93298			6
2025.09.17	01:56:01.898	0.93289	0.93297			6
2025.09.17	01:56:02.269	0.93288	0.93298			6
2025.09.17	01:56:03.302		0.93299			4
2025.09.17	01:56:06.601	0.93292	0.93301			6
2025.09.17	01:56:07.461	0.93289	0.93299			6
2025.09.17	01:56:07.776	0.93288				2
2025.09.17	01:56:10.680	0.93289				2
2025.09.17	01:56:10.984	0.93292	0.93301			6
2025.09.17	01:56:12.109	0.93291	0.93302			6
2025.09.17	01:56:13.139		0.93301			4
2025.09.17	01:56:13.833	0.93289	0.93298			6
2025.09.17	01:56:15.081	0.93288	0.93299			6
2025.09.17	01:56:30.494	0.93289	0.93298			6
2025.09.17	01:56:31.002		0.93299			4
2025.09.17	01:56:31.406	0.93288				2
2025.09.17	01:56:32.082	0.93289	0.93298			6
2025.09.17	01:56:37.021	0.93288	0.93299			6
2025.09.17	01:56:38.288		0.93298			4
2025.09.17	01:56:39.762	0.93289	0.93300			6
2025.09.17	01:56:40.079		0.93298			4
2025.09.17	01:56:53.551		0.93297			4
2025.09.17	01:56:54.094		0.93298			4
2025.09.17	01:56:55.497		0.93299			4
2025.09.17	01:56:55.844	0.93290	0.93298			6
2025.09.17	01:57:00.108	0.93289				2
2025.09.17	01:57:01.585	0.93287				2
2025.09.17	01:57:01.965	0.93288	0.93297			6
2025.09.17	01:57:03.895		0.93298			4
2025.09.17	01:57:09.845	0.93289	0.93299			6
2025.09.17	01:57:10.155	0.93290	0.93298			6
2025.09.17	01:57:12.504	0.93289	0.93297			6
2025.09.17	01:57:13.457	0.93290	0.93298			6
2025.09.17	01:57:18.101	0.93289	0.93297			6
2025.09.17	01:57:29.162		0.93298			4
2025.09.17	01:57:30.486	0.93290				2
2025.09.17	01:57:35.473	0.93291	0.93299			6
2025.09.17	01:57:36.547	0.93290				2
2025.09.17	01:57:41.282	0.93295	0.93304			6
2025.09.17	01:57:41.594	0.93294	0.93303			6
2025.09.17	01:57:48.720	0.93295				2
2025.09.17	01:57:49.756	0.93294				2
2025.09.17	01:57:50.178	0.93297	0.93305			6
2025.09.17	01:57:51.338	0.93296				2
2025.09.17	01:57:58.552	0.93297				2
2025.09.17	01:58:00.380	0.93297				2
2025.09.17	01:58:00.694		0.93307			4
2025.09.17	01:58:01.186		0.93306			4
2025.09.17	01:58:02.446		0.93305			4
2025.09.17	01:58:10.737	0.93296	0.93306			6
2025.09.17	01:58:11.040	0.93295	0.93305			6
2025.09.17	01:58:12.125	0.93294				2
2025.09.17	01:58:12.863	0.93296	0.93306			6
2025.09.17	01:58:16.885	0.93295				2
2025.09.17	01:58:20.196	0.93298	0.93307			6
2025.09.17	01:58:20.537	0.93299				2
2025.09.17	01:58:22.330	0.93298				2
2025.09.17	01:58:23.457	0.93297				2
2025.09.17	01:58:23.879	0.93296				2
2025.09.17	01:58:25.203	0.93297	0.93309			6
2025.09.17	01:58:25.553	0.93296	0.93308			6
2025.09.17	01:58:26.271	0.93297	0.93309			6
2025.09.17	01:58:27.172	0.93298				2
2025.09.17	01:58:28.121		0.93310			4
2025.09.17	01:58:28.456		0.93309			4
2025.09.17	01:58:28.821	0.93300	0.93313			6
2025.09.17	01:58:29.903	0.93297	0.93310			6
2025.09.17	01:58:30.488		0.93309			4
2025.09.17	01:58:32.406	0.93294	0.93306			6
2025.09.17	01:58:45.631	0.93293				2
2025.09.17	01:58:50.908	0.93292	0.93305			6
2025.09.17	01:58:51.219	0.93293				2
2025.09.17	01:58:56.258	0.93292	0.93306			6
2025.09.17	01:58:57.820	0.93293				2
2025.09.17	01:59:00.455	0.93293				2
2025.09.17	01:59:03.589	0.93294	0.93305			6
2025.09.17	01:59:07.767	0.93293				2
2025.09.17	01:59:08.810		0.93306			4
2025.09.17	01:59:10.897		0.93307			4
2025.09.17	01:59:11.264	0.93294	0.93306			6
2025.09.17	01:59:11.941	0.93293	0.93307			6
2025.09.17	01:59:12.866		0.93306			4
2025.09.17	01:59:13.283	0.93294				2
2025.09.17	01:59:16.120	0.93293	0.93307			6
2025.09.17	01:59:17.162	0.93294	0.93306			6
2025.09.17	01:59:17.483	0.93293				2
2025.09.17	01:59:17.802	0.93294	0.93303			6
2025.09.17	01:59:22.652	0.93293	0.93304			6
2025.09.17	01:59:28.037	0.93294	0.93303			6
2025.09.17	01:59:29.062	0.93293	0.93302			6
2025.09.17	01:59:34.394	0.93289	0.93299			6
2025.09.17	01:59:38.992	0.93290				2
2025.09.17	01:59:41.674	0.93289				2
2025.09.17	01:59:42.084	0.93295	0.93306			6
2025.09.17	01:59:42.420	0.93294				2
2025.09.17	01:59:50.889	0.93293	0.93305			6
2025.09.17	01:59:52.787	0.93292				2
2025.09.17	01:59:53.359	0.93294	0.93306			6
2025.09.17	01:59:54.144	0.93295	0.93305			6
2025.09.17	01:59:54.534	0.93293				2
2025.09.17	02:00:00.108	0.93295	0.93306			6
2025.09.17	02:00:00.424	0.93296	0.93307			6
2025.09.17	02:00:01.389	0.93295	0.93308			6
2025.09.17	02:00:04.440		0.93306			4
2025.09.17	02:00:04.961	0.93296	0.93305			6
2025.09.17	02:00:06.375	0.93294	0.93304			6
2025.09.17	02:00:07.350		0.93305			4
2025.09.17	02:00:11.620	0.93295				2
2025.09.17	02:00:11.923	0.93297	0.93306			6
2025.09.17	02:00:12.780	0.93294				2
2025.09.17	02:00:13.729	0.93293	0.93305			6
2025.09.17	02:00:18.526	0.93294	0.93306			6
2025.09.17	02:00:18.872	0.93293				2
2025.09.17	02:00:21.598	0.93291				2
2025.09.17	02:00:26.476	0.93293				2
2025.09.17	02:00:27.347	0.93294	0.93304			6
2025.09.17	02:00:28.469	0.93292	0.93305			6
2025.09.17	02:00:30.517		0.93304			4
2025.09.17	02:00:36.812	0.93291	0.93305			6
2025.09.17	02:00:37.857	0.93292	0.93304			6
2025.09.17	02:00:38.159	0.93291				2
2025.09.17	02:00:42.207		0.93303			4
2025.09.17	02:00:42.646		0.93304			4
2025.09.17	02:00:50.530	0.93298	0.93309			6
2025.09.17	02:00:50.843		0.93308			4
2025.09.17	02:00:52.201	0.93296				2
2025.09.17	02:00:52.523	0.93297	0.93306			6
2025.09.17	02:00:52.826	0.93295				2
2025.09.17	02:00:56.911	0.93296				2
2025.09.17	02:00:59.525	0.93295				2
2025.09.17	02:01:00.090	0.93295				2
2025.09.17	02:01:00.706		0.93307			4
2025.09.17	02:01:01.628	0.93297	0.93309			6
2025.09.17	02:01:03.803	0.93298	0.93308			6
2025.09.17	02:01:04.634	0.93296				2
2025.09.17	02:01:09.478		0.93307			4
2025.09.17	02:01:09.806	0.93298				2
2025.09.17	02:01:12.745		0.93308			4
2025.09.17	02:01:18.410	0.93294	0.93306			6
2025.09.17	02:01:20.387		0.93305			4
2025.09.17	02:01:20.692	0.93295				2
2025.09.17	02:01:22.416		0.93306			4
2025.09.17	02:01:23.511	0.93296				2
2025.09.17	02:01:24.727	0.93295	0.93305			6
2025.09.17	02:01:25.056	0.93293				2
2025.09.17	02:01:26.202		0.93306			4
2025.09.17	02:01:35.385	0.93296	0.93307			6
2025.09.17	02:01:35.924	0.93297	0.93306			6
2025.09.17	02:01:42.293	0.93296	0.93307			6
2025.09.17	02:01:44.904	0.93298				2
2025.09.17	02:01:45.307	0.93296				2
2025.09.17	02:01:50.022	0.93298				2
2025.09.17	02:01:50.324	0.93297	0.93309			6
2025.09.17	02:01:53.869	0.93298				2
2025.09.17	02:01:59.963		0.93308			4
2025.09.17	02:02:00.625	0.93299	0.93309			6
2025.09.17	02:02:03.722	0.93300				2
2025.09.17	02:02:06.900	0.93301	0.93308			6
2025.09.17	02:02:09.005	0.93300	0.93311			6
2025.09.17	02:02:17.468	0.93301				2
2025.09.17	02:02:18.409	0.93300				2
2025.09.17	02:02:24.754	0.93301	0.93310			6
2025.09.17	02:02:28.770		0.93309			4
2025.09.17	02:02:32.508		0.93310			4
2025.09.17	02:02:37.065	0.93302				2
2025.09.17	02:02:39.139	0.93301	0.93311			6
2025.09.17	02:02:50.620	0.93302	0.93310			6
2025.09.17	02:02:56.992	0.93300				2
2025.09.17	02:02:59.747	0.93301				2
2025.09.17	02:03:00.285	0.93301				2
2025.09.17	02:03:00.653	0.93299	0.93307			6
2025.09.17	02:03:02.381	0.93301	0.93309			6
2025.09.17	02:03:04.422	0.93300	0.93310			6
2025.09.17	02:03:08.620		0.93309			4
2025.09.17	02:03:18.162	0.93302	0.93311			6
2025.09.17	02:03:18.564	0.93303	0.93310			6
2025.09.17	02:03:19.109		0.93311			4
2025.09.17	02:03:20.196	0.93302				2
2025.09.17	02:03:22.239	0.93303				2
2025.09.17	02:03:25.411	0.93302				2
2025.09.17	02:03:33.429		0.93310			4
2025.09.17	02:03:40.387	0.93303				2
2025.09.17	02:03:41.730		0.93311			4
2025.09.17	02:03:44.373		0.93310			4
2025.09.17	02:03:48.372	0.93300				2
2025.09.17	02:03:52.157	0.93301				2
2025.09.17	02:03:53.172	0.93300				2
2025.09.17	02:04:00.264	0.93300				2
2025.09.17	02:04:03.040		0.93309			4
2025.09.17	02:04:03.676		0.93308			4
2025.09.17	02:04:04.725	0.93299				2
2025.09.17	02:04:07.824		0.93309			4
2025.09.17	02:04:08.368		0.93308			4
2025.09.17	02:04:12.024	0.93300	0.93307			6
2025.09.17	02:04:16.303	0.93299	0.93308			6
2025.09.17	02:04:20.743	0.93300	0.93309			6
2025.09.17	02:04:22.262	0.93301				2
2025.09.17	02:04:23.236	0.93299				2
2025.09.17	02:04:27.946	0.93300	0.93308			6
2025.09.17	02:04:29.213	0.93299	0.93309			6
2025.09.17	02:04:31.073	0.93300				2
2025.09.17	02:04:33.270	0.93299	0.93310			6
2025.09.17	02:04:35.470	0.93297	0.93307			6
2025.09.17	02:04:35.778	0.93298	0.93308			6
2025.09.17	02:04:36.772	0.93299				2
2025.09.17	02:04:37.367	0.93298				2
2025.09.17	02:04:48.809	0.93299				2
2025.09.17	02:04:55.028		0.93309			4
2025.09.17	02:04:56.062	0.93298	0.93308			6
2025.09.17	02:04:58.136		0.93309			4
2025.09.17	02:04:59.107		0.93308			4
2025.09.17	02:05:00.209	0.93298				2
2025.09.17	02:05:05.390		0.93309			4
2025.09.17	02:05:06.423		0.93308			4
2025.09.17	02:05:07.464		0.93309			4
2025.09.17	02:05:12.646		0.93308			4
2025.09.17	02:05:16.601	0.93299				2
2025.09.17	02:05:16.917	0.93298	0.93309			6
2025.09.17	02:05:23.007	0.93299				2
2025.09.17	02:05:26.112	0.93298	0.93308			6
2025.09.17	02:05:29.714		0.93306			4
2025.09.17	02:05:35.495	0.93297	0.93307			6
2025.09.17	02:05:40.062	0.93299				2
2025.09.17	02:05:41.141		0.93308			4
2025.09.17	02:05:52.529		0.93307			4
2025.09.17	02:05:55.828		0.93308			4
2025.09.17	02:05:56.678		0.93307			4
2025.09.17	02:06:00.539	0.93299				2
2025.09.17	02:06:01.321		0.93308			4
2025.09.17	02:06:01.853	0.93298				2
2025.09.17	02:06:03.939		0.93309			4
2025.09.17	02:06:06.014	0.93299	0.93308			6
2025.09.17	02:06:07.049	0.93298				2
2025.09.17	02:06:19.306	0.93299	0.93307			6
2025.09.17	02:06:19.613	0.93298	0.93308			6
2025.09.17	02:06:30.860	0.93299				2
2025.09.17	02:06:36.140	0.93298	0.93309			6
2025.09.17	02:06:37.103		0.93308			4
2025.09.17	02:06:41.029	0.93299	0.93306			6
2025.09.17	02:06:41.374	0.93298	0.93307			6
2025.09.17	02:06:42.282		0.93308			4
2025.09.17	02:06:43.205	0.93301	0.93309			6
2025.09.17	02:06:45.495		0.93308			4
2025.09.17	02:06:46.525		0.93309			4
2025.09.17	02:06:47.433		0.93308			4
2025.09.17	02:06:48.977		0.93309			4
2025.09.17	02:06:49.502		0.93308			4
2025.09.17	02:06:50.378		0.93310			4
2025.09.17	02:07:01.966	0.93298	0.93311			6
2025.09.17	02:07:03.037	0.93299				2
2025.09.17	02:07:03.777		0.93310			4
2025.09.17	02:07:13.414	0.93301	0.93308			6
2025.09.17	02:07:39.124		0.93310			4
2025.09.17	02:07:40.389	0.93302	0.93311			6
2025.09.17	02:07:44.221		0.93310			4
2025.09.17	02:07:45.487		0.93311			4
2025.09.17	02:07:46.513		0.93310			4
2025.09.17	02:07:57.985		0.93311			4
2025.09.17	02:08:00.533	0.93302	0.93310			6
2025.09.17	02:08:03.167		0.93311			4
2025.09.17	02:08:04.410		0.93310			4
2025.09.17	02:08:08.621		0.93311			4
2025.09.17	02:08:11.702	0.93301	0.93310			6
2025.09.17	02:08:12.010		0.93309			4
2025.09.17	02:08:13.807		0.93310			4
2025.09.17	02:08:26.618	0.93302	0.93309			6
2025.09.17	02:08:27.598		0.93312			4
2025.09.17	02:08:28.649	0.93303	0.93311			6
2025.09.17	02:08:30.385	0.93302				2
2025.09.17	02:08:34.745		0.93310			4
2025.09.17	02:08:35.048		0.93311			4
2025.09.17	02:08:50.382		0.93312			4
2025.09.17	02:08:52.099	0.93301	0.93314			6
2025.09.17	02:08:56.785		0.93313			4
2025.09.17	02:09:02.016	0.93302	0.93314			6
2025.09.17	02:09:10.579	0.93303	0.93313			6
2025.09.17	02:09:14.619	0.93302	0.93314			6
2025.09.17	02:09:16.889		0.93313			4
2025.09.17	02:09:18.069		0.93312			4
2025.09.17	02:09:25.852	0.93301	0.93314			6
2025.09.17	02:09:27.949	0.93302	0.93313			6
2025.09.17	02:09:30.439		0.93314			4
2025.09.17	02:09:38.194	0.93301	0.93312			6
2025.09.17	02:09:41.524	0.93300				2
2025.09.17	02:09:44.243	0.93302				2
2025.09.17	02:09:44.641	0.93303	0.93311			6
2025.09.17	02:09:45.366	0.93302	0.93313			6
2025.09.17	02:09:45.694	0.93303	0.93311			6
2025.09.17	02:09:46.388		0.93314			4
2025.09.17	02:09:46.924	0.93302	0.93315			6
2025.09.17	02:09:48.284	0.93303	0.93314			6
2025.09.17	02:09:52.227		0.93313			4
2025.09.17	02:09:52.793		0.93314			4
2025.09.17	02:09:54.299	0.93302	0.93313			6
2025.09.17	02:09:55.767	0.93303	0.93312			6
2025.09.17	02:09:59.478		0.93313			4
2025.09.17	02:10:00.435	0.93303	0.93312			6
2025.09.17	02:10:05.993		0.93313			4
2025.09.17	02:10:12.399		0.93312			4
2025.09.17	02:10:32.484		0.93314			4
2025.09.17	02:11:01.415	0.93303				2
2025.09.17	02:11:14.254		0.93313			4
2025.09.17	02:11:14.968	0.93302				2
2025.09.17	02:11:22.122	0.93301				2
2025.09.17	02:11:23.551	0.93300				2
2025.09.17	02:11:24.867	0.93301	0.93312			6
2025.09.17	02:11:43.518	0.93302				2
2025.09.17	02:11:44.258		0.93313			4
2025.09.17	02:11:45.452		0.93312			4
2025.09.17	02:11:45.918		0.93313			4
2025.09.17	02:11:49.794		0.93312			4
2025.09.17	02:11:50.820	0.93303				2
2025.09.17	02:11:53.416	0.93302	0.93313			6
2025.09.17	02:11:53.751	0.93303	0.93312			6
2025.09.17	02:11:54.059	0.93301	0.93311			6
2025.09.17	02:12:00.327	0.93301				2
2025.09.17	02:12:00.696	0.93302				2
2025.09.17	02:12:01.897	0.93303	0.93310			6
2025.09.17	02:12:06.967		0.93312			4
2025.09.17	02:12:14.229	0.93305	0.93316			6
2025.09.17	02:12:15.361	0.93306	0.93315			6
2025.09.17	02:12:19.882	0.93305	0.93319			6
2025.09.17	02:12:20.240	0.93306	0.93318			6
2025.09.17	02:12:22.316	0.93307	0.93317			6
2025.09.17	02:12:23.413	0.93306	0.93318			6
2025.09.17	02:12:25.804	0.93305	0.93319			6
2025.09.17	02:12:26.421		0.93317			4
2025.09.17	02:12:26.810		0.93316			4
2025.09.17	02:12:27.981	0.93306	0.93318			6
2025.09.17	02:12:29.035	0.93305				2
2025.09.17	02:12:44.115		0.93317			4
2025.09.17	02:12:44.421		0.93318			4
2025.09.17	02:12:45.088		0.93317			4
2025.09.17	02:12:48.212	0.93306				2
2025.09.17	02:12:50.292	0.93305	0.93313			6
2025.09.17	02:12:52.229		0.93314			4
2025.09.17	02:13:00.516	0.93305				2
2025.09.17	02:13:03.139	0.93302	0.93312			6
2025.09.17	02:13:04.102		0.93313			4
2025.09.17	02:13:10.074		0.93314			4
2025.09.17	02:13:10.486	0.93303	0.93313			6
2025.09.17	02:13:14.619	0.93302				2
2025.09.17	02:13:17.737		0.93312			4
2025.09.17	02:13:19.849	0.93301	0.93311			6
2025.09.17	02:13:21.104	0.93302				2
2025.09.17	02:13:21.466		0.93310			4
2025.09.17	02:13:23.453		0.93311			4
2025.09.17	02:13:24.144		0.93315			4
2025.09.17	02:13:24.473	0.93301				2
2025.09.17	02:13:24.890		0.93311			4
2025.09.17	02:13:31.698	0.93302				2
2025.09.17	02:13:33.107	0.93301				2
2025.09.17	02:13:33.430	0.93302	0.93312			6
2025.09.17	02:13:36.621	0.93301				2
2025.09.17	02:13:41.832		0.93313			4
2025.09.17	02:13:44.700	0.93302				2
2025.09.17	02:13:45.380	0.93303				2
2025.09.17	02:13:49.009		0.93312			4
2025.09.17	02:13:49.675		0.93313			4
2025.09.17	02:13:50.037		0.93312			4
2025.09.17	02:13:51.785		0.93313			4
2025.09.17	02:13:52.198	0.93304	0.93314			6
2025.09.17	02:13:52.499		0.93313			4
2025.09.17	02:13:55.856	0.93305	0.93314			6
2025.09.17	02:13:56.400		0.93315			4
2025.09.17	02:13:56.997		0.93313			4
2025.09.17	02:14:00.702	0.93305	0.93315			6
2025.09.17	02:14:05.987		0.93316			4
2025.09.17	02:14:06.850	0.93306	0.93315			6
2025.09.17	02:14:11.164	0.93307	0.93316			6
2025.09.17	02:14:11.477	0.93308				2
2025.09.17	02:14:11.868		0.93315			4
2025.09.17	02:14:12.181	0.93309	0.93317			6
2025.09.17	02:14:12.663		0.93318			4
2025.09.17	02:14:16.386	0.93310	0.93317			6
2025.09.17	02:14:17.066	0.93309	0.93318			6
2025.09.17	02:14:17.486		0.93317			4
2025.09.17	02:14:18.659		0.93319			4
2025.09.17	02:14:18.991		0.93317			4
2025.09.17	02:14:19.390		0.93319			4
2025.09.17	02:14:20.170		0.93317			4
2025.09.17	02:14:20.473		0.93319			4
2025.09.17	02:14:21.319		0.93317			4
2025.09.17	02:14:24.294		0.93318			4
2025.09.17	02:14:26.311		0.93317			4
2025.09.17	02:14:27.510		0.93319			4
2025.09.17	02:14:27.831		0.93317			4
2025.09.17	02:14:36.797	0.93310	0.93319			6
2025.09.17	02:14:37.253	0.93309	0.93317			6
2025.09.17	02:14:37.802	0.93310	0.93319			6
2025.09.17	02:14:38.262	0.93309	0.93317			6
2025.09.17	02:14:40.200		0.93320			4
2025.09.17	02:14:40.501		0.93318			4
2025.09.17	02:14:40.980	0.93308	0.93317			6
2025.09.17	02:14:41.918	0.93309	0.93318			6
2025.09.17	02:14:42.426		0.93317			4
2025.09.17	02:14:42.896		0.93318			4
2025.09.17	02:14:45.107		0.93317			4
2025.09.17	02:14:46.974	0.93307				2
2025.09.17	02:14:47.334	0.93306				2
2025.09.17	02:14:49.091	0.93307				2
2025.09.17	02:14:50.500	0.93306	0.93319			6
2025.09.17	02:14:50.872		0.93317			4
2025.09.17	02:14:52.662	0.93305				2
2025.09.17	02:14:56.809	0.93306				2
2025.09.17	02:14:57.389		0.93319			4
2025.09.17	02:14:57.840		0.93317			4
2025.09.17	02:15:00.306	0.93306				2
2025.09.17	02:15:02.649	0.93307				2
2025.09.17	02:15:03.251	0.93306				2
2025.09.17	02:15:03.668		0.93318			4
2025.09.17	02:15:04.573	0.93305				2
2025.09.17	02:15:05.160		0.93317			4
2025.09.17	02:15:17.034	0.93304				2
2025.09.17	02:15:17.436	0.93305	0.93316			6
2025.09.17	02:15:18.688	0.93304	0.93318			6
2025.09.17	02:15:19.108	0.93305	0.93317			6
2025.09.17	02:15:33.328		0.93316			4
2025.09.17	02:15:35.533		0.93317			4
2025.09.17	02:15:47.213		0.93316			4
2025.09.17	02:16:00.703	0.93305				2
2025.09.17	02:16:02.793		0.93317			4
2025.09.17	02:16:20.089	0.93304	0.93316			6
2025.09.17	02:16:25.845		0.93318			4
2025.09.17	02:16:26.431		0.93317			4
2025.09.17	02:16:33.472		0.93316			4
2025.09.17	02:16:34.364		0.93315			4
2025.09.17	02:16:39.067	0.93306	0.93318			6
2025.09.17	02:16:39.387	0.93308	0.93319			6
2025.09.17	02:16:42.521	0.93307				2
2025.09.17	02:16:46.345		0.93316			4
2025.09.17	02:16:47.363		0.93318			4
2025.09.17	02:16:47.676		0.93319			4
2025.09.17	02:16:52.211		0.93318			4
2025.09.17	02:16:52.664		0.93319			4
2025.09.17	02:16:54.881		0.93318			4
2025.09.17	02:16:58.356		0.93317			4
2025.09.17	02:16:59.373		0.93318			4
2025.09.17	02:17:00.474	0.93307	0.93317			6
2025.09.17	02:17:01.132		0.93318			4
2025.09.17	02:17:01.797		0.93319			4
2025.09.17	02:17:04.775		0.93318			4
2025.09.17	02:17:09.032		0.93317			4
2025.09.17	02:17:11.165		0.93316			4
2025.09.17	02:17:15.398		0.93317			4
2025.09.17	02:17:15.723		0.93316			4
2025.09.17	02:17:17.836		0.93318			4
2025.09.17	02:17:18.424		0.93317			4
2025.09.17	02:17:19.971		0.93315			4
2025.09.17	02:17:22.833		0.93316			4
2025.09.17	02:17:25.634		0.93317			4
2025.09.17	02:17:26.400		0.93316			4
2025.09.17	02:17:35.559	0.93306				2
2025.09.17	02:17:36.839	0.93307				2
2025.09.17	02:17:37.158	0.93306				2
2025.09.17	02:17:41.206	0.93307	0.93319			6
2025.09.17	02:17:47.619	0.93308	0.93318			6
2025.09.17	02:17:50.498	0.93307	0.93319			6
2025.09.17	02:17:53.099	0.93304	0.93317			6
2025.09.17	02:17:54.722	0.93305				2
2025.09.17	02:17:55.605	0.93304				2
2025.09.17	02:17:56.170	0.93305				2
2025.09.17	02:17:56.498	0.93304				2
2025.09.17	02:17:56.849	0.93305				2
2025.09.17	02:17:57.717	0.93304				2
2025.09.17	02:17:58.317	0.93305				2
2025.09.17	02:17:58.752	0.93304				2
2025.09.17	02:17:59.353	0.93305				2
2025.09.17	02:18:00.289	0.93305				2
2025.09.17	02:18:07.691	0.93304				2
2025.09.17	02:18:08.074	0.93305				2
2025.09.17	02:18:09.341	0.93304				2
2025.09.17	02:18:10.355	0.93305				2
2025.09.17	02:18:17.458	0.93304				2
2025.09.17	02:18:17.786	0.93305				2
2025.09.17	02:18:19.393		0.93316			4
2025.09.17	02:18:20.418	0.93304	0.93317			6
2025.09.17	02:18:22.507	0.93305	0.93316			6
2025.09.17	02:18:23.549	0.93304	0.93317			6
2025.09.17	02:18:30.393	0.93305				2
2025.09.17	02:18:33.509	0.93306	0.93318			6
2025.09.17	02:18:39.183		0.93317			4
2025.09.17	02:18:39.574		0.93315			4
2025.09.17	02:18:45.064		0.93318			4
2025.09.17	02:18:49.748	0.93307	0.93317			6
2025.09.17	02:18:56.225	0.93304	0.93315			6
2025.09.17	02:18:58.446	0.93305				2
2025.09.17	02:19:00.405	0.93305				2
2025.09.17	02:19:01.301		0.93316			4
2025.09.17	02:19:01.635		0.93315			4
2025.09.17	02:19:02.437		0.93316			4
2025.09.17	02:19:15.999		0.93315			4
2025.09.17	02:19:17.112		0.93316			4
2025.09.17	02:19:17.667		0.93314			4
2025.09.17	02:19:18.090		0.93315			4
2025.09.17	02:19:27.805		0.93314			4
2025.09.17	02:19:28.440		0.93315			4
2025.09.17	02:19:52.361		0.93314			4
2025.09.17	02:19:57.667	0.93306	0.93316			6
2025.09.17	02:20:00.316	0.93305				2
2025.09.17	02:20:04.909	0.93306	0.93315			6
2025.09.17	02:20:07.674	0.93304				2
2025.09.17	02:20:07.986	0.93305	0.93314			6
2025.09.17	02:20:10.381		0.93315			4
2025.09.17	02:20:10.856		0.93316			4
2025.09.17	02:20:11.500		0.93315			4
2025.09.17	02:20:19.360	0.93308	0.93318			6
2025.09.17	02:20:20.215	0.93309	0.93320			6
2025.09.17	02:20:21.685	0.93308				2
2025.09.17	02:20:25.904		0.93319			4
2025.09.17	02:20:45.753	0.93307	0.93318			6
2025.09.17	02:20:46.666		0.93319			4
2025.09.17	02:20:52.043		0.93318			4
2025.09.17	02:20:53.071		0.93319			4
2025.09.17	02:20:58.123	0.93308	0.93318			6
2025.09.17	02:20:59.172	0.93307				2
2025.09.17	02:21:00.441	0.93307	0.93319			6
2025.09.17	02:21:02.843	0.93308				2
2025.09.17	02:21:04.308		0.93318			4
2025.09.17	02:21:09.234	0.93307	0.93317			6
2025.09.17	02:21:15.848	0.93304	0.93315			6
2025.09.17	02:21:16.867		0.93314			4
2025.09.17	02:21:18.181		0.93316			4
2025.09.17	02:21:18.930		0.93314			4
2025.09.17	02:21:22.080	0.93305	0.93315			6
2025.09.17	02:21:26.619	0.93304				2
2025.09.17	02:21:27.910		0.93317			4
2025.09.17	02:21:30.472	0.93305				2
2025.09.17	02:21:40.707	0.93306				2
2025.09.17	02:21:42.956	0.93305				2
2025.09.17	02:21:48.426	0.93306				2
2025.09.17	02:21:51.947	0.93305				2
2025.09.17	02:21:53.822	0.93306				2
2025.09.17	02:21:58.252	0.93305				2
2025.09.17	02:22:00.739	0.93305	0.93316			6
2025.09.17	02:22:06.053		0.93317			4
2025.09.17	02:22:11.243		0.93316			4
2025.09.17	02:22:13.536	0.93309	0.93320			6
2025.09.17	02:22:14.350	0.93310	0.93322			6
2025.09.17	02:22:14.730	0.93311				2
2025.09.17	02:22:15.530	0.93308	0.93319			6
2025.09.17	02:22:16.330	0.93309				2
2025.09.17	02:22:17.823	0.93310	0.93320			6
2025.09.17	02:22:28.871	0.93309				2
2025.09.17	02:22:30.313	0.93310				2
2025.09.17	02:22:42.871	0.93312	0.93322			6
2025.09.17	02:22:43.270	0.93311				2
2025.09.17	02:22:44.950	0.93312				2
2025.09.17	02:22:48.347	0.93305	0.93315			6
2025.09.17	02:22:48.681	0.93306	0.93314			6
2025.09.17	02:22:49.416	0.93305	0.93316			6
2025.09.17	02:22:49.737		0.93315			4
2025.09.17	02:22:50.129		0.93314			4
2025.09.17	02:22:51.448	0.93307	0.93316			6
2025.09.17	02:22:52.452	0.93306	0.93317			6
2025.09.17	02:22:54.226	0.93307				2
2025.09.17	02:22:54.576	0.93305	0.93315			6
2025.09.17	02:22:59.808		0.93314			4
2025.09.17	02:23:00.441	0.93305				2
2025.09.17	02:23:01.373	0.93304	0.93313			6
2025.09.17	02:23:10.318	0.93305	0.93312			6
2025.09.17	02:23:10.775		0.93313			4
2025.09.17	02:23:11.273		0.93312			4
2025.09.17	02:23:11.638		0.93311			4
2025.09.17	02:23:11.973		0.93313			4
2025.09.17	02:23:14.509	0.93306	0.93314			6
2025.09.17	02:23:17.619	0.93305	0.93315			6
2025.09.17	02:23:18.876	0.93306	0.93314			6
2025.09.17	02:23:20.972	0.93305	0.93316			6
2025.09.17	02:23:21.377		0.93315			4
2025.09.17	02:23:22.080		0.93316			4
2025.09.17	02:23:23.230		0.93314			4
2025.09.17	02:23:23.625		0.93315			4
2025.09.17	02:23:27.575		0.93314			4
2025.09.17	02:23:30.647	0.93306				2
2025.09.17	02:23:31.138		0.93313			4
2025.09.17	02:23:31.737	0.93305	0.93314			6
2025.09.17	02:23:32.748	0.93306				2
2025.09.17	02:23:38.063	0.93305	0.93315			6
2025.09.17	02:23:38.377	0.93306				2
2025.09.17	02:23:40.376	0.93305	0.93316			6
2025.09.17	02:23:41.511	0.93306	0.93315			6
2025.09.17	02:23:45.379		0.93314			4
2025.09.17	02:23:46.140	0.93305				2
2025.09.17	02:23:50.700	0.93304	0.93313			6
2025.09.17	02:23:55.960	0.93302	0.93312			6
2025.09.17	02:23:56.368	0.93303	0.93311			6
2025.09.17	02:24:00.386	0.93303				2
2025.09.17	02:24:01.491		0.93312			4
2025.09.17	02:24:03.892		0.93311			4
2025.09.17	02:24:07.373	0.93304	0.93312			6
2025.09.17	02:24:16.439	0.93305	0.93314			6
2025.09.17	02:24:18.405	0.93306				2
2025.09.17	02:24:22.184	0.93307	0.93316			6
2025.09.17	02:24:25.373	0.93305	0.93313			6
2025.09.17	02:24:30.427		0.93314			4
2025.09.17	02:24:37.600	0.93304	0.93315			6
2025.09.17	02:24:44.095	0.93305				2
2025.09.17	02:24:45.393	0.93304				2
2025.09.17	02:24:57.577		0.93314			4
2025.09.17	02:25:00.684	0.93305				2
2025.09.17	02:25:03.950	0.93302	0.93312			6
2025.09.17	02:25:07.383	0.93303	0.93311			6
2025.09.17	02:25:13.975		0.93312			4
2025.09.17	02:25:20.779		0.93314			4
2025.09.17	02:25:23.344	0.93304				2
2025.09.17	02:25:36.874		0.93313			4
2025.09.17	02:25:42.481	0.93301				2
2025.09.17	02:25:46.884	0.93302				2
2025.09.17	02:26:00.227	0.93302				2
2025.09.17	02:26:37.710		0.93313			4
2025.09.17	02:27:00.083	0.93302				2
2025.09.17	02:27:36.824	0.93303				2
2025.09.17	02:27:37.731		0.93313			4
2025.09.17	02:27:38.248	0.93302	0.93312			6
2025.09.17	02:27:40.530	0.93303				2
2025.09.17	02:27:44.539		0.93313			4
2025.09.17	02:27:47.129	0.93302	0.93314			6
2025.09.17	02:27:50.992	0.93303	0.93313			6
2025.09.17	02:27:58.815		0.93312			4
2025.09.17	02:27:59.588	0.93301				2
2025.09.17	02:28:00.198	0.93301				2
2025.09.17	02:28:04.229	0.93302				2
2025.09.17	02:28:23.203	0.93301	0.93311			6
2025.09.17	02:28:30.431	0.93302				2
2025.09.17	02:28:31.961		0.93312			4
2025.09.17	02:28:47.941		0.93311			4
2025.09.17	02:28:58.509		0.93312			4
2025.09.17	02:29:03.378	0.93302				2
2025.09.17	02:29:07.939		0.93311			4
2025.09.17	02:29:15.562		0.93313			4
2025.09.17	02:29:25.260		0.93312			4
2025.09.17	02:29:44.917	0.93301	0.93311			6
2025.09.17	02:30:00.533	0.93301	0.93312			6
2025.09.17	02:30:01.628	0.93302				2
2025.09.17	02:30:20.924	0.93301				2
2025.09.17	02:30:30.095		0.93311			4
2025.09.17	02:30:45.367		0.93309			4
2025.09.17	02:31:00.823	0.93301				2
2025.09.17	02:31:09.737		0.93311			4
2025.09.17	02:31:14.820		0.93312			4
2025.09.17	02:31:15.263	0.93302	0.93313			6
2025.09.17	02:31:16.885		0.93312			4
2025.09.17	02:31:27.180		0.93311			4
2025.09.17	02:31:44.068		0.93312			4
2025.09.17	02:31:44.592		0.93314			4
2025.09.17	02:31:45.199		0.93313			4
2025.09.17	02:31:46.461	0.93303				2
2025.09.17	02:31:50.618	0.93302				2
2025.09.17	02:32:03.060	0.93303	0.93312			6
2025.09.17	02:32:12.735	0.93302	0.93308			6
2025.09.17	02:32:13.043	0.93301				2
2025.09.17	02:32:14.348	0.93304	0.93311			6
2025.09.17	02:32:24.261	0.93303	0.93313			6
2025.09.17	02:32:29.045	0.93304	0.93315			6
2025.09.17	02:32:39.872	0.93305	0.93314			6
2025.09.17	02:32:41.993		0.93313			4
2025.09.17	02:32:42.580	0.93303	0.93312			6
2025.09.17	02:33:01.271	0.93303				2
2025.09.17	02:33:06.884	0.93302				2
2025.09.17	02:33:41.297		0.93313			4
2025.09.17	02:34:00.212	0.93302				2
2025.09.17	02:34:02.617		0.93312			4
2025.09.17	02:34:10.117		0.93313			4
2025.09.17	02:34:21.044	0.93304	0.93311			6
2025.09.17	02:34:21.461	0.93303	0.93312			6
2025.09.17	02:34:23.525	0.93302				2
2025.09.17	02:34:29.770	0.93303	0.93314			6
2025.09.17	02:34:33.064		0.93313			4
2025.09.17	02:34:39.849		0.93314			4
2025.09.17	02:34:44.617		0.93313			4
2025.09.17	02:34:52.743	0.93302				2
2025.09.17	02:34:57.832	0.93303				2
2025.09.17	02:34:58.966	0.93302				2
2025.09.17	02:35:00.013	0.93302				2
2025.09.17	02:35:10.376	0.93301				2
2025.09.17	02:35:13.489		0.93312			4
2025.09.17	02:35:14.376		0.93313			4
2025.09.17	02:35:25.248	0.93300	0.93312			6
2025.09.17	02:35:30.785		0.93311			4
2025.09.17	02:35:40.584		0.93312			4
2025.09.17	02:35:44.325	0.93301				2
2025.09.17	02:35:50.478		0.93313			4
2025.09.17	02:36:06.635	0.93300	0.93312			6
2025.09.17	02:36:23.814	0.93301				2
2025.09.17	02:36:45.359	0.93303	0.93311			6
2025.09.17	02:36:50.621		0.93312			4
2025.09.17	02:36:54.964	0.93302	0.93314			6
2025.09.17	02:37:00.127	0.93302				2
2025.09.17	02:37:06.000	0.93303	0.93312			6
2025.09.17	02:37:17.128		0.93311			4
2025.09.17	02:37:18.171	0.93302	0.93313			6
2025.09.17	02:37:35.024	0.93301	0.93312			6
2025.09.17	02:37:42.173	0.93302	0.93313			6
2025.09.17	02:37:53.946	0.93301	0.93312			6
2025.09.17	02:37:55.491		0.93313			4
2025.09.17	02:37:56.678	0.93304	0.93314			6
2025.09.17	02:37:57.399	0.93303	0.93312			6
2025.09.17	02:37:57.702	0.93304	0.93311			6
2025.09.17	02:37:58.007	0.93305				2
2025.09.17	02:37:58.334	0.93304				2
2025.09.17	02:38:00.445	0.93303				2
2025.09.17	02:38:01.691	0.93304				2
2025.09.17	02:38:02.774	0.93303				2
2025.09.17	02:38:04.053	0.93304				2
2025.09.17	02:38:04.432	0.93303	0.93312			6
2025.09.17	02:38:06.444	0.93304	0.93311			6
2025.09.17	02:38:07.011	0.93303	0.93312			6
2025.09.17	02:38:09.388		0.93311			4
2025.09.17	02:38:09.713		0.93312			4
2025.09.17	02:38:11.488		0.93310			4
2025.09.17	02:38:11.798		0.93311			4
2025.09.17	02:38:13.633	0.93304				2
2025.09.17	02:38:13.937	0.93303				2
2025.09.17	02:38:16.010		0.93310			4
2025.09.17	02:38:17.965		0.93309			4
2025.09.17	02:38:18.434		0.93310			4
2025.09.17	02:38:20.086		0.93311			4
2025.09.17	02:38:20.838	0.93304				2
2025.09.17	02:38:21.731		0.93312			4
2025.09.17	02:38:22.042	0.93303	0.93311			6
2025.09.17	02:38:25.845		0.93312			4
2025.09.17	02:38:26.284	0.93301	0.93308			6
2025.09.17	02:38:35.620	0.93300				2
2025.09.17	02:38:36.449	0.93299				2
2025.09.17	02:38:40.199	0.93300				2
2025.09.17	02:38:45.613		0.93307			4
2025.09.17	02:38:57.811	0.93297	0.93305			6
2025.09.17	02:38:58.567	0.93296				2
2025.09.17	02:39:00.354	0.93296				2
2025.09.17	02:39:04.225		0.93306			4
2025.09.17	02:39:08.825	0.93299	0.93310			6
2025.09.17	02:39:09.460		0.93309			4
2025.09.17	02:39:10.153	0.93303	0.93313			6
2025.09.17	02:39:10.460	0.93304	0.93312			6
2025.09.17	02:39:10.815	0.93303	0.93313			6
2025.09.17	02:39:32.061	0.93304	0.93312			6
2025.09.17	02:39:42.345		0.93313			4
2025.09.17	02:39:45.865		0.93312			4
2025.09.17	02:40:00.584	0.93303	0.93313			6
2025.09.17	02:40:01.400		0.93314			4
2025.09.17	02:40:03.983	0.93304				2
2025.09.17	02:40:08.620	0.93305				2
2025.09.17	02:40:19.707	0.93306	0.93313			6
2025.09.17	02:40:23.391	0.93305	0.93314			6
2025.09.17	02:40:29.937	0.93306				2
2025.09.17	02:40:30.262	0.93308				2
2025.09.17	02:40:30.625		0.93316			4
2025.09.17	02:40:41.319	0.93307	0.93317			6
2025.09.17	02:40:49.376		0.93316			4
2025.09.17	02:40:51.481	0.93306	0.93315			6
2025.09.17	02:40:52.352	0.93307	0.93316			6
2025.09.17	02:40:52.804	0.93305	0.93313			6
2025.09.17	02:40:53.118	0.93307	0.93316			6
2025.09.17	02:41:00.008	0.93307				2
2025.09.17	02:41:00.449	0.93306				2
2025.09.17	02:41:04.226		0.93317			4
2025.09.17	02:41:05.322		0.93316			4
2025.09.17	02:41:09.302		0.93317			4
2025.09.17	02:41:26.835		0.93315			4
2025.09.17	02:41:28.289		0.93314			4
2025.09.17	02:41:39.954	0.93304	0.93316			6
2025.09.17	02:41:41.587	0.93305	0.93315			6
2025.09.17	02:41:49.384		0.93316			4
2025.09.17	02:41:49.789		0.93319			4
2025.09.17	02:41:52.617	0.93306	0.93317			6
2025.09.17	02:42:00.595	0.93305	0.93316			6
2025.09.17	02:42:23.180	0.93304	0.93317			6
2025.09.17	02:42:37.831		0.93318			4
2025.09.17	02:42:49.136	0.93305	0.93317			6
2025.09.17	02:42:50.532	0.93304				2
2025.09.17	02:42:52.307		0.93316			4
2025.09.17	02:42:54.742	0.93305	0.93317			6
2025.09.17	02:42:59.557		0.93316			4
2025.09.17	02:43:00.532	0.93305				2
2025.09.17	02:43:05.577		0.93317			4
2025.09.17	02:43:20.432	0.93304	0.93316			6
2025.09.17	02:43:20.740		0.93314			4
2025.09.17	02:43:39.707	0.93305	0.93317			6
2025.09.17	02:43:49.585	0.93304	0.93316			6
2025.09.17	02:44:00.189	0.93303				2
2025.09.17	02:44:00.664	0.93304				2
2025.09.17	02:44:08.000		0.93317			4
2025.09.17	02:44:09.624	0.93301	0.93313			6
2025.09.17	02:44:09.943		0.93314			4
2025.09.17	02:44:33.305	0.93302	0.93313			6
2025.09.17	02:44:33.731	0.93301	0.93311			6
2025.09.17	02:44:34.159	0.93300	0.93312			6
2025.09.17	02:44:38.621		0.93311			4
2025.09.17	02:44:40.212	0.93299				2
2025.09.17	02:44:42.541		0.93312			4
2025.09.17	02:44:47.735	0.93297	0.93309			6
2025.09.17	02:44:48.399	0.93298	0.93310			6
2025.09.17	02:44:50.946		0.93311			4
2025.09.17	02:44:53.684	0.93295	0.93308			6
2025.09.17	02:44:54.772	0.93296	0.93307			6
2025.09.17	02:44:55.080		0.93309			4
2025.09.17	02:44:55.392		0.93306			4
2025.09.17	02:44:56.177	0.93298	0.93307			6
2025.09.17	02:44:58.266	0.93299	0.93311			6
2025.09.17	02:45:00.443	0.93299				2
2025.09.17	02:45:02.345		0.93310			4
2025.09.17	02:45:02.822		0.93308			4
2025.09.17	02:45:06.601		0.93309			4
2025.09.17	02:45:09.227		0.93310			4
2025.09.17	02:45:10.348		0.93309			4
2025.09.17	02:45:10.652		0.93310			4
2025.09.17	02:45:14.337	0.93298	0.93309			6
2025.09.17	02:45:18.237	0.93300	0.93311			6
2025.09.17	02:45:18.538		0.93312			4
2025.09.17	02:45:20.317		0.93310			4
2025.09.17	02:45:41.726		0.93311			4
2025.09.17	02:45:53.367	0.93299	0.93313			6
2025.09.17	02:45:54.389	0.93301	0.93312			6
2025.09.17	02:45:55.479		0.93313			4
2025.09.17	02:45:56.434		0.93312			4
2025.09.17	02:45:56.925		0.93313			4
2025.09.17	02:45:58.266	0.93300	0.93311			6
2025.09.17	02:46:00.438	0.93300	0.93312			6
2025.09.17	02:46:02.636		0.93311			4
2025.09.17	02:46:26.496		0.93310			4
2025.09.17	02:46:27.665		0.93311			4
2025.09.17	02:46:58.484	0.93305	0.93308			6
2025.09.17	02:46:58.827		0.93310			4
2025.09.17	02:46:59.869	0.93304				2
2025.09.17	02:47:00.533	0.93304				2
2025.09.17	02:47:01.583		0.93309			4
2025.09.17	02:47:02.066	0.93305				2
2025.09.17	02:47:02.379	0.93304				2
2025.09.17	02:47:04.725	0.93300	0.93312			6
2025.09.17	02:47:08.346		0.93311			4
2025.09.17	02:47:13.559		0.93312			4
2025.09.17	02:47:17.582		0.93311			4
2025.09.17	02:47:17.913		0.93312			4
2025.09.17	02:47:18.813		0.93313			4
2025.09.17	02:47:20.347	0.93299	0.93311			6
2025.09.17	02:47:25.144	0.93298	0.93308			6
2025.09.17	02:47:29.479		0.93309			4
2025.09.17	02:47:30.417		0.93308			4
2025.09.17	02:47:31.340		0.93307			4
2025.09.17	02:47:52.776		0.93309			4
2025.09.17	02:47:54.676		0.93308			4
2025.09.17	02:48:00.638	0.93298	0.93307			6
2025.09.17	02:48:23.916		0.93309			4
2025.09.17	02:48:32.834		0.93310			4
2025.09.17	02:48:33.298		0.93309			4
2025.09.17	02:48:37.940	0.93297				2
2025.09.17	02:48:43.185		0.93308			4
2025.09.17	02:48:43.502		0.93307			4
2025.09.17	02:48:50.725	0.93296				2
2025.09.17	02:48:52.137		0.93308			4
2025.09.17	02:48:53.113		0.93307			4
2025.09.17	02:49:00.214	0.93297				2
2025.09.17	02:49:04.010	0.93295	0.93308			6
2025.09.17	02:49:05.079		0.93307			4
2025.09.17	02:49:19.720	0.93297				2
2025.09.17	02:49:29.423		0.93308			4
2025.09.17	02:49:30.522		0.93307			4
2025.09.17	02:49:37.338		0.93308			4
2025.09.17	02:49:41.977		0.93307			4
2025.09.17	02:49:48.860	0.93294	0.93304			6
2025.09.17	02:49:59.758	0.93295	0.93303			6
2025.09.17	02:50:00.193	0.93295				2
2025.09.17	02:50:09.390		0.93305			4
2025.09.17	02:50:14.478		0.93303			4
2025.09.17	02:50:20.513	0.93294	0.93302			6
2025.09.17	02:50:21.160	0.93295	0.93303			6
2025.09.17	02:50:22.417	0.93298	0.93305			6
2025.09.17	02:50:23.600	0.93297	0.93304			6
2025.09.17	02:50:24.348		0.93305			4
2025.09.17	02:50:30.392	0.93298	0.93306			6
2025.09.17	02:50:34.145		0.93308			4
2025.09.17	02:50:36.479	0.93299	0.93307			6
2025.09.17	02:50:36.855		0.93306			4
2025.09.17	02:50:40.504		0.93307			4
2025.09.17	02:50:42.274		0.93306			4
2025.09.17	02:50:42.580		0.93307			4
2025.09.17	02:50:46.400		0.93308			4
2025.09.17	02:50:50.664		0.93307			4
2025.09.17	02:51:00.543	0.93299	0.93306			6
2025.09.17	02:51:14.882	0.93296	0.93305			6
2025.09.17	02:51:15.920	0.93298	0.93306			6
2025.09.17	02:51:17.001		0.93305			4
2025.09.17	02:51:19.101	0.93296	0.93304			6
2025.09.17	02:51:19.407	0.93297	0.93305			6
