<DATE>	<TIME>	<BID>	<ASK>	<LAST>	<VOLUME>	<FLAGS>
2025.05.28	00:03:31.187	0.93687	0.93757			6
2025.05.28	00:05:02.466	0.93651	0.93828			6
2025.05.28	00:05:30.803		0.93835			4
2025.05.28	00:05:36.639		0.93832			4
2025.05.28	00:05:58.072		0.93829			4
2025.05.28	00:06:00.666	0.93651				2
2025.05.28	00:06:05.935		0.93841			4
2025.05.28	00:06:06.442		0.93843			4
2025.05.28	00:06:19.511		0.93852			4
2025.05.28	00:06:40.656		0.93846			4
2025.05.28	00:06:48.360		0.93842			4
2025.05.28	00:06:49.427		0.93843			4
2025.05.28	00:06:49.743		0.93842			4
2025.05.28	00:06:50.359		0.93843			4
2025.05.28	00:07:18.599	0.93651				2
2025.05.28	00:07:32.769		0.93856			4
2025.05.28	00:07:35.283		0.93859			4
2025.05.28	00:07:44.518	0.93677	0.93862			6
2025.05.28	00:07:46.500		0.93867			4
2025.05.28	00:07:48.573		0.93861			4
2025.05.28	00:07:52.773		0.93881			4
2025.05.28	00:07:53.379		0.93882			4
2025.05.28	00:07:56.771		0.93855			4
2025.05.28	00:08:12.671	0.93677	0.93856			6
2025.05.28	00:08:22.535		0.93854			4
2025.05.28	00:08:25.364		0.93844			4
2025.05.28	00:08:26.419		0.93850			4
2025.05.28	00:08:39.519	0.93681	0.93813			6
2025.05.28	00:08:53.439		0.93812			4
2025.05.28	00:08:55.500		0.93849			4
2025.05.28	00:09:00.452	0.93681				2
2025.05.28	00:09:02.503		0.93814			4
2025.05.28	00:09:06.538		0.93812			4
2025.05.28	00:09:22.205		0.93810			4
2025.05.28	00:09:57.576		0.93807			4
2025.05.28	00:10:02.943	0.93681	0.93821			6
2025.05.28	00:10:03.550		0.93834			4
2025.05.28	00:10:04.037		0.93835			4
2025.05.28	00:10:06.537		0.93819			4
2025.05.28	00:10:09.028		0.93822			4
2025.05.28	00:10:11.462		0.93823			4
2025.05.28	00:10:12.539		0.93820			4
2025.05.28	00:10:18.104		0.93818			4
2025.05.28	00:10:19.903		0.93821			4
2025.05.28	00:10:23.897		0.93819			4
2025.05.28	00:10:24.543		0.93825			4
2025.05.28	00:10:27.181		0.93826			4
2025.05.28	00:10:28.622		0.93825			4
2025.05.28	00:10:33.997		0.93826			4
2025.05.28	00:10:36.747		0.93825			4
2025.05.28	00:10:39.799		0.93823			4
2025.05.28	00:10:42.873		0.93824			4
2025.05.28	00:10:44.658		0.93830			4
2025.05.28	00:10:47.157		0.93829			4
2025.05.28	00:10:49.035		0.93830			4
2025.05.28	00:10:54.225	0.93661	0.93847			6
2025.05.28	00:10:59.096	0.93681	0.93828			6
2025.05.28	00:10:59.999	0.93661	0.93847			6
2025.05.28	00:11:06.056	0.93681	0.93828			6
2025.05.28	00:11:06.406		0.93829			4
2025.05.28	00:11:06.962	0.93661	0.93847			6
2025.05.28	00:11:13.016	0.93681	0.93829			6
2025.05.28	00:11:13.473		0.93831			4
2025.05.28	00:11:13.994	0.93661	0.93847			6
2025.05.28	00:11:16.919	0.93653	0.93884			6
2025.05.28	00:11:20.068	0.93681	0.93832			6
2025.05.28	00:11:20.967	0.93653	0.93884			6
2025.05.28	00:11:27.051	0.93681	0.93822			6
2025.05.28	00:11:27.668	0.93653	0.93884			6
2025.05.28	00:11:28.149	0.93656	0.93883			6
2025.05.28	00:11:38.521		0.93867			4
2025.05.28	00:11:48.542	0.93660	0.93828			6
2025.05.28	00:12:06.539	0.93653	0.93867			6
2025.05.28	00:12:08.199	0.93663	0.93827			6
2025.05.28	00:12:45.505	0.93664	0.93816			6
2025.05.28	00:12:46.100	0.93663	0.93826			6
2025.05.28	00:12:46.532	0.93653				2
2025.05.28	00:13:00.574	0.93653				2
2025.05.28	00:13:13.366		0.93830			4
2025.05.28	00:13:16.649		0.93842			4
2025.05.28	00:13:20.265		0.93852			4
2025.05.28	00:13:32.540		0.93845			4
2025.05.28	00:13:35.324		0.93852			4
2025.05.28	00:14:10.568	0.93653				2
2025.05.28	00:14:50.914		0.93852			4
2025.05.28	00:14:52.946		0.93856			4
2025.05.28	00:15:00.463	0.93653	0.93852			6
2025.05.28	00:15:01.448		0.93845			4
2025.05.28	00:15:05.423		0.93830			4
2025.05.28	00:15:17.446		0.93863			4
2025.05.28	00:16:48.037	0.93719	0.93809			6
2025.05.28	00:16:48.771		0.93808			4
2025.05.28	00:16:52.444		0.93807			4
2025.05.28	00:16:53.284		0.93805			4
2025.05.28	00:16:53.990		0.93803			4
2025.05.28	00:16:55.474		0.93797			4
2025.05.28	00:16:57.051		0.93796			4
2025.05.28	00:17:01.398	0.93719	0.93794			6
2025.05.28	00:17:05.226		0.93792			4
2025.05.28	00:17:06.300		0.93791			4
2025.05.28	00:17:06.985		0.93794			4
2025.05.28	00:17:07.357		0.93793			4
2025.05.28	00:17:07.781		0.93792			4
2025.05.28	00:17:09.763		0.93790			4
2025.05.28	00:17:11.822		0.93789			4
2025.05.28	00:17:13.805		0.93788			4
2025.05.28	00:17:15.292		0.93787			4
2025.05.28	00:17:15.763		0.93786			4
2025.05.28	00:17:18.069		0.93784			4
2025.05.28	00:17:21.325		0.93783			4
2025.05.28	00:17:22.035		0.93787			4
2025.05.28	00:17:23.613		0.93786			4
2025.05.28	00:17:26.309		0.93787			4
2025.05.28	00:17:29.937		0.93786			4
2025.05.28	00:17:31.847		0.93785			4
2025.05.28	00:17:36.393		0.93792			4
2025.05.28	00:17:37.104		0.93780			4
2025.05.28	00:17:41.389		0.93779			4
2025.05.28	00:17:44.854	0.93653	0.93796			6
2025.05.28	00:17:57.362		0.93805			4
2025.05.28	00:18:00.569	0.93677				2
2025.05.28	00:18:39.321	0.93661				2
2025.05.28	00:18:58.639		0.93805			4
2025.05.28	00:19:00.585	0.93672				2
2025.05.28	00:19:01.282		0.93799			4
2025.05.28	00:19:11.191	0.93660				2
2025.05.28	00:19:11.567		0.93832			4
2025.05.28	00:19:13.200	0.93653				2
2025.05.28	00:19:37.874	0.93695				2
2025.05.28	00:19:40.918		0.93800			4
2025.05.28	00:19:41.237	0.93653	0.93838			6
2025.05.28	00:19:43.561	0.93636				2
2025.05.28	00:19:44.878		0.93830			4
2025.05.28	00:19:55.382	0.93680				2
2025.05.28	00:20:00.583	0.93636	0.93838			6
2025.05.28	00:20:15.730	0.93653	0.93833			6
2025.05.28	00:20:34.790	0.93643	0.93816			6
2025.05.28	00:20:38.444		0.93813			4
2025.05.28	00:21:10.571	0.93643				2
2025.05.28	00:21:17.422	0.93686				2
2025.05.28	00:21:17.897	0.93683				2
2025.05.28	00:21:21.423	0.93673	0.93790			6
2025.05.28	00:21:22.557	0.93669	0.93808			6
2025.05.28	00:21:23.748	0.93683				2
2025.05.28	00:21:25.918		0.93790			4
2025.05.28	00:21:33.540	0.93673				2
2025.05.28	00:21:35.922	0.93653	0.93806			6
2025.05.28	00:21:49.937	0.93680	0.93813			6
2025.05.28	00:21:50.747		0.93819			4
2025.05.28	00:21:52.123	0.93694	0.93801			6
2025.05.28	00:21:54.721	0.93653	0.93806			6
2025.05.28	00:22:03.404	0.93653	0.93820			6
2025.05.28	00:22:05.150		0.93830			4
2025.05.28	00:22:07.845	0.93675	0.93847			6
2025.05.28	00:22:10.497	0.93679	0.93808			6
2025.05.28	00:22:30.573	0.93697				2
2025.05.28	00:22:35.009	0.93701	0.93820			6
2025.05.28	00:22:37.137	0.93697	0.93808			6
2025.05.28	00:22:45.832	0.93653	0.93833			6
2025.05.28	00:22:54.900	0.93654				2
2025.05.28	00:22:55.799	0.93658				2
2025.05.28	00:22:56.157	0.93657				2
2025.05.28	00:22:56.999	0.93659				2
2025.05.28	00:22:57.304	0.93662				2
2025.05.28	00:22:58.199	0.93663				2
2025.05.28	00:22:58.804	0.93665				2
2025.05.28	00:22:59.400	0.93666				2
2025.05.28	00:22:59.999	0.93668				2
2025.05.28	00:23:00.899	0.93679	0.93840			6
2025.05.28	00:23:01.217	0.93682	0.93853			6
2025.05.28	00:23:01.805	0.93690				2
2025.05.28	00:23:22.198	0.93691				2
2025.05.28	00:23:23.704	0.93692				2
2025.05.28	00:23:30.963	0.93691	0.93848			6
2025.05.28	00:23:31.408	0.93690				2
2025.05.28	00:23:34.802	0.93689				2
2025.05.28	00:23:46.136	0.93690	0.93853			6
2025.05.28	00:23:51.832	0.93691				2
2025.05.28	00:23:54.315	0.93692				2
2025.05.28	00:24:10.566	0.93692				2
2025.05.28	00:24:21.037	0.93693	0.93860			6
2025.05.28	00:25:01.304	0.93688				2
2025.05.28	00:25:15.480	0.93687				2
2025.05.28	00:25:18.017	0.93689	0.93879			6
2025.05.28	00:25:22.134	0.93687	0.93864			6
2025.05.28	00:25:30.742	0.93688				2
2025.05.28	00:25:33.071		0.93837			4
2025.05.28	00:25:33.376	0.93689	0.93836			6
2025.05.28	00:25:33.751	0.93690	0.93834			6
2025.05.28	00:25:35.372	0.93686	0.93837			6
2025.05.28	00:25:39.727	0.93692	0.93833			6
2025.05.28	00:25:47.398	0.93686	0.93837			6
2025.05.28	00:25:50.479		0.93836			4
2025.05.28	00:25:51.000		0.93837			4
2025.05.28	00:26:03.775	0.93685	0.93823			6
2025.05.28	00:26:04.102	0.93698	0.93844			6
2025.05.28	00:26:09.444	0.93686				2
2025.05.28	00:26:13.435	0.93698				2
2025.05.28	00:26:18.646	0.93686				2
2025.05.28	00:26:21.545	0.93698				2
2025.05.28	00:27:00.426	0.93698				2
2025.05.28	00:27:06.599		0.93844			4
2025.05.28	00:27:16.556	0.93708				2
2025.05.28	00:28:00.918	0.93708				2
2025.05.28	00:28:11.559		0.93844			4
2025.05.28	00:28:25.926		0.93823			4
2025.05.28	00:29:00.567	0.93708				2
2025.05.28	00:29:06.557	0.93706	0.93817			6
2025.05.28	00:30:00.374	0.93695				2
2025.05.28	00:30:07.167		0.93817			4
2025.05.28	00:30:10.800	0.93694				2
2025.05.28	00:30:28.800	0.93695				2
2025.05.28	00:30:30.128	0.93694				2
2025.05.28	00:30:44.728	0.93690				2
2025.05.28	00:30:46.203	0.93691				2
2025.05.28	00:30:50.572	0.93697				2
2025.05.28	00:30:51.124	0.93700				2
2025.05.28	00:30:54.163	0.93699				2
2025.05.28	00:30:54.668	0.93697				2
2025.05.28	00:30:55.574	0.93695				2
2025.05.28	00:30:56.524	0.93692				2
2025.05.28	00:30:57.001	0.93693				2
2025.05.28	00:30:57.307	0.93701				2
2025.05.28	00:30:58.582	0.93697				2
2025.05.28	00:31:00.379	0.93691				2
2025.05.28	00:31:01.601	0.93690				2
2025.05.28	00:31:03.119	0.93689				2
2025.05.28	00:31:04.757	0.93685				2
2025.05.28	00:31:06.601	0.93684				2
2025.05.28	00:31:09.603		0.93817			4
2025.05.28	00:31:23.560	0.93685				2
2025.05.28	00:32:00.384	0.93684				2
2025.05.28	00:32:10.941		0.93817			4
2025.05.28	00:32:49.200	0.93683				2
2025.05.28	00:32:50.564	0.93684				2
2025.05.28	00:33:00.406	0.93684				2
2025.05.28	00:33:03.301	0.93683				2
2025.05.28	00:33:11.399		0.93817			4
2025.05.28	00:33:12.702	0.93685				2
2025.05.28	00:33:13.206	0.93686				2
2025.05.28	00:33:13.739	0.93685				2
2025.05.28	00:33:14.101	0.93686				2
2025.05.28	00:33:16.502	0.93701				2
2025.05.28	00:33:16.812	0.93702				2
2025.05.28	00:33:18.653	0.93703				2
2025.05.28	00:33:19.200	0.93701				2
2025.05.28	00:33:19.661	0.93698				2
2025.05.28	00:33:20.408	0.93697				2
2025.05.28	00:33:21.131	0.93698				2
2025.05.28	00:33:21.613	0.93697				2
2025.05.28	00:33:22.119	0.93696				2
2025.05.28	00:33:22.623	0.93697				2
2025.05.28	00:33:23.121	0.93693				2
2025.05.28	00:33:25.018	0.93695				2
2025.05.28	00:33:27.140	0.93693				2
2025.05.28	00:33:29.518	0.93694				2
2025.05.28	00:33:30.608	0.93693				2
2025.05.28	00:33:35.699	0.93694				2
2025.05.28	00:33:36.299	0.93695				2
2025.05.28	00:33:37.061	0.93694				2
2025.05.28	00:33:37.499	0.93693				2
2025.05.28	00:33:37.886	0.93695				2
2025.05.28	00:33:42.947	0.93694				2
2025.05.28	00:33:44.698	0.93693				2
2025.05.28	00:33:55.019	0.93689				2
2025.05.28	00:34:00.139	0.93688				2
2025.05.28	00:34:12.299		0.93817			4
2025.05.28	00:34:13.138	0.93687				2
2025.05.28	00:34:14.699	0.93688				2
2025.05.28	00:34:16.199	0.93687				2
2025.05.28	00:34:23.776	0.93688				2
2025.05.28	00:34:25.015	0.93692				2
2025.05.28	00:34:31.803	0.93693				2
2025.05.28	00:34:32.658	0.93687				2
2025.05.28	00:34:33.048	0.93691				2
2025.05.28	00:34:33.549	0.93690				2
2025.05.28	00:34:34.047	0.93691				2
2025.05.28	00:34:35.021	0.93688				2
2025.05.28	00:34:37.641	0.93687				2
2025.05.28	00:34:52.886	0.93685				2
2025.05.28	00:34:53.318	0.93687				2
2025.05.28	00:34:53.705	0.93686				2
2025.05.28	00:34:57.005	0.93687				2
2025.05.28	00:35:00.923	0.93687				2
2025.05.28	00:35:17.156		0.93817			4
2025.05.28	00:35:17.496	0.93688				2
2025.05.28	00:35:19.655	0.93686				2
2025.05.28	00:35:20.053	0.93688				2
2025.05.28	00:35:20.400	0.93687				2
2025.05.28	00:35:24.659	0.93686				2
2025.05.28	00:35:25.068	0.93687				2
2025.05.28	00:35:35.573	0.93689				2
2025.05.28	00:35:36.116	0.93687				2
2025.05.28	00:35:37.199	0.93686				2
2025.05.28	00:36:01.200	0.93686				2
2025.05.28	00:36:02.657	0.93684				2
2025.05.28	00:36:03.024	0.93685				2
2025.05.28	00:36:05.890	0.93688				2
2025.05.28	00:36:06.882	0.93687				2
2025.05.28	00:36:14.547	0.93686				2
2025.05.28	00:36:18.126		0.93817			4
2025.05.28	00:36:31.159	0.93688				2
2025.05.28	00:36:32.157	0.93687				2
2025.05.28	00:36:36.003	0.93688				2
2025.05.28	00:36:49.517	0.93687				2
2025.05.28	00:36:53.540	0.93688				2
2025.05.28	00:36:56.274	0.93693				2
2025.05.28	00:36:56.618	0.93698				2
2025.05.28	00:36:57.484	0.93695				2
2025.05.28	00:36:57.901	0.93694				2
2025.05.28	00:37:00.697	0.93693				2
2025.05.28	00:37:03.469	0.93694				2
2025.05.28	00:37:03.816	0.93692				2
2025.05.28	00:37:05.188	0.93693				2
2025.05.28	00:37:10.559	0.93695	0.93837			6
2025.05.28	00:37:10.866	0.93694				2
2025.05.28	00:37:11.209	0.93695				2
2025.05.28	00:37:11.964	0.93694				2
2025.05.28	00:37:12.365	0.93695				2
2025.05.28	00:37:18.676	0.93694				2
2025.05.28	00:37:20.700	0.93699				2
2025.05.28	00:37:22.403	0.93700				2
2025.05.28	00:37:23.541	0.93680				2
2025.05.28	00:37:25.727		0.93844			4
2025.05.28	00:37:29.456	0.93677				2
2025.05.28	00:37:29.759	0.93690				2
2025.05.28	00:37:30.088	0.93689				2
2025.05.28	00:37:31.063	0.93690				2
2025.05.28	00:37:33.784	0.93692				2
2025.05.28	00:37:34.103	0.93693				2
2025.05.28	00:37:34.423	0.93695				2
2025.05.28	00:37:37.562	0.93694				2
2025.05.28	00:37:41.414	0.93695				2
2025.05.28	00:37:43.561	0.93694				2
2025.05.28	00:37:44.480	0.93695				2
2025.05.28	00:37:48.654	0.93692				2
2025.05.28	00:37:51.427	0.93694				2
2025.05.28	00:37:52.650	0.93695				2
2025.05.28	00:37:54.428	0.93694				2
2025.05.28	00:37:56.551	0.93693				2
2025.05.28	00:37:58.158	0.93692				2
2025.05.28	00:37:58.607	0.93693				2
2025.05.28	00:38:00.325	0.93694				2
2025.05.28	00:38:02.156	0.93695				2
2025.05.28	00:38:02.756	0.93696				2
2025.05.28	00:38:03.104	0.93697				2
2025.05.28	00:38:03.734	0.93695				2
2025.05.28	00:38:04.118	0.93696				2
2025.05.28	00:38:04.499	0.93697				2
2025.05.28	00:38:05.403	0.93698				2
2025.05.28	00:38:07.199	0.93697				2
2025.05.28	00:38:08.655	0.93695				2
2025.05.28	00:38:11.225	0.93694				2
2025.05.28	00:38:14.900	0.93695				2
2025.05.28	00:38:15.598	0.93694				2
2025.05.28	00:38:16.041	0.93695				2
2025.05.28	00:38:17.024	0.93690				2
2025.05.28	00:38:18.954	0.93691				2
2025.05.28	00:38:20.284	0.93692				2
2025.05.28	00:38:20.661	0.93693				2
2025.05.28	00:38:23.617	0.93695				2
2025.05.28	00:38:24.552	0.93693				2
2025.05.28	00:38:25.135	0.93692				2
2025.05.28	00:38:25.920		0.93844			4
2025.05.28	00:38:27.291	0.93693				2
2025.05.28	00:38:28.667	0.93694				2
2025.05.28	00:38:29.431	0.93695				2
2025.05.28	00:38:33.301	0.93697				2
2025.05.28	00:38:37.054	0.93698				2
2025.05.28	00:38:39.566	0.93699				2
2025.05.28	00:38:41.401	0.93700				2
2025.05.28	00:38:41.738	0.93698				2
2025.05.28	00:38:44.699	0.93697				2
2025.05.28	00:38:45.656	0.93698				2
2025.05.28	00:38:50.520	0.93697				2
2025.05.28	00:38:51.483	0.93700				2
2025.05.28	00:38:52.055	0.93698				2
2025.05.28	00:38:57.299	0.93697				2
2025.05.28	00:38:57.657	0.93696				2
2025.05.28	00:38:58.690	0.93697				2
2025.05.28	00:39:05.398	0.93696				2
2025.05.28	00:39:10.521	0.93695				2
2025.05.28	00:39:15.156	0.93694				2
2025.05.28	00:39:17.113	0.93693				2
2025.05.28	00:39:18.210	0.93692				2
2025.05.28	00:39:19.200	0.93693				2
2025.05.28	00:39:22.546	0.93692				2
2025.05.28	00:39:24.007	0.93693				2
2025.05.28	00:39:24.467	0.93692				2
2025.05.28	00:39:24.775	0.93691				2
2025.05.28	00:39:25.625	0.93692				2
2025.05.28	00:39:26.100	0.93690	0.93844			6
2025.05.28	00:39:27.656	0.93692				2
2025.05.28	00:39:28.273	0.93694				2
2025.05.28	00:39:28.606	0.93696				2
2025.05.28	00:39:28.944	0.93695				2
2025.05.28	00:39:31.144	0.93696				2
2025.05.28	00:39:32.083	0.93697				2
2025.05.28	00:39:33.038	0.93695				2
2025.05.28	00:39:33.527	0.93696				2
2025.05.28	00:39:40.658	0.93695				2
2025.05.28	00:39:41.005	0.93696				2
2025.05.28	00:39:44.158	0.93691				2
2025.05.28	00:39:44.474	0.93687				2
2025.05.28	00:39:44.930	0.93688				2
2025.05.28	00:39:45.546	0.93689				2
2025.05.28	00:39:49.198	0.93688				2
2025.05.28	00:39:56.141	0.93689				2
2025.05.28	00:39:58.497	0.93688				2
2025.05.28	00:40:07.919	0.93695				2
2025.05.28	00:40:08.434	0.93694				2
2025.05.28	00:40:10.232	0.93695				2
2025.05.28	00:40:11.204	0.93689				2
2025.05.28	00:40:11.661	0.93690				2
2025.05.28	00:40:16.199	0.93689				2
2025.05.28	00:40:18.016	0.93688				2
2025.05.28	00:40:22.955	0.93686				2
2025.05.28	00:40:27.141		0.93844			4
2025.05.28	00:40:27.856	0.93688				2
2025.05.28	00:40:28.698	0.93682				2
2025.05.28	00:40:28.998	0.93683				2
2025.05.28	00:40:29.606	0.93684				2
2025.05.28	00:40:29.918	0.93687				2
2025.05.28	00:40:30.220	0.93684				2
2025.05.28	00:40:30.825	0.93685				2
2025.05.28	00:40:31.137	0.93686				2
2025.05.28	00:40:31.449	0.93685				2
2025.05.28	00:40:31.831	0.93688				2
2025.05.28	00:40:34.154	0.93687				2
2025.05.28	00:40:36.730	0.93686				2
2025.05.28	00:40:37.037	0.93687				2
2025.05.28	00:40:37.342	0.93685				2
2025.05.28	00:40:38.578	0.93686				2
2025.05.28	00:40:42.667	0.93685				2
2025.05.28	00:40:42.980	0.93686				2
2025.05.28	00:40:43.284	0.93685				2
2025.05.28	00:40:43.597	0.93686				2
2025.05.28	00:40:47.572	0.93687				2
2025.05.28	00:40:50.194		0.93919			4
2025.05.28	00:40:52.050	0.93689				2
2025.05.28	00:40:54.300	0.93688				2
2025.05.28	00:41:00.567	0.93688				2
2025.05.28	00:41:13.387	0.93687				2
2025.05.28	00:41:16.899	0.93688				2
2025.05.28	00:41:19.656	0.93689				2
2025.05.28	00:41:27.467	0.93677	0.93834			6
2025.05.28	00:41:28.988	0.93675	0.93833			6
2025.05.28	00:41:36.246	0.93676	0.93834			6
2025.05.28	00:41:36.851	0.93688	0.93919			6
2025.05.28	00:41:39.496	0.93689				2
2025.05.28	00:41:40.568	0.93701	0.93844			6
2025.05.28	00:41:41.280	0.93696	0.93846			6
2025.05.28	00:41:42.738	0.93697				2
2025.05.28	00:41:43.305	0.93696				2
2025.05.28	00:41:44.302	0.93698				2
2025.05.28	00:41:47.030	0.93695				2
2025.05.28	00:41:49.936	0.93697				2
2025.05.28	00:41:52.415	0.93699				2
2025.05.28	00:41:54.810	0.93700				2
2025.05.28	00:41:56.800	0.93698				2
2025.05.28	00:41:57.299	0.93700				2
2025.05.28	00:41:57.806	0.93699				2
2025.05.28	00:41:59.190	0.93698				2
2025.05.28	00:41:59.697	0.93697				2
2025.05.28	00:42:01.139	0.93699				2
2025.05.28	00:42:05.089	0.93700				2
2025.05.28	00:42:10.340	0.93701				2
2025.05.28	00:42:10.834	0.93698				2
2025.05.28	00:42:11.337	0.93699				2
2025.05.28	00:42:13.788	0.93697				2
2025.05.28	00:42:14.221	0.93702	0.93844			6
2025.05.28	00:42:25.026	0.93689	0.93851			6
2025.05.28	00:42:25.514	0.93697				2
2025.05.28	00:42:26.019	0.93696				2
2025.05.28	00:42:26.468	0.93694				2
2025.05.28	00:42:27.035	0.93695				2
2025.05.28	00:42:27.440	0.93696				2
2025.05.28	00:42:28.509	0.93695				2
2025.05.28	00:42:29.527	0.93697				2
2025.05.28	00:42:33.584	0.93696				2
2025.05.28	00:42:35.020	0.93697				2
2025.05.28	00:42:37.499	0.93698				2
2025.05.28	00:42:38.550	0.93699				2
2025.05.28	00:42:39.024	0.93698				2
2025.05.28	00:42:40.569	0.93697				2
2025.05.28	00:42:43.221	0.93695				2
2025.05.28	00:42:43.526	0.93698				2
2025.05.28	00:42:55.469	0.93696				2
2025.05.28	00:42:55.974	0.93706	0.93844			6
2025.05.28	00:42:58.235	0.93696				2
2025.05.28	00:42:59.523	0.93698				2
2025.05.28	00:43:00.565	0.93698				2
2025.05.28	00:43:10.389	0.93697				2
2025.05.28	00:43:13.508	0.93695				2
2025.05.28	00:43:14.192	0.93694				2
2025.05.28	00:43:14.756	0.93693				2
2025.05.28	00:43:15.696	0.93690				2
2025.05.28	00:43:20.401	0.93706				2
2025.05.28	00:43:20.793	0.93703				2
2025.05.28	00:43:21.479	0.93691				2
2025.05.28	00:43:22.472	0.93703				2
2025.05.28	00:43:22.906	0.93704				2
2025.05.28	00:43:24.363	0.93703				2
2025.05.28	00:43:24.677	0.93701				2
2025.05.28	00:43:25.000	0.93690				2
2025.05.28	00:43:25.580	0.93696				2
2025.05.28	00:43:27.149	0.93700				2
2025.05.28	00:43:27.648	0.93704				2
2025.05.28	00:43:27.957	0.93696				2
2025.05.28	00:43:30.581	0.93697				2
2025.05.28	00:43:31.042	0.93694				2
2025.05.28	00:43:31.562	0.93695				2
2025.05.28	00:43:32.071	0.93697				2
2025.05.28	00:43:36.433	0.93694				2
2025.05.28	00:43:36.737	0.93695				2
2025.05.28	00:43:37.508	0.93704				2
2025.05.28	00:43:41.067	0.93706				2
2025.05.28	00:43:41.384	0.93696				2
2025.05.28	00:43:41.823	0.93706				2
2025.05.28	00:43:43.245	0.93705				2
2025.05.28	00:43:46.625	0.93696				2
2025.05.28	00:43:47.064	0.93695				2
2025.05.28	00:43:48.599	0.93694				2
2025.05.28	00:43:52.311	0.93701				2
2025.05.28	00:43:58.329		0.93844			4
2025.05.28	00:44:02.103	0.93701				2
2025.05.28	00:44:05.683	0.93694	0.93852			6
2025.05.28	00:44:09.247	0.93698	0.93844			6
2025.05.28	00:44:52.050	0.93694				2
2025.05.28	00:44:52.364	0.93698				2
2025.05.28	00:44:52.835	0.93699				2
2025.05.28	00:44:53.337	0.93695				2
2025.05.28	00:44:53.640	0.93693				2
2025.05.28	00:44:54.337	0.93694				2
2025.05.28	00:44:54.832	0.93697				2
2025.05.28	00:44:55.333	0.93696				2
2025.05.28	00:44:55.659	0.93693				2
2025.05.28	00:44:55.966	0.93695				2
2025.05.28	00:44:57.344	0.93696				2
2025.05.28	00:44:57.831	0.93694				2
2025.05.28	00:44:58.137	0.93696				2
2025.05.28	00:44:58.496	0.93693				2
2025.05.28	00:44:59.340	0.93691				2
2025.05.28	00:45:00.580	0.93692				2
2025.05.28	00:45:02.203	0.93676	0.93842			6
2025.05.28	00:45:04.666	0.93694	0.93844			6
2025.05.28	00:45:04.977	0.93693				2
2025.05.28	00:45:05.290	0.93691				2
2025.05.28	00:45:08.800	0.93708	0.93826			6
2025.05.28	00:45:09.189	0.93709				2
2025.05.28	00:45:12.157	0.93712				2
2025.05.28	00:45:12.600	0.93711				2
2025.05.28	00:45:12.912	0.93712				2
2025.05.28	00:45:13.234	0.93713				2
2025.05.28	00:45:15.156	0.93711				2
2025.05.28	00:45:16.642	0.93712				2
2025.05.28	00:45:17.823	0.93713				2
2025.05.28	00:45:18.142	0.93712				2
2025.05.28	00:45:20.723	0.93713				2
2025.05.28	00:45:22.336	0.93712				2
2025.05.28	00:45:22.860	0.93713				2
2025.05.28	00:45:25.457	0.93712				2
2025.05.28	00:45:26.820	0.93721				2
2025.05.28	00:45:27.482	0.93722				2
2025.05.28	00:45:27.955	0.93721				2
2025.05.28	00:45:29.311	0.93722				2
2025.05.28	00:45:29.678	0.93708				2
2025.05.28	00:45:30.151	0.93707				2
2025.05.28	00:45:31.138	0.93718				2
2025.05.28	00:45:31.782	0.93719				2
2025.05.28	00:45:32.157	0.93718				2
2025.05.28	00:45:33.132	0.93717				2
2025.05.28	00:45:33.655	0.93716				2
2025.05.28	00:45:33.957	0.93717				2
2025.05.28	00:45:34.454	0.93716				2
2025.05.28	00:45:35.424	0.93719				2
2025.05.28	00:45:36.152	0.93711				2
2025.05.28	00:45:36.458	0.93710				2
2025.05.28	00:45:37.121	0.93711				2
2025.05.28	00:45:38.277	0.93710				2
2025.05.28	00:45:38.936	0.93711				2
2025.05.28	00:45:39.237	0.93710				2
2025.05.28	00:45:39.939	0.93711				2
2025.05.28	00:45:42.137	0.93710				2
2025.05.28	00:45:42.442	0.93711				2
2025.05.28	00:45:44.798	0.93712				2
2025.05.28	00:45:45.556	0.93709				2
2025.05.28	00:45:46.072	0.93708				2
2025.05.28	00:45:46.502	0.93709				2
2025.05.28	00:45:50.070	0.93707				2
2025.05.28	00:45:51.337	0.93708				2
2025.05.28	00:45:53.380	0.93707				2
2025.05.28	00:45:58.288	0.93720				2
2025.05.28	00:45:58.848	0.93709				2
2025.05.28	00:45:59.162	0.93706				2
2025.05.28	00:46:00.220	0.93708				2
2025.05.28	00:46:04.212	0.93707				2
2025.05.28	00:46:07.139	0.93708				2
2025.05.28	00:46:08.600	0.93710				2
2025.05.28	00:46:09.286	0.93708	0.93826			6
2025.05.28	00:46:13.166	0.93704				2
2025.05.28	00:46:13.585	0.93710				2
2025.05.28	00:46:13.886	0.93708				2
2025.05.28	00:46:14.199	0.93705				2
2025.05.28	00:46:15.423	0.93710				2
2025.05.28	00:46:15.731	0.93709				2
2025.05.28	00:46:20.606	0.93703				2
2025.05.28	00:46:27.047	0.93719				2
2025.05.28	00:47:00.072	0.93719				2
2025.05.28	00:47:02.136	0.93695	0.93820			6
2025.05.28	00:47:04.571	0.93719	0.93826			6
2025.05.28	00:47:30.302	0.93705				2
2025.05.28	00:47:34.204	0.93704				2
2025.05.28	00:47:38.043	0.93711				2
2025.05.28	00:47:38.379	0.93710				2
2025.05.28	00:47:42.655	0.93711				2
2025.05.28	00:47:47.738	0.93712				2
2025.05.28	00:47:48.316	0.93711				2
2025.05.28	00:48:01.592	0.93709				2
2025.05.28	00:48:02.085	0.93708				2
2025.05.28	00:48:03.087	0.93707				2
2025.05.28	00:48:03.588	0.93708				2
2025.05.28	00:48:04.583	0.93706	0.93826			6
2025.05.28	00:48:05.931	0.93702				2
2025.05.28	00:48:15.300	0.93707				2
2025.05.28	00:48:18.343	0.93708				2
2025.05.28	00:48:19.545	0.93707				2
2025.05.28	00:48:28.354	0.93709				2
2025.05.28	00:48:31.237	0.93708				2
2025.05.28	00:48:31.667	0.93707				2
2025.05.28	00:48:31.994	0.93706				2
2025.05.28	00:48:34.033	0.93709				2
2025.05.28	00:48:39.024	0.93708				2
2025.05.28	00:48:41.775	0.93707				2
2025.05.28	00:48:42.284	0.93705				2
2025.05.28	00:48:43.752	0.93706				2
2025.05.28	00:48:45.901	0.93705				2
2025.05.28	00:48:46.503	0.93706				2
2025.05.28	00:48:47.007	0.93707				2
2025.05.28	00:48:57.526	0.93708				2
2025.05.28	00:49:00.417	0.93707				2
2025.05.28	00:49:05.016		0.93826			4
2025.05.28	00:49:06.669	0.93708				2
2025.05.28	00:49:07.229	0.93703				2
2025.05.28	00:49:12.240	0.93709				2
2025.05.28	00:49:16.202	0.93710				2
2025.05.28	00:49:17.656	0.93703				2
2025.05.28	00:49:18.002	0.93702				2
2025.05.28	00:49:20.675	0.93703				2
2025.05.28	00:49:21.207	0.93702				2
2025.05.28	00:49:30.908	0.93701	0.93901			6
2025.05.28	00:49:31.310	0.93687	0.93819			6
2025.05.28	00:49:40.552	0.93716	0.93826			6
2025.05.28	00:50:00.068	0.93716				2
2025.05.28	00:50:40.656		0.93826			4
2025.05.28	00:51:00.435	0.93716				2
2025.05.28	00:51:41.700	0.93706	0.93899			6
2025.05.28	00:51:43.013		0.93898			4
2025.05.28	00:51:46.200	0.93707	0.93897			6
2025.05.28	00:51:49.799	0.93706	0.93898			6
2025.05.28	00:51:51.605	0.93707				2
2025.05.28	00:51:54.599		0.93897			4
2025.05.28	00:51:58.414	0.93706	0.93902			6
2025.05.28	00:51:58.864		0.93901			4
2025.05.28	00:52:00.577	0.93706				2
2025.05.28	00:52:06.305	0.93707				2
2025.05.28	00:52:12.574	0.93708	0.93900			6
2025.05.28	00:52:13.757	0.93707	0.93901			6
2025.05.28	00:52:15.095	0.93706				2
2025.05.28	00:52:15.397	0.93705	0.93826			6
2025.05.28	00:52:15.698	0.93706				2
2025.05.28	00:52:19.579	0.93707				2
2025.05.28	00:52:20.225	0.93706				2
2025.05.28	00:52:29.737	0.93709				2
2025.05.28	00:52:38.946	0.93708				2
2025.05.28	00:52:42.334	0.93709				2
2025.05.28	00:52:52.730	0.93708				2
2025.05.28	00:53:00.105	0.93708				2
2025.05.28	00:53:09.657	0.93709				2
2025.05.28	00:53:12.938	0.93710				2
2025.05.28	00:53:15.600		0.93826			4
2025.05.28	00:53:25.259	0.93706				2
2025.05.28	00:53:26.218	0.93714				2
2025.05.28	00:54:00.074	0.93714				2
2025.05.28	00:54:15.265	0.93706				2
2025.05.28	00:54:15.902	0.93711	0.93826			6
2025.05.28	00:54:59.355	0.93706				2
2025.05.28	00:54:59.811	0.93713				2
2025.05.28	00:55:00.368	0.93713				2
2025.05.28	00:55:18.609		0.93826			4
2025.05.28	00:55:32.068	0.93705	0.93842			6
2025.05.28	00:55:33.300	0.93706				2
2025.05.28	00:55:34.859	0.93700				2
2025.05.28	00:55:36.903	0.93699				2
2025.05.28	00:55:37.237	0.93700				2
2025.05.28	00:55:44.104	0.93706				2
2025.05.28	00:55:46.531	0.93702				2
2025.05.28	00:55:47.031	0.93705				2
2025.05.28	00:55:49.039	0.93706				2
2025.05.28	00:55:50.046	0.93704				2
2025.05.28	00:55:56.197	0.93707				2
2025.05.28	00:55:56.501	0.93710				2
2025.05.28	00:56:00.425	0.93710				2
2025.05.28	00:56:04.803	0.93711				2
2025.05.28	00:56:06.162	0.93710				2
2025.05.28	00:56:07.500	0.93711				2
2025.05.28	00:56:09.927	0.93710				2
2025.05.28	00:56:11.529	0.93709				2
2025.05.28	00:56:12.981	0.93707				2
2025.05.28	00:56:13.565	0.93710				2
2025.05.28	00:56:14.617	0.93712				2
2025.05.28	00:56:15.716	0.93711				2
2025.05.28	00:56:17.999	0.93710				2
2025.05.28	00:56:22.835	0.93709				2
2025.05.28	00:56:27.876	0.93708				2
2025.05.28	00:56:29.719	0.93720	0.93897			6
2025.05.28	00:56:30.223	0.93722				2
2025.05.28	00:56:31.815	0.93717				2
2025.05.28	00:56:32.779	0.93720	0.93900			6
2025.05.28	00:56:35.277	0.93721				2
2025.05.28	00:56:37.142	0.93722				2
2025.05.28	00:56:39.937	0.93717				2
2025.05.28	00:56:40.308	0.93712				2
2025.05.28	00:56:43.218	0.93709				2
2025.05.28	00:56:43.650	0.93720				2
2025.05.28	00:56:44.505	0.93719				2
2025.05.28	00:56:44.871	0.93715				2
2025.05.28	00:56:45.190	0.93714				2
2025.05.28	00:56:47.288	0.93713				2
2025.05.28	00:56:47.723	0.93717				2
2025.05.28	00:56:49.392	0.93726				2
2025.05.28	00:56:50.318	0.93725				2
2025.05.28	00:56:51.011	0.93726				2
2025.05.28	00:56:52.492	0.93724				2
2025.05.28	00:56:52.792	0.93722				2
2025.05.28	00:56:53.095	0.93724				2
2025.05.28	00:56:54.282	0.93722				2
2025.05.28	00:56:54.727	0.93723				2
2025.05.28	00:56:55.299	0.93722				2
2025.05.28	00:56:55.719	0.93723				2
2025.05.28	00:56:56.159	0.93724				2
2025.05.28	00:56:57.282	0.93726				2
2025.05.28	00:56:57.600	0.93725				2
2025.05.28	00:56:58.321	0.93721				2
2025.05.28	00:56:59.757	0.93716				2
2025.05.28	00:57:00.164	0.93714				2
2025.05.28	00:57:00.487	0.93717				2
2025.05.28	00:57:01.951	0.93708				2
2025.05.28	00:57:03.335	0.93707				2
2025.05.28	00:57:06.794	0.93711				2
2025.05.28	00:57:10.479	0.93717				2
2025.05.28	00:57:11.097	0.93715				2
2025.05.28	00:57:11.397	0.93716				2
2025.05.28	00:57:13.807	0.93726				2
2025.05.28	00:57:15.492	0.93727				2
2025.05.28	00:57:15.901	0.93726				2
2025.05.28	00:57:16.217	0.93725				2
2025.05.28	00:57:16.526	0.93728				2
2025.05.28	00:57:17.101	0.93729				2
2025.05.28	00:57:19.509	0.93728				2
2025.05.28	00:57:19.944	0.93725				2
2025.05.28	00:57:21.934	0.93724				2
2025.05.28	00:57:22.318	0.93728				2
2025.05.28	00:57:26.407	0.93727				2
2025.05.28	00:57:26.747	0.93725				2
2025.05.28	00:57:27.299	0.93726				2
2025.05.28	00:57:27.953	0.93713				2
2025.05.28	00:57:28.257	0.93714				2
2025.05.28	00:57:28.560	0.93717				2
2025.05.28	00:57:32.656	0.93718				2
2025.05.28	00:57:34.015	0.93716	0.93900			6
2025.05.28	00:57:35.082	0.93717				2
2025.05.28	00:57:36.015	0.93725				2
2025.05.28	00:57:37.375	0.93723				2
2025.05.28	00:57:40.209	0.93722				2
2025.05.28	00:57:40.518	0.93724				2
2025.05.28	00:57:41.124	0.93725				2
2025.05.28	00:57:41.740	0.93724				2
2025.05.28	00:57:42.042	0.93725				2
2025.05.28	00:57:42.359	0.93726				2
2025.05.28	00:57:42.677	0.93727				2
2025.05.28	00:57:43.300	0.93726				2
2025.05.28	00:57:43.602	0.93728				2
2025.05.28	00:57:44.167	0.93729				2
2025.05.28	00:57:44.557	0.93731				2
2025.05.28	00:57:44.923	0.93729				2
2025.05.28	00:57:48.161	0.93731				2
2025.05.28	00:57:48.838	0.93732				2
2025.05.28	00:57:52.148	0.93733				2
2025.05.28	00:57:52.519	0.93731				2
2025.05.28	00:57:53.112	0.93729				2
2025.05.28	00:57:54.014	0.93725				2
2025.05.28	00:57:54.709	0.93702				2
2025.05.28	00:57:55.853	0.93704				2
2025.05.28	00:57:56.403	0.93705				2
2025.05.28	00:58:00.435	0.93705				2
2025.05.28	00:58:01.800	0.93706				2
2025.05.28	00:58:03.877	0.93702				2
2025.05.28	00:58:04.242	0.93712				2
2025.05.28	00:58:30.396	0.93686	0.93867			6
2025.05.28	00:58:31.332		0.93868			4
2025.05.28	00:58:32.245		0.93867			4
2025.05.28	00:58:32.850	0.93688	0.93869			6
2025.05.28	00:58:33.155	0.93687	0.93868			6
2025.05.28	00:58:33.455	0.93686	0.93867			6
2025.05.28	00:58:33.760	0.93689	0.93865			6
2025.05.28	00:58:34.062	0.93686	0.93877			6
2025.05.28	00:58:35.578	0.93697	0.93872			6
2025.05.28	00:58:37.094	0.93699	0.93874			6
2025.05.28	00:58:38.613	0.93698	0.93872			6
2025.05.28	00:58:39.217	0.93700	0.93874			6
2025.05.28	00:58:39.523	0.93692	0.93866			6
2025.05.28	00:58:39.826	0.93691	0.93865			6
2025.05.28	00:58:40.431	0.93692	0.93866			6
2025.05.28	00:58:42.254	0.93693				2
2025.05.28	00:58:44.681	0.93691	0.93864			6
2025.05.28	00:58:44.985	0.93692	0.93865			6
2025.05.28	00:58:45.288	0.93690	0.93863			6
2025.05.28	00:58:48.321	0.93689	0.93861			6
2025.05.28	00:58:49.836	0.93691	0.93862			6
2025.05.28	00:58:55.596	0.93685	0.93855			6
2025.05.28	00:58:58.018	0.93683	0.93857			6
2025.05.28	00:58:58.627	0.93711	0.93825			6
2025.05.28	00:58:59.009		0.93826			4
2025.05.28	00:58:59.626		0.93815			4
2025.05.28	00:59:00.423	0.93711	0.93820			6
2025.05.28	00:59:01.126		0.93818			4
2025.05.28	00:59:02.456		0.93815			4
2025.05.28	00:59:03.502		0.93814			4
2025.05.28	00:59:03.995		0.93815			4
2025.05.28	00:59:04.388	0.93688	0.93868			6
2025.05.28	00:59:04.689	0.93689				2
2025.05.28	00:59:05.905	0.93696	0.93876			6
2025.05.28	00:59:06.812	0.93687	0.93865			6
2025.05.28	00:59:07.117	0.93678	0.93855			6
2025.05.28	00:59:07.421	0.93686	0.93862			6
2025.05.28	00:59:08.331		0.93861			4
2025.05.28	00:59:09.238	0.93687	0.93862			6
2025.05.28	00:59:09.543	0.93685	0.93857			6
2025.05.28	00:59:09.846	0.93695	0.93866			6
2025.05.28	00:59:10.150	0.93691	0.93862			6
2025.05.28	00:59:10.457	0.93698	0.93878			6
2025.05.28	00:59:10.759	0.93700	0.93880			6
2025.05.28	00:59:11.064	0.93704	0.93884			6
2025.05.28	00:59:11.974		0.93885			4
2025.05.28	00:59:12.578	0.93703	0.93883			6
2025.05.28	00:59:12.884	0.93705	0.93881			6
2025.05.28	00:59:13.488	0.93706	0.93882			6
2025.05.28	00:59:13.794		0.93883			4
2025.05.28	00:59:16.217	0.93681	0.93855			6
2025.05.28	00:59:16.524	0.93680	0.93854			6
2025.05.28	00:59:16.824	0.93681	0.93855			6
2025.05.28	00:59:17.432	0.93684	0.93857			6
2025.05.28	00:59:21.982	0.93685				2
2025.05.28	00:59:22.285	0.93686	0.93858			6
2025.05.28	00:59:22.889	0.93687	0.93862			6
2025.05.28	00:59:25.922	0.93711	0.93811			6
2025.05.28	00:59:26.330		0.93807			4
2025.05.28	00:59:27.087	0.93688	0.93874			6
2025.05.28	00:59:27.388	0.93689	0.93876			6
2025.05.28	00:59:28.904	0.93687	0.93873			6
2025.05.28	00:59:31.028	0.93688	0.93874			6
2025.05.28	00:59:31.333	0.93690	0.93868			6
2025.05.28	00:59:31.636	0.93685	0.93866			6
2025.05.28	00:59:31.940	0.93690	0.93871			6
2025.05.28	00:59:32.851	0.93691	0.93872			6
2025.05.28	00:59:34.064	0.93688	0.93868			6
2025.05.28	00:59:34.668	0.93689				2
2025.05.28	00:59:34.973	0.93691	0.93870			6
2025.05.28	00:59:35.578		0.93869			4
2025.05.28	00:59:36.186	0.93704	0.93883			6
2025.05.28	00:59:36.793	0.93723	0.93923			6
2025.05.28	00:59:37.175	0.93722				2
2025.05.28	00:59:39.300	0.93723				2
2025.05.28	00:59:41.267		0.93922			4
2025.05.28	00:59:42.582	0.93729	0.93917			6
2025.05.28	00:59:43.239	0.93726	0.93920			6
2025.05.28	00:59:44.701		0.93919			4
2025.05.28	00:59:45.715	0.93727	0.93918			6
2025.05.28	00:59:46.213	0.93728	0.93917			6
2025.05.28	00:59:46.803	0.93727	0.93918			6
2025.05.28	00:59:47.156	0.93728				2
2025.05.28	00:59:47.700	0.93727	0.93919			6
2025.05.28	00:59:48.002	0.93728	0.93918			6
2025.05.28	00:59:48.606	0.93727	0.93919			6
2025.05.28	00:59:49.204		0.93918			4
2025.05.28	00:59:49.518		0.93919			4
2025.05.28	00:59:50.102	0.93728	0.93918			6
2025.05.28	00:59:50.704		0.93917			4
2025.05.28	00:59:51.303	0.93727	0.93918			6
2025.05.28	00:59:51.901	0.93704	0.93881			6
2025.05.28	00:59:52.209	0.93708	0.93885			6
2025.05.28	00:59:52.512	0.93702	0.93878			6
2025.05.28	00:59:56.456	0.93701	0.93877			6
2025.05.28	00:59:58.581	0.93702				2
2025.05.28	01:00:00.096	0.93702				2
2025.05.28	01:00:00.413	0.93697	0.93861			6
2025.05.28	01:00:01.200	0.93685	0.93833			6
2025.05.28	01:00:02.332	0.93619	0.93803			6
2025.05.28	01:00:02.641	0.93620	0.93804			6
2025.05.28	01:00:03.245	0.93625	0.93809			6
2025.05.28	01:00:03.551	0.93623	0.93806			6
2025.05.28	01:00:03.852	0.93622	0.93802			6
2025.05.28	01:00:04.156	0.93621				2
2025.05.28	01:00:04.459	0.93623	0.93803			6
2025.05.28	01:00:05.067	0.93697	0.93804			6
2025.05.28	01:00:10.302		0.93786			4
2025.05.28	01:00:13.931	0.93686	0.93821			6
2025.05.28	01:00:14.641		0.93816			4
2025.05.28	01:00:21.302	0.93691				2
2025.05.28	01:00:26.402	0.93689				2
2025.05.28	01:00:26.719	0.93686				2
2025.05.28	01:00:27.209	0.93691				2
2025.05.28	01:00:27.821	0.93686	0.93813			6
2025.05.28	01:00:28.201		0.93790			4
2025.05.28	01:00:29.880	0.93704				2
2025.05.28	01:00:33.902		0.93789			4
2025.05.28	01:00:39.303		0.93788			4
2025.05.28	01:00:43.370		0.93787			4
2025.05.28	01:00:44.702		0.93786			4
2025.05.28	01:00:49.288		0.93785			4
2025.05.28	01:00:54.301		0.93784			4
2025.05.28	01:00:55.359		0.93783			4
2025.05.28	01:00:55.802		0.93781			4
2025.05.28	01:00:56.740		0.93783			4
2025.05.28	01:00:59.683		0.93784			4
2025.05.28	01:01:00.302	0.93704				2
2025.05.28	01:01:03.342	0.93705	0.93786			6
2025.05.28	01:01:04.133		0.93785			4
2025.05.28	01:01:05.702		0.93784			4
2025.05.28	01:01:07.770		0.93781			4
2025.05.28	01:01:11.103		0.93780			4
2025.05.28	01:01:17.704		0.93779			4
2025.05.28	01:01:23.103		0.93778			4
2025.05.28	01:01:28.802		0.93777			4
2025.05.28	01:01:30.006	0.93719	0.93779			6
2025.05.28	01:01:30.950		0.93778			4
2025.05.28	01:01:36.692	0.93705				2
2025.05.28	01:01:38.105		0.93777			4
2025.05.28	01:01:39.601		0.93776			4
2025.05.28	01:01:40.787		0.93777			4
2025.05.28	01:01:45.553		0.93775			4
2025.05.28	01:01:45.902		0.93774			4
2025.05.28	01:01:50.093		0.93773			4
2025.05.28	01:01:51.003		0.93772			4
2025.05.28	01:01:57.901		0.93771			4
2025.05.28	01:02:00.602	0.93705				2
2025.05.28	01:02:02.402		0.93770			4
2025.05.28	01:02:05.510	0.93706	0.93771			6
2025.05.28	01:02:08.283		0.93772			4
2025.05.28	01:02:09.902		0.93771			4
2025.05.28	01:02:15.001		0.93770			4
2025.05.28	01:02:23.683	0.93719				2
2025.05.28	01:02:24.174		0.93775			4
2025.05.28	01:02:26.690	0.93725				2
2025.05.28	01:02:27.006		0.93774			4
2025.05.28	01:02:36.901		0.93773			4
2025.05.28	01:02:45.903		0.93772			4
2025.05.28	01:02:57.600		0.93771			4
2025.05.28	01:02:58.803		0.93769			4
2025.05.28	01:03:00.446	0.93725				2
2025.05.28	01:03:00.807		0.93771			4
2025.05.28	01:03:01.173		0.93775			4
2025.05.28	01:03:01.478		0.93774			4
2025.05.28	01:03:11.402		0.93773			4
2025.05.28	01:03:21.001		0.93772			4
2025.05.28	01:03:33.137	0.93737	0.93782			6
2025.05.28	01:03:34.438		0.93781			4
2025.05.28	01:03:45.900		0.93780			4
2025.05.28	01:03:56.707		0.93777			4
2025.05.28	01:03:57.576		0.93776			4
2025.05.28	01:04:00.000	0.93737				2
2025.05.28	01:04:01.780		0.93775			4
2025.05.28	01:04:06.301		0.93774			4
2025.05.28	01:04:08.400		0.93777			4
2025.05.28	01:04:26.702		0.93776			4
2025.05.28	01:04:35.714		0.93777			4
2025.05.28	01:04:52.166	0.93744	0.93786			6
2025.05.28	01:04:53.447	0.93748	0.93785			6
2025.05.28	01:05:00.424	0.93748	0.93783			6
2025.05.28	01:05:00.901	0.93749	0.93785			6
2025.05.28	01:05:01.348	0.93748	0.93781			6
2025.05.28	01:05:03.904		0.93780			4
2025.05.28	01:05:05.576	0.93745				2
2025.05.28	01:05:05.880	0.93732	0.93779			6
2025.05.28	01:05:06.214	0.93738	0.93775			6
2025.05.28	01:05:06.709	0.93732				2
2025.05.28	01:05:07.014		0.93771			4
2025.05.28	01:05:07.537	0.93740				2
2025.05.28	01:05:07.898	0.93732				2
2025.05.28	01:05:08.237	0.93730				2
2025.05.28	01:05:09.303	0.93731				2
2025.05.28	01:05:10.074	0.93725	0.93768			6
2025.05.28	01:05:10.376	0.93729	0.93762			6
2025.05.28	01:05:10.683	0.93725	0.93775			6
2025.05.28	01:05:10.998	0.93733	0.93762			6
2025.05.28	01:05:11.304	0.93729	0.93770			6
2025.05.28	01:05:11.701		0.93762			4
2025.05.28	01:05:12.032	0.93730	0.93770			6
2025.05.28	01:05:12.450	0.93729	0.93768			6
2025.05.28	01:05:13.064	0.93728	0.93771			6
2025.05.28	01:05:14.403	0.93727	0.93768			6
2025.05.28	01:05:15.016	0.93728	0.93771			6
2025.05.28	01:05:15.446		0.93768			4
2025.05.28	01:05:16.251	0.93730	0.93771			6
2025.05.28	01:05:19.378	0.93731	0.93767			6
2025.05.28	01:05:20.411	0.93741	0.93769			6
2025.05.28	01:05:21.171	0.93731				2
2025.05.28	01:05:21.690	0.93734	0.93770			6
2025.05.28	01:05:22.003	0.93732	0.93768			6
2025.05.28	01:05:22.319	0.93738				2
2025.05.28	01:05:22.653	0.93732				2
2025.05.28	01:05:22.975	0.93744	0.93769			6
2025.05.28	01:05:25.641	0.93733	0.93771			6
2025.05.28	01:05:26.125	0.93745	0.93773			6
2025.05.28	01:05:28.263	0.93734	0.93771			6
2025.05.28	01:05:28.804	0.93736	0.93773			6
2025.05.28	01:05:29.338	0.93733	0.93776			6
2025.05.28	01:05:30.800	0.93737	0.93779			6
2025.05.28	01:05:33.691	0.93733	0.93772			6
2025.05.28	01:05:36.868		0.93782			4
2025.05.28	01:05:37.500		0.93772			4
2025.05.28	01:05:41.700	0.93734				2
2025.05.28	01:05:43.501		0.93771			4
2025.05.28	01:05:44.951	0.93737	0.93777			6
2025.05.28	01:05:45.263	0.93733	0.93778			6
2025.05.28	01:05:45.636	0.93734	0.93787			6
2025.05.28	01:05:46.000	0.93733				2
2025.05.28	01:05:46.426	0.93741	0.93776			6
2025.05.28	01:05:46.738	0.93734	0.93786			6
2025.05.28	01:05:47.045	0.93733	0.93778			6
2025.05.28	01:05:47.345	0.93734	0.93787			6
2025.05.28	01:05:47.700	0.93737	0.93777			6
2025.05.28	01:05:48.015	0.93733	0.93778			6
2025.05.28	01:05:48.428	0.93739	0.93779			6
2025.05.28	01:05:48.737	0.93734	0.93785			6
2025.05.28	01:05:49.043	0.93735				2
2025.05.28	01:05:49.350	0.93737	0.93777			6
2025.05.28	01:05:49.659	0.93733	0.93778			6
2025.05.28	01:05:50.042	0.93734	0.93777			6
2025.05.28	01:05:50.389	0.93739	0.93778			6
2025.05.28	01:05:50.698	0.93736	0.93775			6
2025.05.28	01:05:51.013	0.93741	0.93779			6
2025.05.28	01:05:51.319	0.93735	0.93776			6
2025.05.28	01:05:52.040		0.93785			4
2025.05.28	01:05:52.801	0.93740	0.93788			6
2025.05.28	01:05:53.103	0.93735	0.93779			6
2025.05.28	01:05:53.559	0.93740	0.93782			6
2025.05.28	01:05:53.884	0.93735	0.93779			6
2025.05.28	01:05:54.760	0.93736	0.93778			6
2025.05.28	01:05:55.374	0.93734	0.93789			6
2025.05.28	01:05:55.803		0.93780			4
2025.05.28	01:05:58.086	0.93735	0.93779			6
2025.05.28	01:06:00.021	0.93735				2
2025.05.28	01:06:00.500	0.93736	0.93778			6
2025.05.28	01:06:03.092		0.93776			4
2025.05.28	01:06:03.487		0.93773			4
2025.05.28	01:06:04.776		0.93778			4
2025.05.28	01:06:05.093		0.93777			4
2025.05.28	01:06:09.002	0.93744	0.93773			6
2025.05.28	01:06:09.317	0.93736	0.93774			6
2025.05.28	01:06:10.496	0.93737	0.93773			6
2025.05.28	01:06:10.799		0.93777			4
2025.05.28	01:06:18.300		0.93776			4
2025.05.28	01:06:20.244		0.93777			4
2025.05.28	01:06:20.567		0.93773			4
2025.05.28	01:06:23.402	0.93736				2
2025.05.28	01:06:24.603	0.93737				2
2025.05.28	01:06:26.402	0.93736	0.93772			6
2025.05.28	01:06:26.772	0.93735	0.93773			6
2025.05.28	01:06:28.502	0.93752	0.93776			6
2025.05.28	01:06:29.673	0.93747	0.93773			6
2025.05.28	01:06:30.082	0.93759	0.93779			6
2025.05.28	01:06:31.001	0.93752	0.93774			6
2025.05.28	01:06:31.367	0.93750				2
2025.05.28	01:06:32.654	0.93752	0.93775			6
2025.05.28	01:06:33.000		0.93774			4
2025.05.28	01:06:33.976	0.93750	0.93773			6
2025.05.28	01:06:35.179		0.93774			4
2025.05.28	01:06:35.679	0.93748				2
2025.05.28	01:06:36.289		0.93773			4
2025.05.28	01:06:36.976	0.93745				2
2025.05.28	01:06:42.437		0.93772			4
2025.05.28	01:06:44.056	0.93748				2
2025.05.28	01:06:45.520	0.93724	0.93754			6
2025.05.28	01:06:45.891	0.93731	0.93752			6
2025.05.28	01:06:46.199	0.93723	0.93750			6
2025.05.28	01:06:46.583		0.93746			4
2025.05.28	01:06:47.540		0.93743			4
2025.05.28	01:06:47.996	0.93721				2
2025.05.28	01:06:48.922	0.93735	0.93760			6
2025.05.28	01:06:49.391		0.93761			4
2025.05.28	01:06:51.000		0.93760			4
2025.05.28	01:07:02.637	0.93735	0.93761			6
2025.05.28	01:07:04.500		0.93760			4
2025.05.28	01:07:07.494		0.93759			4
2025.05.28	01:07:36.900		0.93763			4
2025.05.28	01:07:37.203		0.93762			4
2025.05.28	01:07:43.924	0.93741				2
2025.05.28	01:07:48.546		0.93759			4
2025.05.28	01:07:52.953		0.93760			4
2025.05.28	01:08:01.656	0.93741				2
2025.05.28	01:08:03.764		0.93764			4
2025.05.28	01:08:04.200		0.93762			4
2025.05.28	01:08:32.305		0.93758			4
2025.05.28	01:08:33.810		0.93760			4
2025.05.28	01:08:35.225		0.93758			4
2025.05.28	01:08:43.983		0.93761			4
2025.05.28	01:08:45.600		0.93760			4
2025.05.28	01:08:59.019		0.93761			4
2025.05.28	01:08:59.326		0.93762			4
2025.05.28	01:09:00.443	0.93741	0.93761			6
2025.05.28	01:09:04.355		0.93760			4
2025.05.28	01:09:12.687		0.93773			4
2025.05.28	01:09:13.501		0.93772			4
2025.05.28	01:09:15.302		0.93771			4
2025.05.28	01:09:16.201		0.93770			4
2025.05.28	01:09:17.099		0.93769			4
2025.05.28	01:09:17.699		0.93768			4
2025.05.28	01:09:18.899		0.93767			4
2025.05.28	01:09:19.510		0.93766			4
2025.05.28	01:09:21.300		0.93765			4
2025.05.28	01:09:21.901		0.93760			4
2025.05.28	01:09:24.600	0.93743	0.93765			6
2025.05.28	01:09:24.999		0.93766			4
2025.05.28	01:09:25.351		0.93763			4
2025.05.28	01:09:25.730		0.93766			4
2025.05.28	01:09:28.646		0.93764			4
2025.05.28	01:09:56.701		0.93766			4
2025.05.28	01:09:57.300		0.93768			4
2025.05.28	01:10:01.500	0.93743				2
2025.05.28	01:10:03.302		0.93767			4
2025.05.28	01:10:06.601		0.93766			4
2025.05.28	01:10:15.301		0.93765			4
2025.05.28	01:10:39.016		0.93766			4
2025.05.28	01:10:39.523		0.93765			4
2025.05.28	01:10:39.901		0.93767			4
2025.05.28	01:10:41.375		0.93766			4
2025.05.28	01:10:42.902		0.93767			4
2025.05.28	01:10:46.200		0.93766			4
2025.05.28	01:11:00.001	0.93743				2
2025.05.28	01:11:22.505		0.93765			4
2025.05.28	01:12:00.921	0.93743				2
2025.05.28	01:12:24.301		0.93765			4
2025.05.28	01:12:31.618		0.93773			4
2025.05.28	01:12:32.620		0.93774			4
2025.05.28	01:12:33.752		0.93768			4
2025.05.28	01:12:34.135		0.93764			4
2025.05.28	01:12:42.129		0.93765			4
2025.05.28	01:12:42.601		0.93761			4
2025.05.28	01:12:44.919		0.93764			4
2025.05.28	01:12:46.502		0.93763			4
2025.05.28	01:12:47.463		0.93766			4
2025.05.28	01:12:47.999		0.93765			4
2025.05.28	01:13:00.300	0.93743				2
2025.05.28	01:13:00.619		0.93766			4
2025.05.28	01:13:01.093		0.93765			4
2025.05.28	01:13:08.701		0.93764			4
2025.05.28	01:13:09.870		0.93765			4
2025.05.28	01:13:11.407	0.93740				2
2025.05.28	01:13:11.718	0.93738	0.93764			6
2025.05.28	01:13:25.684	0.93736	0.93760			6
2025.05.28	01:13:27.004	0.93735				2
2025.05.28	01:13:36.198	0.93727	0.93753			6
2025.05.28	01:13:38.105		0.93752			4
2025.05.28	01:13:38.955	0.93728				2
2025.05.28	01:13:45.189	0.93727	0.93753			6
2025.05.28	01:13:46.968		0.93752			4
2025.05.28	01:13:47.307	0.93725	0.93749			6
2025.05.28	01:13:54.289	0.93723	0.93748			6
2025.05.28	01:13:54.614	0.93727	0.93751			6
2025.05.28	01:14:00.903	0.93727				2
2025.05.28	01:14:16.699	0.93724	0.93748			6
2025.05.28	01:14:17.011	0.93725	0.93749			6
2025.05.28	01:14:21.930	0.93729	0.93752			6
2025.05.28	01:14:23.406	0.93728	0.93753			6
2025.05.28	01:14:24.051	0.93730				2
2025.05.28	01:14:24.504	0.93728				2
2025.05.28	01:14:26.950	0.93729				2
2025.05.28	01:14:30.487		0.93752			4
2025.05.28	01:14:30.892	0.93728				2
2025.05.28	01:14:33.000		0.93751			4
2025.05.28	01:14:35.700	0.93729				2
2025.05.28	01:14:36.017	0.93728				2
2025.05.28	01:14:38.700	0.93729				2
2025.05.28	01:14:46.405		0.93750			4
2025.05.28	01:14:47.086		0.93751			4
2025.05.28	01:14:56.743	0.93728				2
2025.05.28	01:14:57.370		0.93752			4
2025.05.28	01:15:00.375	0.93729	0.93753			6
2025.05.28	01:15:00.685	0.93730				2
2025.05.28	01:15:01.762	0.93731				2
2025.05.28	01:15:02.114	0.93732				2
2025.05.28	01:15:05.119	0.93731	0.93752			6
2025.05.28	01:15:05.422	0.93732	0.93753			6
2025.05.28	01:15:07.758	0.93733				2
2025.05.28	01:15:08.560	0.93732				2
2025.05.28	01:15:09.596	0.93733				2
2025.05.28	01:15:12.441	0.93732				2
2025.05.28	01:15:12.824	0.93731	0.93755			6
2025.05.28	01:15:13.134	0.93732	0.93754			6
2025.05.28	01:15:13.474	0.93729	0.93750			6
2025.05.28	01:15:13.776	0.93730	0.93753			6
2025.05.28	01:15:14.538	0.93728	0.93754			6
2025.05.28	01:15:14.846	0.93730	0.93753			6
2025.05.28	01:15:15.616	0.93728	0.93754			6
2025.05.28	01:15:16.000	0.93730	0.93753			6
2025.05.28	01:15:16.641	0.93728	0.93754			6
2025.05.28	01:15:17.035	0.93729	0.93753			6
2025.05.28	01:15:17.906	0.93730				2
2025.05.28	01:15:18.219	0.93729				2
2025.05.28	01:15:18.975	0.93728	0.93752			6
2025.05.28	01:15:19.303	0.93729	0.93753			6
2025.05.28	01:15:20.128	0.93727				2
2025.05.28	01:15:20.539	0.93729				2
2025.05.28	01:15:21.184	0.93728	0.93755			6
2025.05.28	01:15:21.565	0.93729	0.93753			6
2025.05.28	01:15:21.958	0.93728	0.93754			6
2025.05.28	01:15:22.341	0.93729	0.93753			6
2025.05.28	01:15:23.565		0.93751			4
2025.05.28	01:15:24.553		0.93752			4
2025.05.28	01:15:24.907		0.93751			4
2025.05.28	01:15:25.587		0.93752			4
2025.05.28	01:15:25.980		0.93751			4
2025.05.28	01:15:26.604	0.93728	0.93752			6
2025.05.28	01:15:26.914	0.93729	0.93751			6
2025.05.28	01:15:27.662		0.93752			4
2025.05.28	01:15:28.046		0.93751			4
2025.05.28	01:15:28.652	0.93727	0.93753			6
2025.05.28	01:15:28.952	0.93730	0.93751			6
2025.05.28	01:15:29.369	0.93729				2
2025.05.28	01:15:30.250		0.93752			4
2025.05.28	01:15:30.898		0.93751			4
2025.05.28	01:15:31.291		0.93752			4
2025.05.28	01:15:31.937		0.93751			4
2025.05.28	01:15:32.325	0.93730	0.93750			6
2025.05.28	01:15:32.644	0.93727				2
2025.05.28	01:15:32.950	0.93729	0.93751			6
2025.05.28	01:15:33.626	0.93730				2
2025.05.28	01:15:33.946	0.93729				2
2025.05.28	01:15:35.951	0.93730				2
2025.05.28	01:15:36.975	0.93729				2
2025.05.28	01:15:38.026	0.93730				2
2025.05.28	01:15:39.036		0.93750			4
2025.05.28	01:15:40.098	0.93729				2
2025.05.28	01:15:41.137		0.93751			4
2025.05.28	01:15:42.174		0.93750			4
2025.05.28	01:15:43.211		0.93751			4
2025.05.28	01:15:46.309		0.93750			4
2025.05.28	01:15:47.361	0.93730				2
2025.05.28	01:15:48.379	0.93729	0.93751			6
2025.05.28	01:15:52.484	0.93730	0.93750			6
2025.05.28	01:15:53.840	0.93731	0.93751			6
2025.05.28	01:15:54.246	0.93730				2
2025.05.28	01:15:54.918	0.93731	0.93750			6
2025.05.28	01:15:55.262	0.93730				2
2025.05.28	01:15:55.614		0.93751			4
2025.05.28	01:15:55.928		0.93750			4
2025.05.28	01:15:56.670		0.93751			4
2025.05.28	01:15:56.980		0.93750			4
2025.05.28	01:15:57.284		0.93751			4
2025.05.28	01:15:57.711	0.93729				2
2025.05.28	01:15:58.015	0.93731	0.93750			6
2025.05.28	01:15:58.374	0.93730				2
2025.05.28	01:15:58.933	0.93728	0.93753			6
2025.05.28	01:15:59.259	0.93730	0.93751			6
2025.05.28	01:16:00.000	0.93729	0.93753			6
2025.05.28	01:16:00.311	0.93730	0.93752			6
2025.05.28	01:16:00.910	0.93729				2
2025.05.28	01:16:01.226	0.93730				2
2025.05.28	01:16:02.036	0.93731	0.93750			6
2025.05.28	01:16:03.777	0.93729	0.93752			6
2025.05.28	01:16:04.078	0.93731	0.93750			6
2025.05.28	01:16:05.061	0.93730				2
2025.05.28	01:16:06.123	0.93731				2
2025.05.28	01:16:06.487	0.93730				2
2025.05.28	01:16:07.161	0.93731				2
2025.05.28	01:16:07.911	0.93729	0.93751			6
2025.05.28	01:16:08.227	0.93731	0.93750			6
2025.05.28	01:16:08.618	0.93730				2
2025.05.28	01:16:09.238	0.93731				2
2025.05.28	01:16:11.104	0.93729	0.93752			6
2025.05.28	01:16:11.496	0.93731	0.93750			6
2025.05.28	01:16:12.282	0.93730	0.93752			6
2025.05.28	01:16:12.585		0.93750			4
2025.05.28	01:16:13.352	0.93725	0.93749			6
2025.05.28	01:16:13.669	0.93728	0.93746			6
2025.05.28	01:16:14.557	0.93727				2
2025.05.28	01:16:15.488		0.93747			4
2025.05.28	01:16:15.797		0.93746			4
2025.05.28	01:16:16.510	0.93726				2
2025.05.28	01:16:16.825	0.93727	0.93747			6
2025.05.28	01:16:17.618		0.93746			4
2025.05.28	01:16:18.619	0.93726				2
2025.05.28	01:16:18.964	0.93727				2
2025.05.28	01:16:19.838		0.93745			4
2025.05.28	01:16:21.650	0.93726				2
2025.05.28	01:16:22.385	0.93727				2
2025.05.28	01:16:26.559	0.93726	0.93746			6
2025.05.28	01:16:26.921	0.93727	0.93745			6
2025.05.28	01:16:27.810	0.93726	0.93746			6
2025.05.28	01:16:28.153	0.93727	0.93745			6
2025.05.28	01:16:31.307	0.93726	0.93748			6
2025.05.28	01:16:31.655	0.93727				2
2025.05.28	01:16:31.960	0.93725	0.93747			6
2025.05.28	01:16:32.264	0.93727	0.93745			6
2025.05.28	01:16:33.075	0.93726	0.93748			6
2025.05.28	01:16:33.414	0.93728	0.93746			6
2025.05.28	01:16:33.796		0.93747			4
2025.05.28	01:16:36.830		0.93746			4
2025.05.28	01:16:37.561		0.93747			4
2025.05.28	01:16:37.868		0.93746			4
2025.05.28	01:16:38.370	0.93726	0.93747			6
2025.05.28	01:16:38.702	0.93728				2
2025.05.28	01:16:39.474		0.93745			4
2025.05.28	01:16:39.777		0.93747			4
2025.05.28	01:16:40.198	0.93727				2
2025.05.28	01:16:40.509	0.93728	0.93746			6
2025.05.28	01:16:40.817		0.93747			4
2025.05.28	01:16:41.511	0.93727	0.93746			6
2025.05.28	01:16:41.820	0.93728	0.93747			6
2025.05.28	01:16:42.127	0.93727	0.93745			6
2025.05.28	01:16:43.132		0.93744			4
2025.05.28	01:16:44.101		0.93745			4
2025.05.28	01:16:45.251		0.93744			4
2025.05.28	01:16:45.905		0.93745			4
2025.05.28	01:16:46.277	0.93724	0.93747			6
2025.05.28	01:16:47.325	0.93725				2
2025.05.28	01:16:48.424		0.93746			4
2025.05.28	01:16:49.459		0.93745			4
2025.05.28	01:16:49.782		0.93746			4
2025.05.28	01:16:53.406	0.93724	0.93747			6
2025.05.28	01:16:55.158	0.93725	0.93746			6
2025.05.28	01:16:55.609	0.93724				2
2025.05.28	01:16:56.193	0.93728	0.93745			6
2025.05.28	01:16:57.687		0.93744			4
2025.05.28	01:17:00.795	0.93730	0.93746			6
2025.05.28	01:17:01.100	0.93732	0.93748			6
2025.05.28	01:17:01.633	0.93733	0.93750			6
2025.05.28	01:17:02.237	0.93732	0.93748			6
2025.05.28	01:17:02.548	0.93733	0.93749			6
2025.05.28	01:17:02.868	0.93734	0.93750			6
2025.05.28	01:17:03.183	0.93733	0.93749			6
2025.05.28	01:17:04.032	0.93734	0.93750			6
2025.05.28	01:17:05.198	0.93741	0.93757			6
2025.05.28	01:17:07.293		0.93756			4
2025.05.28	01:17:14.214	0.93742	0.93758			6
2025.05.28	01:17:15.164	0.93740	0.93756			6
2025.05.28	01:17:18.674	0.93739	0.93754			6
2025.05.28	01:17:19.499	0.93738				2
2025.05.28	01:17:19.869	0.93739				2
2025.05.28	01:17:22.192		0.93755			4
2025.05.28	01:17:35.101	0.93738				2
2025.05.28	01:17:40.614		0.93753			4
2025.05.28	01:17:41.665		0.93754			4
2025.05.28	01:17:42.720	0.93737	0.93753			6
2025.05.28	01:17:43.764		0.93752			4
2025.05.28	01:17:44.100		0.93753			4
2025.05.28	01:17:49.755		0.93752			4
2025.05.28	01:17:50.492		0.93753			4
2025.05.28	01:17:51.705	0.93738				2
2025.05.28	01:18:00.617	0.93738				2
2025.05.28	01:18:04.160	0.93735	0.93752			6
2025.05.28	01:18:05.438		0.93753			4
2025.05.28	01:18:08.635	0.93737				2
2025.05.28	01:18:10.468	0.93735	0.93751			6
2025.05.28	01:18:10.876	0.93737	0.93752			6
2025.05.28	01:18:11.185	0.93735	0.93750			6
2025.05.28	01:18:12.411		0.93751			4
2025.05.28	01:18:14.401	0.93736				2
2025.05.28	01:18:15.136	0.93735	0.93750			6
2025.05.28	01:18:15.599	0.93734				2
2025.05.28	01:18:16.157	0.93736	0.93751			6
2025.05.28	01:18:17.165	0.93735				2
2025.05.28	01:18:17.643	0.93736	0.93752			6
2025.05.28	01:18:18.296	0.93735	0.93750			6
2025.05.28	01:18:21.338	0.93736	0.93751			6
2025.05.28	01:18:21.664	0.93735				2
2025.05.28	01:18:25.748	0.93736				2
2025.05.28	01:18:26.761	0.93734	0.93749			6
2025.05.28	01:18:27.777	0.93736	0.93752			6
2025.05.28	01:18:28.790	0.93735	0.93751			6
2025.05.28	01:18:29.109	0.93737	0.93752			6
2025.05.28	01:18:29.672	0.93735	0.93751			6
2025.05.28	01:18:29.977		0.93750			4
2025.05.28	01:18:32.328	0.93736	0.93751			6
2025.05.28	01:18:33.075	0.93735	0.93750			6
2025.05.28	01:18:35.510	0.93736	0.93751			6
2025.05.28	01:18:36.372	0.93735	0.93750			6
2025.05.28	01:18:38.400		0.93751			4
2025.05.28	01:18:38.812	0.93734	0.93750			6
2025.05.28	01:18:39.118	0.93735	0.93751			6
2025.05.28	01:18:40.132	0.93734	0.93750			6
2025.05.28	01:18:41.162	0.93735				2
2025.05.28	01:18:45.211	0.93734				2
2025.05.28	01:18:45.517	0.93735				2
2025.05.28	01:18:46.505		0.93751			4
2025.05.28	01:18:47.527	0.93734	0.93750			6
2025.05.28	01:18:49.666	0.93735	0.93751			6
2025.05.28	01:18:50.629		0.93750			4
2025.05.28	01:18:52.714	0.93734				2
2025.05.28	01:18:53.727	0.93736	0.93751			6
2025.05.28	01:18:54.097	0.93735	0.93750			6
2025.05.28	01:18:56.417	0.93734	0.93749			6
2025.05.28	01:18:57.449	0.93735	0.93750			6
2025.05.28	01:18:58.462	0.93734	0.93749			6
2025.05.28	01:18:59.255	0.93735	0.93750			6
2025.05.28	01:18:59.586	0.93734				2
2025.05.28	01:19:00.607	0.93735	0.93751			6
2025.05.28	01:19:01.266		0.93750			4
2025.05.28	01:19:02.400		0.93751			4
2025.05.28	01:19:03.600		0.93750			4
2025.05.28	01:19:05.508	0.93734	0.93749			6
2025.05.28	01:19:11.308	0.93735	0.93750			6
2025.05.28	01:19:11.832	0.93734	0.93749			6
2025.05.28	01:19:45.299	0.93733	0.93748			6
2025.05.28	01:19:58.711	0.93734	0.93749			6
2025.05.28	01:20:00.383	0.93734				2
2025.05.28	01:20:07.315	0.93733	0.93748			6
2025.05.28	01:20:08.533	0.93734	0.93749			6
2025.05.28	01:20:21.259	0.93733	0.93748			6
2025.05.28	01:20:22.379	0.93734	0.93749			6
2025.05.28	01:20:25.420	0.93733	0.93748			6
2025.05.28	01:20:29.306	0.93734	0.93749			6
2025.05.28	01:20:32.935	0.93733	0.93750			6
2025.05.28	01:20:33.259	0.93734	0.93749			6
2025.05.28	01:20:35.233	0.93733				2
2025.05.28	01:20:35.544		0.93748			4
2025.05.28	01:20:36.758		0.93749			4
2025.05.28	01:20:37.198		0.93748			4
2025.05.28	01:20:37.593		0.93750			4
2025.05.28	01:20:37.934		0.93748			4
2025.05.28	01:20:39.030	0.93734	0.93749			6
2025.05.28	01:20:40.968	0.93733	0.93748			6
2025.05.28	01:20:41.995	0.93734	0.93749			6
2025.05.28	01:20:45.925	0.93733	0.93748			6
2025.05.28	01:20:46.661	0.93734	0.93749			6
2025.05.28	01:20:49.755		0.93750			4
2025.05.28	01:20:50.938		0.93749			4
2025.05.28	01:20:54.669	0.93733				2
2025.05.28	01:20:55.400	0.93734	0.93750			6
2025.05.28	01:20:55.982		0.93749			4
2025.05.28	01:20:57.024	0.93733	0.93748			6
2025.05.28	01:20:58.375	0.93734	0.93749			6
2025.05.28	01:21:00.174	0.93734	0.93750			6
2025.05.28	01:21:00.481	0.93727	0.93742			6
2025.05.28	01:21:05.702	0.93728	0.93743			6
2025.05.28	01:21:07.504	0.93727				2
2025.05.28	01:21:08.549	0.93728				2
2025.05.28	01:21:13.580	0.93727				2
2025.05.28	01:21:14.765	0.93728				2
2025.05.28	01:21:15.542	0.93727				2
2025.05.28	01:21:16.775	0.93726				2
2025.05.28	01:21:20.858		0.93744			4
2025.05.28	01:21:22.217	0.93727	0.93743			6
2025.05.28	01:21:26.300	0.93726				2
2025.05.28	01:21:27.502	0.93727				2
2025.05.28	01:21:28.373	0.93726				2
2025.05.28	01:21:29.399	0.93727				2
2025.05.28	01:21:29.917	0.93728				2
2025.05.28	01:21:36.344		0.93744			4
2025.05.28	01:21:36.900		0.93743			4
2025.05.28	01:21:43.148	0.93727				2
2025.05.28	01:21:44.219	0.93728				2
2025.05.28	01:21:48.100		0.93742			4
2025.05.28	01:21:50.701	0.93727				2
2025.05.28	01:21:51.608	0.93726				2
2025.05.28	01:21:52.000	0.93727	0.93741			6
2025.05.28	01:21:52.855		0.93742			4
2025.05.28	01:21:58.057		0.93741			4
2025.05.28	01:22:00.111	0.93727	0.93742			6
2025.05.28	01:22:01.171		0.93743			4
2025.05.28	01:22:02.041	0.93726	0.93744			6
2025.05.28	01:22:02.375	0.93727	0.93743			6
2025.05.28	01:22:05.321	0.93726	0.93744			6
2025.05.28	01:22:08.591	0.93727	0.93743			6
2025.05.28	01:22:11.506		0.93744			4
2025.05.28	01:22:12.518	0.93726				2
2025.05.28	01:22:13.777	0.93727	0.93743			6
2025.05.28	01:22:16.650	0.93724	0.93739			6
2025.05.28	01:22:17.942	0.93723	0.93740			6
2025.05.28	01:22:18.599	0.93724				2
2025.05.28	01:22:19.019	0.93723				2
2025.05.28	01:22:19.500	0.93724				2
2025.05.28	01:22:19.982	0.93723				2
2025.05.28	01:22:20.699	0.93726	0.93741			6
2025.05.28	01:22:21.118		0.93742			4
2025.05.28	01:22:40.937		0.93741			4
2025.05.28	01:22:43.060		0.93742			4
2025.05.28	01:22:43.676	0.93725	0.93741			6
2025.05.28	01:22:48.932	0.93726				2
2025.05.28	01:22:49.839	0.93725				2
2025.05.28	01:22:50.339	0.93726				2
2025.05.28	01:22:50.940	0.93725				2
2025.05.28	01:22:54.174	0.93726				2
2025.05.28	01:22:55.372	0.93729				2
2025.05.28	01:22:59.481		0.93742			4
2025.05.28	01:23:00.651	0.93726				2
2025.05.28	01:23:01.800	0.93725				2
2025.05.28	01:23:03.001	0.93726				2
2025.05.28	01:23:03.452		0.93741			4
2025.05.28	01:23:03.775	0.93725	0.93742			6
2025.05.28	01:23:05.009	0.93729	0.93744			6
2025.05.28	01:23:10.910		0.93743			4
2025.05.28	01:23:12.301		0.93744			4
2025.05.28	01:23:19.063		0.93743			4
2025.05.28	01:23:26.699		0.93744			4
2025.05.28	01:23:28.200		0.93743			4
2025.05.28	01:23:28.956	0.93727				2
2025.05.28	01:23:29.400		0.93744			4
2025.05.28	01:23:29.924		0.93743			4
2025.05.28	01:23:31.418		0.93744			4
2025.05.28	01:23:32.321		0.93743			4
2025.05.28	01:23:33.000		0.93744			4
2025.05.28	01:23:35.656		0.93743			4
2025.05.28	01:23:43.499		0.93744			4
2025.05.28	01:23:45.115		0.93743			4
2025.05.28	01:23:46.199		0.93744			4
2025.05.28	01:23:53.702		0.93743			4
2025.05.28	01:23:55.157		0.93744			4
2025.05.28	01:23:56.150	0.93728	0.93743			6
2025.05.28	01:23:59.779		0.93742			4
2025.05.28	01:24:00.601	0.93728				2
2025.05.28	01:24:00.976		0.93743			4
2025.05.28	01:24:01.283		0.93742			4
2025.05.28	01:24:02.931	0.93729	0.93743			6
2025.05.28	01:24:06.047		0.93744			4
2025.05.28	01:24:08.879	0.93728				2
2025.05.28	01:24:09.283	0.93729				2
2025.05.28	01:24:09.981		0.93743			4
2025.05.28	01:24:11.007		0.93744			4
2025.05.28	01:24:12.394		0.93743			4
2025.05.28	01:24:23.445	0.93730	0.93744			6
2025.05.28	01:24:24.387	0.93731	0.93745			6
2025.05.28	01:24:28.202	0.93732	0.93746			6
2025.05.28	01:24:30.894	0.93731				2
2025.05.28	01:24:39.417		0.93745			4
2025.05.28	01:24:40.803		0.93746			4
2025.05.28	01:24:47.438		0.93745			4
2025.05.28	01:24:51.299		0.93746			4
2025.05.28	01:24:53.672		0.93745			4
2025.05.28	01:25:00.922	0.93731				2
2025.05.28	01:25:01.644		0.93746			4
2025.05.28	01:25:03.303		0.93745			4
2025.05.28	01:25:11.100		0.93746			4
2025.05.28	01:25:29.430	0.93733	0.93747			6
2025.05.28	01:25:30.564		0.93748			4
2025.05.28	01:25:36.004	0.93732	0.93747			6
2025.05.28	01:25:36.887		0.93746			4
2025.05.28	01:25:38.377	0.93733	0.93748			6
2025.05.28	01:25:38.679	0.93736	0.93752			6
2025.05.28	01:25:39.084		0.93751			4
2025.05.28	01:25:46.241	0.93738	0.93752			6
2025.05.28	01:25:46.563	0.93737				2
2025.05.28	01:25:46.866		0.93753			4
2025.05.28	01:25:47.400		0.93751			4
2025.05.28	01:25:57.084		0.93752			4
2025.05.28	01:25:57.518		0.93751			4
2025.05.28	01:25:58.811		0.93752			4
2025.05.28	01:26:00.900	0.93737				2
2025.05.28	01:26:02.006		0.93751			4
2025.05.28	01:26:07.521	0.93738	0.93752			6
2025.05.28	01:26:08.548	0.93737	0.93751			6
2025.05.28	01:26:15.601		0.93752			4
2025.05.28	01:26:18.546	0.93738	0.93753			6
2025.05.28	01:26:26.893	0.93736	0.93751			6
2025.05.28	01:26:27.241	0.93737				2
2025.05.28	01:26:27.900	0.93736				2
2025.05.28	01:26:31.220	0.93735	0.93748			6
2025.05.28	01:26:41.583	0.93734				2
2025.05.28	01:26:51.952	0.93736	0.93751			6
2025.05.28	01:26:54.000		0.93750			4
2025.05.28	01:27:01.156	0.93736				2
2025.05.28	01:27:06.138	0.93735				2
2025.05.28	01:27:08.100	0.93736				2
2025.05.28	01:27:10.784	0.93738	0.93752			6
2025.05.28	01:27:13.687	0.93737	0.93751			6
2025.05.28	01:27:23.792		0.93753			4
2025.05.28	01:27:26.103	0.93738	0.93752			6
2025.05.28	01:27:36.551	0.93736	0.93751			6
2025.05.28	01:27:38.377	0.93735	0.93749			6
2025.05.28	01:27:46.648	0.93736	0.93751			6
2025.05.28	01:27:49.252	0.93735	0.93749			6
2025.05.28	01:27:50.336	0.93737	0.93752			6
2025.05.28	01:27:53.163	0.93735	0.93750			6
2025.05.28	01:27:54.301		0.93749			4
2025.05.28	01:27:55.310	0.93734				2
2025.05.28	01:28:02.157	0.93734				2
2025.05.28	01:28:03.268	0.93735	0.93750			6
2025.05.28	01:28:03.903	0.93734	0.93749			6
2025.05.28	01:28:05.701	0.93735				2
2025.05.28	01:28:13.801		0.93750			4
2025.05.28	01:28:14.400		0.93749			4
2025.05.28	01:28:18.413	0.93734				2
2025.05.28	01:28:23.870	0.93735	0.93750			6
2025.05.28	01:28:24.200		0.93749			4
2025.05.28	01:28:25.088	0.93734				2
2025.05.28	01:28:27.599		0.93748			4
2025.05.28	01:28:31.807		0.93749			4
2025.05.28	01:28:40.802		0.93748			4
2025.05.28	01:28:49.202		0.93749			4
2025.05.28	01:28:51.619	0.93735	0.93750			6
2025.05.28	01:28:52.562		0.93749			4
2025.05.28	01:28:55.730	0.93734				2
2025.05.28	01:28:57.300	0.93735				2
2025.05.28	01:29:00.811	0.93734				2
2025.05.28	01:29:02.687		0.93748			4
2025.05.28	01:29:09.300		0.93749			4
2025.05.28	01:29:10.945	0.93735				2
2025.05.28	01:29:11.704	0.93734				2
2025.05.28	01:29:23.600	0.93741	0.93756			6
2025.05.28	01:29:24.381	0.93740				2
2025.05.28	01:29:24.686		0.93755			4
2025.05.28	01:29:28.759		0.93754			4
2025.05.28	01:29:31.600	0.93741	0.93755			6
2025.05.28	01:29:40.923	0.93740				2
2025.05.28	01:29:41.300	0.93749	0.93764			6
2025.05.28	01:29:41.608	0.93750	0.93762			6
2025.05.28	01:29:51.111	0.93749				2
2025.05.28	01:29:52.755	0.93750				2
2025.05.28	01:29:58.458	0.93751	0.93767			6
2025.05.28	01:30:00.000	0.93751				2
2025.05.28	01:30:00.590	0.93752				2
2025.05.28	01:30:02.217	0.93755	0.93766			6
2025.05.28	01:30:03.433		0.93765			4
2025.05.28	01:30:04.038	0.93754	0.93764			6
2025.05.28	01:30:04.643	0.93756	0.93770			6
2025.05.28	01:30:04.946		0.93769			4
2025.05.28	01:30:05.934		0.93767			4
2025.05.28	01:30:08.813	0.93752	0.93763			6
2025.05.28	01:30:38.338	0.93750				2
2025.05.28	01:30:42.114	0.93752				2
2025.05.28	01:30:45.040	0.93751				2
2025.05.28	01:30:45.880	0.93752				2
2025.05.28	01:31:01.285	0.93750				2
2025.05.28	01:31:06.662	0.93749				2
2025.05.28	01:31:09.830		0.93763			4
2025.05.28	01:31:13.951	0.93748	0.93760			6
2025.05.28	01:31:35.746	0.93749				2
2025.05.28	01:31:36.515		0.93759			4
2025.05.28	01:31:38.216	0.93748	0.93760			6
2025.05.28	01:31:39.049		0.93759			4
2025.05.28	01:31:41.251		0.93760			4
2025.05.28	01:31:43.028		0.93759			4
2025.05.28	01:31:45.149	0.93747				2
2025.05.28	01:31:47.556		0.93760			4
2025.05.28	01:31:48.249		0.93759			4
2025.05.28	01:32:00.568	0.93747				2
2025.05.28	01:32:01.706		0.93758			4
2025.05.28	01:32:08.599	0.93748	0.93759			6
2025.05.28	01:32:09.186	0.93747				2
2025.05.28	01:32:10.980	0.93748				2
2025.05.28	01:32:15.660		0.93758			4
2025.05.28	01:32:25.671	0.93747	0.93760			6
2025.05.28	01:32:26.522		0.93759			4
2025.05.28	01:32:28.582	0.93746				2
2025.05.28	01:32:29.924	0.93745				2
2025.05.28	01:32:32.400	0.93746				2
2025.05.28	01:32:50.154		0.93758			4
2025.05.28	01:32:55.249		0.93759			4
2025.05.28	01:32:57.198	0.93745				2
2025.05.28	01:32:59.091	0.93746				2
2025.05.28	01:33:02.071	0.93745				2
2025.05.28	01:33:03.056		0.93758			4
2025.05.28	01:33:03.381	0.93746				2
2025.05.28	01:33:04.298		0.93759			4
2025.05.28	01:33:06.358	0.93745				2
2025.05.28	01:33:07.714	0.93746				2
2025.05.28	01:33:10.823	0.93745				2
2025.05.28	01:33:11.381	0.93746				2
2025.05.28	01:33:11.740	0.93745				2
2025.05.28	01:33:12.655	0.93744				2
2025.05.28	01:33:13.340	0.93746				2
2025.05.28	01:33:14.601	0.93745				2
2025.05.28	01:33:17.008		0.93760			4
2025.05.28	01:33:17.399		0.93759			4
2025.05.28	01:33:20.129	0.93746				2
2025.05.28	01:33:26.124	0.93745	0.93758			6
2025.05.28	01:33:28.328	0.93744	0.93757			6
2025.05.28	01:33:28.975	0.93743				2
2025.05.28	01:33:31.584	0.93744				2
2025.05.28	01:33:34.826	0.93746	0.93759			6
2025.05.28	01:33:35.849	0.93745				2
2025.05.28	01:33:36.263		0.93758			4
2025.05.28	01:33:36.885		0.93759			4
2025.05.28	01:33:37.267		0.93758			4
2025.05.28	01:33:37.630		0.93759			4
2025.05.28	01:33:39.379	0.93744				2
2025.05.28	01:33:45.013		0.93758			4
2025.05.28	01:33:45.599		0.93759			4
2025.05.28	01:33:51.002		0.93758			4
2025.05.28	01:33:53.176		0.93759			4
2025.05.28	01:33:57.870		0.93758			4
2025.05.28	01:33:58.785		0.93759			4
2025.05.28	01:34:00.724	0.93744				2
2025.05.28	01:34:15.921		0.93758			4
2025.05.28	01:34:16.685	0.93743	0.93757			6
2025.05.28	01:34:19.199		0.93756			4
2025.05.28	01:34:19.697		0.93757			4
2025.05.28	01:34:22.115		0.93756			4
2025.05.28	01:34:39.938	0.93742				2
2025.05.28	01:34:45.906		0.93757			4
2025.05.28	01:34:46.515		0.93756			4
2025.05.28	01:34:47.702		0.93757			4
2025.05.28	01:34:48.881		0.93756			4
2025.05.28	01:34:49.899		0.93757			4
2025.05.28	01:34:51.303		0.93756			4
2025.05.28	01:34:56.400		0.93757			4
2025.05.28	01:34:56.720		0.93756			4
2025.05.28	01:35:00.919	0.93742				2
2025.05.28	01:35:02.700		0.93757			4
2025.05.28	01:35:03.300		0.93756			4
2025.05.28	01:35:04.364	0.93747	0.93759			6
2025.05.28	01:36:00.572	0.93747				2
2025.05.28	01:36:01.447	0.93750				2
2025.05.28	01:36:03.000		0.93764			4
2025.05.28	01:36:03.303	0.93751	0.93765			6
2025.05.28	01:36:03.666		0.93762			4
2025.05.28	01:36:18.869	0.93750				2
2025.05.28	01:36:35.291	0.93748				2
2025.05.28	01:36:36.683	0.93750				2
2025.05.28	01:36:38.949	0.93748				2
2025.05.28	01:36:41.701	0.93750				2
2025.05.28	01:36:42.896	0.93747				2
2025.05.28	01:37:00.727	0.93747				2
2025.05.28	01:37:05.400		0.93762			4
2025.05.28	01:37:05.752	0.93746				2
2025.05.28	01:37:10.975	0.93747	0.93759			6
2025.05.28	01:37:11.345	0.93748				2
2025.05.28	01:37:12.353	0.93747				2
2025.05.28	01:37:15.804	0.93746				2
2025.05.28	01:37:20.721	0.93748				2
2025.05.28	01:37:50.285	0.93750	0.93761			6
2025.05.28	01:37:55.379	0.93749	0.93760			6
2025.05.28	01:38:00.786	0.93749				2
2025.05.28	01:38:03.024	0.93748	0.93759			6
2025.05.28	01:38:06.580	0.93749	0.93760			6
2025.05.28	01:38:08.187		0.93759			4
2025.05.28	01:38:10.729		0.93760			4
2025.05.28	01:38:30.246		0.93759			4
2025.05.28	01:38:36.975	0.93748				2
2025.05.28	01:39:00.574	0.93747				2
2025.05.28	01:39:02.479	0.93746	0.93758			6
2025.05.28	01:39:03.203	0.93747	0.93759			6
2025.05.28	01:39:03.544		0.93758			4
2025.05.28	01:39:25.012		0.93757			4
2025.05.28	01:39:26.559		0.93760			4
2025.05.28	01:39:27.589	0.93748				2
2025.05.28	01:39:31.590		0.93759			4
2025.05.28	01:39:46.357	0.93746	0.93760			6
2025.05.28	01:39:48.904	0.93745				2
2025.05.28	01:39:49.543	0.93747				2
2025.05.28	01:39:50.742	0.93746				2
2025.05.28	01:39:51.103	0.93747	0.93761			6
2025.05.28	01:39:51.558		0.93760			4
2025.05.28	01:39:51.948	0.93744	0.93755			6
2025.05.28	01:39:52.280		0.93756			4
2025.05.28	01:39:55.313		0.93755			4
2025.05.28	01:39:59.958	0.93743				2
2025.05.28	01:40:00.938	0.93744	0.93757			6
2025.05.28	01:40:03.736		0.93756			4
2025.05.28	01:40:04.204	0.93745				2
2025.05.28	01:40:10.900		0.93757			4
2025.05.28	01:40:16.679		0.93758			4
2025.05.28	01:40:39.609		0.93757			4
2025.05.28	01:40:40.633		0.93758			4
2025.05.28	01:40:41.358		0.93756			4
2025.05.28	01:40:54.621		0.93758			4
2025.05.28	01:40:58.128		0.93757			4
2025.05.28	01:40:59.231		0.93756			4
2025.05.28	01:41:00.303	0.93745	0.93757			6
2025.05.28	01:41:01.014		0.93756			4
2025.05.28	01:41:02.705	0.93744				2
2025.05.28	01:41:06.300	0.93745				2
2025.05.28	01:41:18.871		0.93757			4
2025.05.28	01:41:20.587		0.93758			4
2025.05.28	01:41:30.458		0.93756			4
2025.05.28	01:41:37.160	0.93738	0.93751			6
2025.05.28	01:41:39.627		0.93752			4
2025.05.28	01:41:44.444		0.93753			4
2025.05.28	01:41:48.437	0.93741	0.93756			6
2025.05.28	01:41:52.200		0.93755			4
2025.05.28	01:42:01.500	0.93741				2
2025.05.28	01:42:05.547	0.93740	0.93754			6
2025.05.28	01:42:20.625	0.93741				2
2025.05.28	01:42:31.504		0.93755			4
2025.05.28	01:42:33.132		0.93754			4
2025.05.28	01:42:35.149	0.93745	0.93758			6
2025.05.28	01:43:00.172	0.93745				2
2025.05.28	01:43:35.523		0.93758			4
2025.05.28	01:43:36.153	0.93746	0.93759			6
2025.05.28	01:43:37.864	0.93747	0.93760			6
2025.05.28	01:43:44.102		0.93761			4
2025.05.28	01:43:47.047		0.93760			4
2025.05.28	01:43:47.449	0.93745	0.93758			6
2025.05.28	01:43:49.704	0.93746	0.93759			6
2025.05.28	01:43:56.329	0.93747	0.93761			6
2025.05.28	01:43:56.769		0.93759			4
2025.05.28	01:44:00.004	0.93747				2
2025.05.28	01:44:15.460	0.93750	0.93761			6
2025.05.28	01:44:15.781	0.93751				2
2025.05.28	01:44:16.766	0.93750	0.93762			6
2025.05.28	01:44:25.228	0.93752	0.93763			6
2025.05.28	01:44:36.976	0.93748	0.93762			6
2025.05.28	01:44:41.876	0.93751				2
2025.05.28	01:44:42.351	0.93748				2
2025.05.28	01:44:46.202	0.93749				2
2025.05.28	01:44:51.453	0.93750				2
2025.05.28	01:45:00.715	0.93750				2
2025.05.28	01:45:01.673		0.93763			4
2025.05.28	01:45:03.244		0.93762			4
2025.05.28	01:45:06.281		0.93763			4
2025.05.28	01:45:07.112		0.93762			4
2025.05.28	01:45:11.405		0.93763			4
2025.05.28	01:45:19.896	0.93751				2
2025.05.28	01:46:00.296	0.93751				2
2025.05.28	01:46:07.905		0.93764			4
2025.05.28	01:46:10.180		0.93763			4
2025.05.28	01:46:15.592	0.93750	0.93767			6
2025.05.28	01:46:15.963		0.93766			4
2025.05.28	01:46:29.432	0.93752	0.93765			6
2025.05.28	01:46:29.996	0.93749				2
2025.05.28	01:46:35.675	0.93750	0.93764			6
2025.05.28	01:46:37.475	0.93749	0.93765			6
2025.05.28	01:46:43.674	0.93753	0.93766			6
2025.05.28	01:46:44.133	0.93750	0.93765			6
2025.05.28	01:46:44.649	0.93753	0.93766			6
2025.05.28	01:46:45.037	0.93750	0.93764			6
2025.05.28	01:46:45.453		0.93763			4
2025.05.28	01:46:54.571		0.93764			4
2025.05.28	01:47:00.571	0.93750	0.93763			6
2025.05.28	01:47:07.097	0.93751				2
2025.05.28	01:47:09.095		0.93764			4
2025.05.28	01:47:14.220		0.93763			4
2025.05.28	01:47:17.800	0.93749				2
2025.05.28	01:47:18.690		0.93762			4
2025.05.28	01:47:43.910	0.93750	0.93765			6
2025.05.28	01:47:45.338	0.93753	0.93764			6
2025.05.28	01:47:48.605		0.93765			4
2025.05.28	01:47:49.586	0.93750				2
2025.05.28	01:47:52.253		0.93766			4
2025.05.28	01:47:56.115		0.93765			4
2025.05.28	01:48:04.224	0.93749				2
2025.05.28	01:48:04.687		0.93766			4
2025.05.28	01:48:05.001		0.93764			4
2025.05.28	01:48:09.302	0.93748				2
2025.05.28	01:48:12.428	0.93752	0.93765			6
2025.05.28	01:48:19.811	0.93749				2
2025.05.28	01:48:26.101		0.93764			4
2025.05.28	01:48:30.446		0.93765			4
2025.05.28	01:48:47.104		0.93764			4
2025.05.28	01:48:51.900		0.93765			4
2025.05.28	01:48:59.853	0.93752				2
2025.05.28	01:49:00.555	0.93749				2
2025.05.28	01:49:01.914	0.93751	0.93766			6
2025.05.28	01:49:02.239		0.93765			4
2025.05.28	01:49:03.589		0.93766			4
2025.05.28	01:49:12.004		0.93765			4
2025.05.28	01:49:14.353		0.93766			4
2025.05.28	01:49:14.661		0.93765			4
2025.05.28	01:49:18.926		0.93766			4
2025.05.28	01:49:21.242		0.93765			4
2025.05.28	01:49:39.081	0.93754				2
2025.05.28	01:49:40.137		0.93766			4
2025.05.28	01:49:46.366		0.93765			4
2025.05.28	01:49:54.099		0.93766			4
2025.05.28	01:50:01.471	0.93754				2
2025.05.28	01:50:18.248		0.93765			4
2025.05.28	01:50:21.269		0.93766			4
2025.05.28	01:50:33.393	0.93753				2
2025.05.28	01:50:41.354	0.93754				2
2025.05.28	01:50:41.891		0.93765			4
2025.05.28	01:50:51.001	0.93755	0.93766			6
2025.05.28	01:50:51.601		0.93765			4
2025.05.28	01:51:02.288	0.93755	0.93766			6
2025.05.28	01:51:07.410		0.93767			4
2025.05.28	01:51:08.095		0.93769			4
2025.05.28	01:51:08.413		0.93768			4
2025.05.28	01:51:08.717		0.93769			4
2025.05.28	01:51:15.147	0.93756				2
2025.05.28	01:51:16.210	0.93757	0.93770			6
2025.05.28	01:51:53.188	0.93758	0.93772			6
2025.05.28	01:51:59.405		0.93771			4
2025.05.28	01:52:00.538	0.93758	0.93772			6
2025.05.28	01:52:01.416		0.93771			4
2025.05.28	01:52:03.317	0.93757				2
2025.05.28	01:52:03.638	0.93759	0.93772			6
2025.05.28	01:52:08.956	0.93758	0.93771			6
2025.05.28	01:52:09.744	0.93757				2
2025.05.28	01:52:11.785	0.93758				2
2025.05.28	01:52:22.230		0.93774			4
2025.05.28	01:52:22.558	0.93760				2
2025.05.28	01:52:24.312		0.93773			4
2025.05.28	01:52:25.099		0.93772			4
2025.05.28	01:52:35.400	0.93759				2
2025.05.28	01:52:36.060		0.93771			4
2025.05.28	01:52:38.511		0.93770			4
2025.05.28	01:52:39.400	0.93758	0.93771			6
2025.05.28	01:52:41.446	0.93759	0.93772			6
2025.05.28	01:52:43.066		0.93771			4
2025.05.28	01:52:52.218	0.93758	0.93774			6
2025.05.28	01:52:57.003	0.93757				2
2025.05.28	01:53:00.481	0.93758				2
2025.05.28	01:53:01.584	0.93757				2
2025.05.28	01:53:04.035	0.93758				2
2025.05.28	01:53:05.827	0.93757				2
2025.05.28	01:53:09.408	0.93758				2
2025.05.28	01:53:16.183	0.93757				2
2025.05.28	01:53:18.384	0.93762	0.93775			6
2025.05.28	01:53:19.352	0.93761	0.93774			6
2025.05.28	01:53:22.529	0.93762	0.93775			6
2025.05.28	01:53:24.336	0.93761				2
2025.05.28	01:53:24.730	0.93762				2
2025.05.28	01:53:25.476	0.93761				2
2025.05.28	01:53:28.608	0.93760	0.93774			6
2025.05.28	01:53:32.713	0.93761				2
2025.05.28	01:53:33.739	0.93759				2
2025.05.28	01:53:38.981	0.93761				2
2025.05.28	01:53:52.975	0.93760				2
2025.05.28	01:53:56.600	0.93761	0.93775			6
2025.05.28	01:54:06.474	0.93759	0.93772			6
2025.05.28	01:54:06.786	0.93760				2
2025.05.28	01:54:07.500	0.93759				2
2025.05.28	01:54:11.512	0.93757	0.93771			6
2025.05.28	01:54:15.602	0.93758				2
2025.05.28	01:54:26.403	0.93757				2
2025.05.28	01:54:28.204	0.93758				2
2025.05.28	01:54:33.602	0.93757				2
2025.05.28	01:54:39.603	0.93758				2
2025.05.28	01:54:50.100	0.93759				2
2025.05.28	01:55:00.316	0.93757				2
2025.05.28	01:55:00.629	0.93759				2
2025.05.28	01:55:08.179	0.93758	0.93774			6
2025.05.28	01:55:11.320	0.93759	0.93772			6
2025.05.28	01:55:21.435	0.93756	0.93771			6
2025.05.28	01:55:26.687	0.93757				2
2025.05.28	01:55:32.132	0.93759				2
2025.05.28	01:56:06.600	0.93759				2
2025.05.28	01:56:13.046	0.93758				2
2025.05.28	01:56:21.908		0.93771			4
2025.05.28	01:56:51.076		0.93770			4
2025.05.28	01:56:53.267		0.93769			4
2025.05.28	01:56:55.356		0.93768			4
2025.05.28	01:56:59.477		0.93772			4
2025.05.28	01:57:00.515	0.93758				2
2025.05.28	01:57:07.284	0.93759				2
2025.05.28	01:57:12.379	0.93758	0.93771			6
2025.05.28	01:57:17.159	0.93755	0.93766			6
2025.05.28	01:57:17.476	0.93753				2
2025.05.28	01:57:19.091	0.93756	0.93767			6
2025.05.28	01:57:26.368	0.93754				2
2025.05.28	01:57:28.133	0.93756				2
2025.05.28	01:57:50.478		0.93766			4
2025.05.28	01:57:52.317		0.93767			4
2025.05.28	01:57:52.712	0.93755	0.93769			6
2025.05.28	01:57:53.041		0.93768			4
2025.05.28	01:58:00.616	0.93755				2
2025.05.28	01:58:03.154	0.93757	0.93769			6
2025.05.28	01:58:05.210	0.93760	0.93772			6
2025.05.28	01:58:05.534	0.93759				2
2025.05.28	01:58:07.202	0.93757				2
2025.05.28	01:58:10.570		0.93773			4
2025.05.28	01:58:13.787	0.93759	0.93770			6
2025.05.28	01:58:17.764	0.93756				2
2025.05.28	01:58:19.326	0.93755	0.93773			6
2025.05.28	01:58:19.911	0.93756				2
2025.05.28	01:58:20.243	0.93758	0.93770			6
2025.05.28	01:58:20.591	0.93759				2
2025.05.28	01:58:22.808	0.93758				2
2025.05.28	01:58:23.137	0.93760				2
2025.05.28	01:58:23.909	0.93759				2
2025.05.28	01:58:26.828	0.93757	0.93767			6
2025.05.28	01:58:40.915	0.93758	0.93768			6
2025.05.28	01:58:45.495	0.93757				2
2025.05.28	01:58:52.251	0.93755	0.93764			6
2025.05.28	01:58:53.107	0.93756	0.93765			6
2025.05.28	01:58:56.257		0.93764			4
2025.05.28	01:59:01.352	0.93753	0.93763			6
2025.05.28	01:59:01.659	0.93754	0.93767			6
2025.05.28	01:59:03.576		0.93764			4
2025.05.28	01:59:08.705	0.93755				2
2025.05.28	01:59:12.299	0.93754				2
2025.05.28	01:59:20.064	0.93755				2
2025.05.28	01:59:23.281	0.93754				2
2025.05.28	01:59:27.599	0.93755				2
2025.05.28	01:59:28.291		0.93763			4
2025.05.28	01:59:28.617	0.93754				2
2025.05.28	01:59:30.502	0.93753				2
2025.05.28	01:59:37.287	0.93752				2
2025.05.28	01:59:39.764	0.93753				2
2025.05.28	01:59:40.616	0.93754				2
2025.05.28	01:59:41.332	0.93753				2
2025.05.28	01:59:44.875	0.93754				2
2025.05.28	01:59:55.480	0.93753				2
2025.05.28	02:00:00.570	0.93753				2
2025.05.28	02:00:04.390	0.93752	0.93762			6
2025.05.28	02:00:08.650	0.93751	0.93764			6
2025.05.28	02:00:09.605	0.93755	0.93765			6
2025.05.28	02:00:14.112	0.93754				2
2025.05.28	02:00:15.240	0.93755				2
2025.05.28	02:00:23.997	0.93751	0.93764			6
2025.05.28	02:00:34.171	0.93753	0.93765			6
2025.05.28	02:00:34.802	0.93752				2
2025.05.28	02:00:40.595	0.93751				2
2025.05.28	02:00:44.502		0.93761			4
2025.05.28	02:00:45.609	0.93749	0.93762			6
2025.05.28	02:00:51.820	0.93747	0.93759			6
2025.05.28	02:00:52.304	0.93750	0.93763			6
2025.05.28	02:00:52.622	0.93748	0.93762			6
2025.05.28	02:00:53.101	0.93749				2
2025.05.28	02:01:00.387	0.93749				2
2025.05.28	02:01:00.739	0.93750	0.93763			6
2025.05.28	02:01:01.740		0.93764			4
2025.05.28	02:01:11.487	0.93751	0.93765			6
2025.05.28	02:01:12.693		0.93764			4
2025.05.28	02:01:17.401		0.93765			4
2025.05.28	02:01:22.771	0.93750	0.93764			6
2025.05.28	02:01:23.078	0.93751				2
2025.05.28	02:01:25.556		0.93763			4
2025.05.28	02:01:26.393	0.93750	0.93764			6
2025.05.28	02:01:26.710	0.93749	0.93763			6
2025.05.28	02:01:27.846	0.93750	0.93762			6
2025.05.28	02:01:28.186		0.93763			4
2025.05.28	02:01:30.489		0.93762			4
2025.05.28	02:01:30.809	0.93749				2
2025.05.28	02:01:33.555	0.93750				2
2025.05.28	02:02:02.382	0.93749	0.93763			6
2025.05.28	02:02:07.675		0.93762			4
2025.05.28	02:02:23.113		0.93763			4
2025.05.28	02:02:27.702	0.93756	0.93761			6
2025.05.28	02:02:30.125	0.93749	0.93762			6
2025.05.28	02:02:47.397	0.93748	0.93761			6
2025.05.28	02:02:49.695		0.93762			4
2025.05.28	02:02:55.807	0.93747	0.93763			6
2025.05.28	02:03:00.368	0.93750	0.93764			6
2025.05.28	02:03:03.371		0.93765			4
2025.05.28	02:03:11.129	0.93753	0.93766			6
2025.05.28	02:03:11.804	0.93752				2
2025.05.28	02:03:12.123		0.93765			4
2025.05.28	02:03:12.594	0.93751				2
2025.05.28	02:03:15.103	0.93750	0.93763			6
2025.05.28	02:03:15.502	0.93749				2
2025.05.28	02:03:19.800	0.93748				2
2025.05.28	02:03:25.211		0.93764			4
2025.05.28	02:03:25.544	0.93749	0.93763			6
2025.05.28	02:03:38.400		0.93764			4
2025.05.28	02:03:43.324		0.93763			4
2025.05.28	02:03:52.530	0.93748				2
2025.05.28	02:03:54.426	0.93749	0.93762			6
2025.05.28	02:04:00.001	0.93749				2
2025.05.28	02:04:20.169	0.93752	0.93766			6
2025.05.28	02:04:23.751	0.93755	0.93768			6
2025.05.28	02:04:26.969	0.93756				2
2025.05.28	02:04:29.391	0.93755				2
2025.05.28	02:04:46.057	0.93756				2
2025.05.28	02:04:46.374	0.93758	0.93770			6
2025.05.28	02:04:46.745	0.93757				2
2025.05.28	02:04:59.544	0.93756	0.93769			6
2025.05.28	02:05:00.000	0.93756				2
2025.05.28	02:06:00.566	0.93756	0.93769			6
2025.05.28	02:06:11.602		0.93770			4
2025.05.28	02:06:15.251	0.93757				2
2025.05.28	02:06:17.293		0.93769			4
2025.05.28	02:06:18.999		0.93767			4
2025.05.28	02:06:19.509	0.93756				2
2025.05.28	02:06:22.550	0.93757	0.93769			6
2025.05.28	02:06:24.208		0.93767			4
2025.05.28	02:06:41.312	0.93756	0.93768			6
2025.05.28	02:06:42.423		0.93769			4
2025.05.28	02:06:42.821		0.93768			4
2025.05.28	02:07:00.631	0.93756	0.93769			6
2025.05.28	02:07:19.709	0.93754	0.93767			6
2025.05.28	02:07:25.992	0.93757	0.93768			6
2025.05.28	02:07:29.400	0.93756				2
2025.05.28	02:07:51.892		0.93769			4
2025.05.28	02:08:02.241	0.93756				2
2025.05.28	02:08:03.183		0.93770			4
2025.05.28	02:08:08.403		0.93769			4
2025.05.28	02:08:15.027		0.93768			4
2025.05.28	02:08:21.996		0.93769			4
2025.05.28	02:09:06.909	0.93756				2
2025.05.28	02:09:15.900		0.93770			4
2025.05.28	02:09:22.585		0.93767			4
2025.05.28	02:09:23.318		0.93768			4
2025.05.28	02:09:50.084		0.93767			4
2025.05.28	02:09:50.779		0.93768			4
2025.05.28	02:09:52.431		0.93767			4
2025.05.28	02:09:52.856	0.93755				2
2025.05.28	02:10:00.469	0.93756	0.93769			6
2025.05.28	02:10:05.240		0.93768			4
2025.05.28	02:10:07.014	0.93755	0.93766			6
2025.05.28	02:10:08.101	0.93754				2
2025.05.28	02:10:10.800	0.93755				2
2025.05.28	02:10:17.442	0.93756				2
2025.05.28	02:10:18.002	0.93755				2
2025.05.28	02:10:25.181	0.93756	0.93770			6
2025.05.28	02:10:26.411		0.93769			4
2025.05.28	02:10:26.979	0.93755	0.93767			6
2025.05.28	02:10:27.301	0.93756				2
2025.05.28	02:10:35.397		0.93768			4
2025.05.28	02:10:56.938		0.93767			4
2025.05.28	02:11:00.689	0.93756	0.93768			6
2025.05.28	02:11:07.890	0.93757				2
2025.05.28	02:11:15.917	0.93756				2
2025.05.28	02:11:23.167		0.93770			4
2025.05.28	02:11:34.837		0.93769			4
2025.05.28	02:11:43.422	0.93757	0.93770			6
2025.05.28	02:12:00.567	0.93757				2
2025.05.28	02:12:07.962		0.93769			4
2025.05.28	02:12:13.799	0.93758	0.93770			6
2025.05.28	02:12:17.400		0.93771			4
2025.05.28	02:12:18.599	0.93757	0.93770			6
2025.05.28	02:12:23.535	0.93758				2
2025.05.28	02:12:29.400		0.93771			4
2025.05.28	02:12:40.570	0.93759				2
2025.05.28	02:13:01.040	0.93759				2
2025.05.28	02:13:11.218	0.93758				2
2025.05.28	02:13:13.720	0.93759				2
2025.05.28	02:13:19.222	0.93758				2
2025.05.28	02:13:19.998	0.93759				2
2025.05.28	02:13:20.507	0.93758				2
2025.05.28	02:13:21.218	0.93759				2
2025.05.28	02:13:21.693	0.93758	0.93772			6
2025.05.28	02:13:24.486	0.93759	0.93771			6
2025.05.28	02:13:43.723	0.93760	0.93772			6
2025.05.28	02:13:51.698	0.93758	0.93770			6
2025.05.28	02:14:00.056	0.93762	0.93774			6
2025.05.28	02:14:00.358		0.93773			4
2025.05.28	02:14:03.173	0.93766	0.93777			6
2025.05.28	02:14:05.364	0.93768	0.93779			6
2025.05.28	02:14:06.114	0.93772	0.93781			6
2025.05.28	02:14:10.035	0.93770				2
2025.05.28	02:14:14.179	0.93771				2
2025.05.28	02:14:16.394		0.93782			4
2025.05.28	02:14:18.569		0.93783			4
2025.05.28	02:14:18.943	0.93772				2
2025.05.28	02:14:22.584		0.93784			4
2025.05.28	02:14:24.040		0.93783			4
2025.05.28	02:14:25.309	0.93771				2
2025.05.28	02:14:27.304	0.93770	0.93781			6
2025.05.28	02:14:30.310	0.93769				2
2025.05.28	02:14:34.382		0.93779			4
2025.05.28	02:14:54.317	0.93768				2
2025.05.28	02:15:00.104	0.93767				2
2025.05.28	02:15:00.511	0.93766	0.93778			6
2025.05.28	02:15:01.453		0.93779			4
2025.05.28	02:15:01.800	0.93767				2
2025.05.28	02:15:07.581		0.93780			4
2025.05.28	02:15:08.079	0.93772	0.93784			6
2025.05.28	02:15:08.605		0.93783			4
2025.05.28	02:15:15.602	0.93773	0.93784			6
2025.05.28	02:15:17.938	0.93771	0.93783			6
2025.05.28	02:15:18.306		0.93782			4
2025.05.28	02:15:21.139	0.93770				2
2025.05.28	02:15:53.552		0.93783			4
2025.05.28	02:15:55.464		0.93782			4
2025.05.28	02:15:55.787	0.93771				2
2025.05.28	02:16:00.424	0.93771	0.93783			6
2025.05.28	02:16:01.882	0.93772				2
2025.05.28	02:16:06.789	0.93771				2
2025.05.28	02:16:07.186	0.93772				2
2025.05.28	02:16:09.399	0.93771				2
2025.05.28	02:16:14.308		0.93784			4
2025.05.28	02:16:14.637		0.93783			4
2025.05.28	02:16:16.521		0.93784			4
2025.05.28	02:16:24.270	0.93770	0.93783			6
2025.05.28	02:16:24.580	0.93769	0.93782			6
2025.05.28	02:16:26.174		0.93783			4
2025.05.28	02:16:27.611	0.93770				2
2025.05.28	02:16:35.219		0.93782			4
2025.05.28	02:16:41.103		0.93783			4
2025.05.28	02:16:44.171		0.93781			4
2025.05.28	02:16:55.429	0.93772	0.93784			6
2025.05.28	02:17:00.618	0.93772				2
2025.05.28	02:17:12.015	0.93773				2
2025.05.28	02:17:24.136	0.93771				2
2025.05.28	02:17:51.396	0.93769				2
2025.05.28	02:17:51.707	0.93772	0.93785			6
2025.05.28	02:18:00.294	0.93772				2
2025.05.28	02:18:04.344	0.93773				2
2025.05.28	02:18:11.039	0.93771				2
2025.05.28	02:18:18.335	0.93772				2
2025.05.28	02:18:19.103		0.93784			4
2025.05.28	02:18:21.899	0.93771				2
2025.05.28	02:18:22.203		0.93783			4
2025.05.28	02:18:23.305	0.93773	0.93784			6
2025.05.28	02:18:23.616	0.93774	0.93785			6
2025.05.28	02:18:30.355		0.93788			4
2025.05.28	02:18:31.367		0.93785			4
2025.05.28	02:18:31.682		0.93786			4
2025.05.28	02:18:33.118		0.93785			4
2025.05.28	02:18:34.034	0.93773				2
2025.05.28	02:18:39.908	0.93772	0.93783			6
2025.05.28	02:18:42.600		0.93782			4
2025.05.28	02:18:43.948		0.93783			4
2025.05.28	02:18:44.283		0.93782			4
2025.05.28	02:18:45.075		0.93783			4
2025.05.28	02:18:49.048	0.93770	0.93781			6
2025.05.28	02:18:50.431		0.93780			4
2025.05.28	02:18:55.371		0.93781			4
2025.05.28	02:18:56.439		0.93782			4
2025.05.28	02:18:58.809		0.93780			4
2025.05.28	02:19:00.382	0.93770				2
2025.05.28	02:19:01.655		0.93782			4
2025.05.28	02:19:01.989		0.93781			4
2025.05.28	02:19:10.959		0.93782			4
2025.05.28	02:19:13.121	0.93773	0.93781			6
2025.05.28	02:19:13.532		0.93782			4
2025.05.28	02:19:14.297		0.93781			4
2025.05.28	02:19:14.598	0.93772	0.93780			6
2025.05.28	02:19:14.960		0.93781			4
2025.05.28	02:19:16.995	0.93771	0.93780			6
2025.05.28	02:19:17.558		0.93781			4
2025.05.28	02:19:21.466	0.93772				2
2025.05.28	02:19:22.655		0.93782			4
2025.05.28	02:19:27.889		0.93781			4
2025.05.28	02:19:31.611	0.93770				2
2025.05.28	02:19:31.963		0.93780			4
2025.05.28	02:19:47.366		0.93782			4
2025.05.28	02:19:49.436		0.93781			4
2025.05.28	02:19:53.219		0.93780			4
2025.05.28	02:19:57.768	0.93771				2
2025.05.28	02:20:00.198	0.93771				2
2025.05.28	02:20:02.986		0.93781			4
2025.05.28	02:20:16.500		0.93780			4
2025.05.28	02:20:17.331	0.93770	0.93781			6
2025.05.28	02:20:18.662		0.93780			4
2025.05.28	02:20:23.401		0.93779			4
2025.05.28	02:20:25.253	0.93771				2
2025.05.28	02:20:36.638	0.93770				2
2025.05.28	02:20:44.752	0.93771	0.93780			6
2025.05.28	02:20:48.650	0.93772	0.93781			6
2025.05.28	02:20:50.561		0.93780			4
2025.05.28	02:20:51.231		0.93781			4
2025.05.28	02:20:51.868		0.93780			4
2025.05.28	02:20:52.221	0.93770				2
2025.05.28	02:20:53.345		0.93782			4
2025.05.28	02:20:54.177	0.93772				2
2025.05.28	02:20:54.484		0.93781			4
2025.05.28	02:20:55.431	0.93770	0.93779			6
2025.05.28	02:21:00.882	0.93770				2
2025.05.28	02:21:04.178	0.93771				2
2025.05.28	02:21:24.326	0.93772	0.93782			6
2025.05.28	02:21:24.631	0.93773				2
2025.05.28	02:21:29.036	0.93771				2
2025.05.28	02:21:29.870	0.93774				2
2025.05.28	02:21:39.566		0.93783			4
2025.05.28	02:21:40.237	0.93771				2
2025.05.28	02:21:45.969	0.93774				2
2025.05.28	02:21:46.311	0.93775	0.93784			6
2025.05.28	02:22:00.352	0.93775	0.93785			6
2025.05.28	02:22:04.322	0.93774				2
2025.05.28	02:22:06.417	0.93775				2
2025.05.28	02:22:29.900	0.93777				2
2025.05.28	02:22:36.760	0.93776				2
2025.05.28	02:22:40.276		0.93784			4
2025.05.28	02:22:51.137		0.93785			4
2025.05.28	02:22:53.435		0.93784			4
2025.05.28	02:22:57.166	0.93788	0.93800			6
2025.05.28	02:22:58.850	0.93787	0.93799			6
2025.05.28	02:23:00.477	0.93787				2
2025.05.28	02:23:03.270	0.93788	0.93800			6
2025.05.28	02:23:03.575	0.93786	0.93799			6
2025.05.28	02:23:03.915		0.93798			4
2025.05.28	02:23:04.265	0.93784	0.93796			6
2025.05.28	02:23:08.100	0.93783				2
2025.05.28	02:23:08.425	0.93784				2
2025.05.28	02:23:09.515	0.93782	0.93795			6
2025.05.28	02:23:09.871	0.93781				2
2025.05.28	02:23:16.349	0.93780				2
2025.05.28	02:23:24.809	0.93781	0.93794			6
2025.05.28	02:23:25.126	0.93780	0.93792			6
2025.05.28	02:23:25.431	0.93779	0.93791			6
2025.05.28	02:23:25.755	0.93777	0.93789			6
2025.05.28	02:23:26.109		0.93790			4
2025.05.28	02:23:39.300		0.93789			4
2025.05.28	02:23:43.374	0.93778	0.93790			6
2025.05.28	02:23:45.079	0.93777				2
2025.05.28	02:23:46.196	0.93776	0.93789			6
2025.05.28	02:23:55.746	0.93778	0.93790			6
2025.05.28	02:23:56.387	0.93777	0.93789			6
2025.05.28	02:23:56.708	0.93776	0.93788			6
2025.05.28	02:24:00.319	0.93776				2
2025.05.28	02:24:02.447	0.93777	0.93790			6
2025.05.28	02:24:14.290		0.93789			4
2025.05.28	02:24:26.337	0.93778	0.93791			6
2025.05.28	02:24:26.663	0.93781	0.93794			6
2025.05.28	02:24:35.897	0.93779	0.93792			6
2025.05.28	02:24:40.599	0.93778	0.93790			6
2025.05.28	02:24:46.014		0.93791			4
2025.05.28	02:24:47.595		0.93790			4
2025.05.28	02:24:50.251		0.93791			4
2025.05.28	02:24:51.896	0.93777	0.93787			6
2025.05.28	02:24:52.200	0.93776	0.93788			6
2025.05.28	02:24:53.533		0.93787			4
2025.05.28	02:24:54.196	0.93775	0.93788			6
2025.05.28	02:24:57.308	0.93776				2
2025.05.28	02:24:57.618	0.93775				2
2025.05.28	02:24:59.349		0.93787			4
2025.05.28	02:25:00.380	0.93775				2
2025.05.28	02:25:11.930		0.93786			4
2025.05.28	02:25:12.294	0.93777	0.93790			6
2025.05.28	02:25:12.930		0.93788			4
2025.05.28	02:25:44.726		0.93787			4
2025.05.28	02:26:00.299	0.93777				2
2025.05.28	02:26:02.585	0.93776	0.93788			6
2025.05.28	02:26:05.871		0.93787			4
2025.05.28	02:26:08.822		0.93786			4
2025.05.28	02:26:37.311		0.93787			4
2025.05.28	02:26:38.079		0.93786			4
2025.05.28	02:26:40.269	0.93777	0.93788			6
2025.05.28	02:26:41.382		0.93787			4
2025.05.28	02:26:44.518	0.93778	0.93788			6
2025.05.28	02:26:49.440	0.93777	0.93787			6
2025.05.28	02:27:00.566	0.93777				2
2025.05.28	02:27:04.904	0.93778				2
2025.05.28	02:27:09.340	0.93777	0.93786			6
2025.05.28	02:27:10.638		0.93787			4
2025.05.28	02:27:20.777	0.93775	0.93786			6
2025.05.28	02:27:21.080	0.93774				2
2025.05.28	02:27:23.225		0.93787			4
2025.05.28	02:27:26.999	0.93775				2
2025.05.28	02:27:33.211	0.93776				2
2025.05.28	02:27:42.877	0.93779	0.93788			6
2025.05.28	02:27:43.556	0.93778				2
2025.05.28	02:27:44.316		0.93787			4
2025.05.28	02:27:47.065	0.93777				2
2025.05.28	02:28:00.767	0.93777				2
2025.05.28	02:28:27.108		0.93786			4
2025.05.28	02:28:37.894	0.93775				2
2025.05.28	02:28:38.199	0.93776	0.93787			6
2025.05.28	02:28:54.874		0.93788			4
2025.05.28	02:29:00.572	0.93776				2
2025.05.28	02:29:09.775	0.93778				2
2025.05.28	02:29:12.540		0.93790			4
2025.05.28	02:29:34.372	0.93779				2
2025.05.28	02:29:38.981		0.93792			4
2025.05.28	02:29:39.332	0.93778				2
2025.05.28	02:29:56.374		0.93791			4
2025.05.28	02:30:00.341	0.93778	0.93792			6
2025.05.28	02:30:19.418		0.93791			4
2025.05.28	02:30:23.422		0.93792			4
2025.05.28	02:30:26.841	0.93777	0.93789			6
2025.05.28	02:30:27.159	0.93779	0.93790			6
2025.05.28	02:30:43.945	0.93778				2
2025.05.28	02:30:50.404	0.93776				2
2025.05.28	02:30:51.988		0.93789			4
2025.05.28	02:30:55.456	0.93777	0.93790			6
2025.05.28	02:30:55.760	0.93776	0.93789			6
2025.05.28	02:31:00.566	0.93776				2
2025.05.28	02:31:10.954		0.93788			4
2025.05.28	02:31:11.271	0.93775	0.93787			6
2025.05.28	02:31:12.261	0.93777	0.93789			6
2025.05.28	02:31:39.657	0.93776				2
2025.05.28	02:31:40.401	0.93777				2
2025.05.28	02:31:51.072		0.93790			4
2025.05.28	02:31:53.615	0.93775	0.93789			6
2025.05.28	02:32:00.531	0.93775				2
2025.05.28	02:32:18.288	0.93773	0.93785			6
2025.05.28	02:32:18.779		0.93786			4
2025.05.28	02:32:19.164	0.93774				2
2025.05.28	02:32:21.604	0.93775	0.93788			6
2025.05.28	02:32:36.277	0.93774	0.93787			6
2025.05.28	02:32:36.909	0.93773				2
2025.05.28	02:32:42.808	0.93774				2
2025.05.28	02:32:46.657	0.93776	0.93786			6
2025.05.28	02:32:49.005	0.93777	0.93788			6
2025.05.28	02:32:55.372	0.93776				2
2025.05.28	02:33:00.500	0.93776				2
2025.05.28	02:33:02.726	0.93775				2
2025.05.28	02:33:05.399		0.93787			4
2025.05.28	02:33:07.407	0.93776	0.93788			6
2025.05.28	02:33:10.436	0.93775				2
2025.05.28	02:33:14.749		0.93787			4
2025.05.28	02:33:53.668		0.93788			4
2025.05.28	02:33:59.400		0.93787			4
2025.05.28	02:34:01.768	0.93776	0.93788			6
2025.05.28	02:34:02.407	0.93775				2
2025.05.28	02:34:04.345		0.93787			4
2025.05.28	02:34:34.263	0.93776	0.93788			6
2025.05.28	02:34:35.558	0.93775				2
2025.05.28	02:34:38.224		0.93787			4
2025.05.28	02:34:43.311	0.93774				2
2025.05.28	02:34:45.556	0.93775	0.93788			6
2025.05.28	02:34:46.201		0.93787			4
2025.05.28	02:34:56.218	0.93776	0.93788			6
2025.05.28	02:34:57.901	0.93775	0.93787			6
2025.05.28	02:34:59.246		0.93788			4
2025.05.28	02:35:00.243	0.93775				2
2025.05.28	02:35:01.315		0.93787			4
2025.05.28	02:35:02.008	0.93774	0.93786			6
2025.05.28	02:35:07.687	0.93775	0.93787			6
2025.05.28	02:35:20.100		0.93786			4
2025.05.28	02:35:29.101		0.93787			4
2025.05.28	02:35:52.057	0.93774	0.93786			6
2025.05.28	02:36:00.143	0.93774				2
2025.05.28	02:36:02.179	0.93775	0.93787			6
2025.05.28	02:36:08.271		0.93784			4
2025.05.28	02:36:12.106	0.93774	0.93787			6
2025.05.28	02:36:26.041		0.93786			4
2025.05.28	02:36:30.901		0.93787			4
2025.05.28	02:36:44.046	0.93775	0.93786			6
2025.05.28	02:36:51.141		0.93785			4
2025.05.28	02:36:52.340	0.93772				2
2025.05.28	02:36:55.236	0.93774	0.93786			6
2025.05.28	02:36:56.537	0.93773				2
2025.05.28	02:36:59.241	0.93775				2
2025.05.28	02:36:59.879	0.93777	0.93787			6
2025.05.28	02:37:00.265	0.93776				2
2025.05.28	02:37:01.425	0.93775	0.93786			6
2025.05.28	02:37:01.943	0.93774				2
2025.05.28	02:37:02.374		0.93785			4
2025.05.28	02:37:02.940		0.93786			4
2025.05.28	02:37:03.984		0.93785			4
2025.05.28	02:37:05.023		0.93786			4
2025.05.28	02:37:06.136		0.93785			4
2025.05.28	02:37:06.498	0.93773				2
2025.05.28	02:37:08.421	0.93772				2
2025.05.28	02:37:09.620		0.93784			4
2025.05.28	02:37:10.665	0.93773				2
2025.05.28	02:37:20.060		0.93783			4
2025.05.28	02:37:20.531	0.93774	0.93784			6
2025.05.28	02:37:23.499		0.93785			4
2025.05.28	02:37:27.968		0.93784			4
2025.05.28	02:37:53.949		0.93785			4
2025.05.28	02:37:54.685		0.93784			4
2025.05.28	02:37:58.571	0.93773	0.93783			6
2025.05.28	02:38:00.355	0.93773	0.93782			6
2025.05.28	02:38:03.770	0.93772	0.93783			6
2025.05.28	02:38:06.496	0.93770	0.93782			6
2025.05.28	02:38:42.938		0.93781			4
2025.05.28	02:38:49.623	0.93773	0.93783			6
2025.05.28	02:38:55.267	0.93768	0.93781			6
2025.05.28	02:38:55.666	0.93769				2
2025.05.28	02:38:58.724	0.93770				2
2025.05.28	02:39:00.099	0.93770	0.93782			6
2025.05.28	02:39:05.266		0.93781			4
2025.05.28	02:39:08.508		0.93780			4
2025.05.28	02:39:11.297		0.93781			4
2025.05.28	02:39:14.770		0.93780			4
2025.05.28	02:39:19.146		0.93781			4
2025.05.28	02:39:25.617	0.93769	0.93782			6
2025.05.28	02:39:26.703	0.93770				2
2025.05.28	02:39:45.214	0.93767	0.93778			6
2025.05.28	02:39:51.719		0.93779			4
2025.05.28	02:40:00.564	0.93767				2
2025.05.28	02:40:07.276		0.93778			4
2025.05.28	02:40:07.896	0.93768				2
2025.05.28	02:40:15.710	0.93767				2
2025.05.28	02:40:23.293	0.93768				2
2025.05.28	02:40:30.450	0.93767				2
2025.05.28	02:40:33.252	0.93768	0.93779			6
2025.05.28	02:40:36.096		0.93780			4
2025.05.28	02:40:37.474		0.93779			4
2025.05.28	02:40:51.043	0.93769	0.93780			6
2025.05.28	02:40:54.409		0.93779			4
2025.05.28	02:40:55.647		0.93780			4
2025.05.28	02:40:59.783	0.93768				2
2025.05.28	02:41:00.360	0.93768				2
2025.05.28	02:41:02.945		0.93779			4
2025.05.28	02:41:05.027	0.93767				2
2025.05.28	02:41:28.647	0.93768				2
2025.05.28	02:41:42.600	0.93767				2
2025.05.28	02:42:00.402	0.93767				2
2025.05.28	02:42:02.947		0.93779			4
2025.05.28	02:42:07.874		0.93778			4
2025.05.28	02:42:09.026	0.93766				2
2025.05.28	02:42:12.105		0.93779			4
2025.05.28	02:42:13.208	0.93767				2
2025.05.28	02:42:36.572	0.93766				2
2025.05.28	02:42:43.712		0.93777			4
2025.05.28	02:42:47.256	0.93768	0.93781			6
2025.05.28	02:42:50.401	0.93769				2
2025.05.28	02:43:00.601	0.93769				2
2025.05.28	02:43:01.909	0.93770				2
2025.05.28	02:43:03.655	0.93768	0.93780			6
2025.05.28	02:43:08.401	0.93769				2
2025.05.28	02:43:11.087	0.93768				2
2025.05.28	02:43:34.432		0.93781			4
2025.05.28	02:43:40.183		0.93780			4
2025.05.28	02:43:51.778		0.93781			4
2025.05.28	02:44:00.599	0.93768				2
2025.05.28	02:44:07.991		0.93779			4
2025.05.28	02:44:10.526		0.93778			4
2025.05.28	02:44:15.743	0.93767	0.93777			6
2025.05.28	02:44:17.650	0.93766				2
2025.05.28	02:44:21.279		0.93776			4
2025.05.28	02:44:27.475	0.93767				2
2025.05.28	02:44:28.866	0.93769	0.93778			6
2025.05.28	02:44:30.360	0.93768				2
2025.05.28	02:44:35.682	0.93769				2
2025.05.28	02:44:38.031	0.93771	0.93779			6
2025.05.28	02:44:38.554	0.93770				2
2025.05.28	02:44:41.472		0.93780			4
2025.05.28	02:44:42.002	0.93769				2
2025.05.28	02:44:53.527	0.93770				2
2025.05.28	02:44:55.155	0.93769				2
2025.05.28	02:44:57.225	0.93770				2
2025.05.28	02:44:58.801	0.93769				2
2025.05.28	02:45:00.571	0.93769				2
2025.05.28	02:45:01.408	0.93767	0.93778			6
2025.05.28	02:45:01.711	0.93768				2
2025.05.28	02:45:02.392	0.93767				2
2025.05.28	02:45:03.956	0.93766				2
