<DATE>	<TIME>	<BID>	<ASK>	<LAST>	<VOLUME>	<FLAGS>
2025.03.21	00:00:00.064	0.95596	0.95822			6
2025.03.21	00:05:30.055	0.95657	0.95874			6
2025.03.21	00:05:30.810		0.95877			4
2025.03.21	00:06:00.596	0.95657				2
2025.03.21	00:06:23.320	0.95669	0.95874			6
2025.03.21	00:06:26.857		0.95873			4
2025.03.21	00:06:36.374	0.95658				2
2025.03.21	00:06:53.554	0.95622	0.95835			6
2025.03.21	00:06:54.306	0.95629	0.95833			6
2025.03.21	00:07:00.511	0.95630				2
2025.03.21	00:07:12.408	0.95612	0.95820			6
2025.03.21	00:07:36.175	0.95596	0.95821			6
2025.03.21	00:08:01.618	0.95596				2
2025.03.21	00:08:36.006	0.95592	0.95829			6
2025.03.21	00:08:41.110	0.95602	0.95819			6
2025.03.21	00:08:50.563	0.95592	0.95830			6
2025.03.21	00:08:55.331	0.95602	0.95819			6
2025.03.21	00:09:00.217	0.95592	0.95830			6
2025.03.21	00:09:07.400		0.95829			4
2025.03.21	00:09:08.408		0.95830			4
2025.03.21	00:09:10.354	0.95602	0.95819			6
2025.03.21	00:09:11.022	0.95592	0.95829			6
2025.03.21	00:09:11.527		0.95828			4
2025.03.21	00:09:15.087		0.95827			4
2025.03.21	00:09:16.356		0.95824			4
2025.03.21	00:09:20.383		0.95827			4
2025.03.21	00:09:28.350		0.95826			4
2025.03.21	00:09:30.371		0.95825			4
2025.03.21	00:09:35.022		0.95826			4
2025.03.21	00:09:41.106		0.95827			4
2025.03.21	00:09:44.412		0.95826			4
2025.03.21	00:10:00.349	0.95617	0.95785			6
2025.03.21	00:10:03.994	0.95618				2
2025.03.21	00:10:05.404	0.95613	0.95780			6
2025.03.21	00:10:09.397		0.95779			4
2025.03.21	00:10:11.734	0.95637	0.95772			6
2025.03.21	00:10:12.389	0.95636	0.95770			6
2025.03.21	00:10:13.299	0.95637	0.95771			6
2025.03.21	00:10:13.599	0.95627	0.95761			6
2025.03.21	00:10:15.728	0.95629	0.95762			6
2025.03.21	00:10:22.447	0.95628	0.95760			6
2025.03.21	00:10:26.991	0.95630	0.95761			6
2025.03.21	00:10:33.353	0.95629	0.95759			6
2025.03.21	00:10:38.814	0.95631	0.95760			6
2025.03.21	00:10:42.151	0.95633	0.95762			6
2025.03.21	00:10:42.454	0.95625	0.95754			6
2025.03.21	00:10:43.666	0.95624	0.95752			6
2025.03.21	00:10:45.181	0.95626	0.95754			6
2025.03.21	00:10:46.395	0.95623	0.95751			6
2025.03.21	00:10:47.306	0.95625	0.95752			6
2025.03.21	00:10:48.213	0.95626	0.95753			6
2025.03.21	00:10:48.517	0.95625				2
2025.03.21	00:10:49.734	0.95627	0.95754			6
2025.03.21	00:10:53.071	0.95626	0.95752			6
2025.03.21	00:11:00.046	0.95626				2
2025.03.21	00:11:00.954	0.95628	0.95753			6
2025.03.21	00:11:04.590	0.95627	0.95751			6
2025.03.21	00:11:05.800	0.95629	0.95777			6
2025.03.21	00:11:06.777	0.95619	0.95767			6
2025.03.21	00:11:07.478	0.95627	0.95751			6
2025.03.21	00:11:08.122	0.95619	0.95767			6
2025.03.21	00:11:14.301	0.95615	0.95751			6
2025.03.21	00:11:14.941		0.95773			4
2025.03.21	00:11:20.631		0.95751			4
2025.03.21	00:11:21.555		0.95773			4
2025.03.21	00:11:27.512		0.95751			4
2025.03.21	00:11:28.120		0.95768			4
2025.03.21	00:11:34.175	0.95593	0.95785			6
2025.03.21	00:11:34.482	0.95613	0.95742			6
2025.03.21	00:11:34.788	0.95601	0.95762			6
2025.03.21	00:11:35.953	0.95604	0.95749			6
2025.03.21	00:11:41.097	0.95605				2
2025.03.21	00:11:49.297	0.95606				2
2025.03.21	00:11:54.968	0.95616				2
2025.03.21	00:11:57.343	0.95619				2
2025.03.21	00:11:58.318	0.95590				2
2025.03.21	00:11:58.735	0.95584	0.95810			6
2025.03.21	00:11:59.195	0.95586				2
2025.03.21	00:11:59.541	0.95587				2
2025.03.21	00:12:00.094	0.95591				2
2025.03.21	00:12:00.995	0.95592				2
2025.03.21	00:12:01.594	0.95593				2
2025.03.21	00:12:01.897	0.95595				2
2025.03.21	00:12:03.696	0.95608	0.95846			6
2025.03.21	00:12:04.294	0.95610				2
2025.03.21	00:12:04.746	0.95614				2
2025.03.21	00:12:05.194	0.95615				2
2025.03.21	00:12:05.795	0.95618				2
2025.03.21	00:12:06.703	0.95619				2
2025.03.21	00:12:07.294	0.95621				2
2025.03.21	00:12:08.204	0.95622	0.95845			6
2025.03.21	00:12:09.997		0.95846			4
2025.03.21	00:12:10.311		0.95845			4
2025.03.21	00:12:12.096	0.95623	0.95844			6
2025.03.21	00:12:12.983	0.95625	0.95843			6
2025.03.21	00:12:13.896	0.95626	0.95842			6
2025.03.21	00:12:14.795		0.95841			4
2025.03.21	00:12:15.698	0.95627	0.95840			6
2025.03.21	00:12:16.596	0.95628	0.95839			6
2025.03.21	00:12:17.499	0.95629				2
2025.03.21	00:12:18.695		0.95838			4
2025.03.21	00:12:20.194	0.95630	0.95837			6
2025.03.21	00:12:21.096	0.95631	0.95836			6
2025.03.21	00:12:22.598	0.95632	0.95835			6
2025.03.21	00:12:23.494	0.95633				2
2025.03.21	00:12:23.797	0.95644	0.95823			6
2025.03.21	00:12:41.505		0.95824			4
2025.03.21	00:12:43.158	0.95641	0.95826			6
2025.03.21	00:12:47.160	0.95638	0.95829			6
2025.03.21	00:12:47.793		0.95827			4
2025.03.21	00:12:48.096		0.95828			4
2025.03.21	00:12:49.895		0.95831			4
2025.03.21	00:12:51.172	0.95641	0.95842			6
2025.03.21	00:12:58.677		0.95833			4
2025.03.21	00:13:01.934	0.95641				2
2025.03.21	00:13:04.573	0.95642				2
2025.03.21	00:13:05.801	0.95643				2
2025.03.21	00:13:09.100	0.95642				2
2025.03.21	00:13:17.498	0.95624	0.95860			6
2025.03.21	00:13:20.358		0.95844			4
2025.03.21	00:13:49.770	0.95626	0.95845			6
2025.03.21	00:13:50.681	0.95622	0.95860			6
2025.03.21	00:14:00.995	0.95622				2
2025.03.21	00:14:17.538		0.95859			4
2025.03.21	00:14:45.238	0.95621	0.95858			6
2025.03.21	00:15:00.452	0.95621				2
2025.03.21	00:15:27.514	0.95615	0.95851			6
2025.03.21	00:15:38.428	0.95629	0.95860			6
2025.03.21	00:16:01.475	0.95629				2
2025.03.21	00:16:07.159	0.95628				2
2025.03.21	00:16:08.092	0.95626				2
2025.03.21	00:16:12.350	0.95627				2
2025.03.21	00:16:17.720		0.95864			4
2025.03.21	00:16:22.897	0.95630				2
2025.03.21	00:16:28.678	0.95631				2
2025.03.21	00:16:38.093	0.95630				2
2025.03.21	00:16:51.667	0.95632				2
2025.03.21	00:16:53.098	0.95630				2
2025.03.21	00:17:00.389	0.95630				2
2025.03.21	00:17:07.902	0.95626				2
2025.03.21	00:17:17.006	0.95627				2
2025.03.21	00:17:17.322	0.95628				2
2025.03.21	00:17:17.720	0.95632	0.95849			6
2025.03.21	00:18:00.226	0.95632				2
2025.03.21	00:18:03.867	0.95630	0.95848			6
2025.03.21	00:18:46.628	0.95631				2
2025.03.21	00:19:00.019	0.95631				2
2025.03.21	00:19:03.962		0.95848			4
2025.03.21	00:19:09.420	0.95652	0.95870			6
2025.03.21	00:19:10.129		0.95851			4
2025.03.21	00:19:14.794	0.95653				2
2025.03.21	00:19:26.065	0.95654				2
2025.03.21	00:19:32.742	0.95659				2
2025.03.21	00:19:36.174		0.95855			4
2025.03.21	00:19:42.997	0.95660				2
2025.03.21	00:19:43.745	0.95662				2
2025.03.21	00:19:52.876	0.95663				2
2025.03.21	00:19:54.281	0.95664				2
2025.03.21	00:20:00.597	0.95664				2
2025.03.21	00:20:05.300	0.95665				2
2025.03.21	00:20:22.598	0.95666				2
2025.03.21	00:20:28.293	0.95667				2
2025.03.21	00:20:30.690	0.95652	0.95854			6
2025.03.21	00:20:32.743		0.95867			4
2025.03.21	00:20:33.103	0.95653				2
2025.03.21	00:20:44.795	0.95654				2
2025.03.21	00:20:57.703	0.95655				2
2025.03.21	00:21:00.996	0.95655				2
2025.03.21	00:21:04.596	0.95656				2
2025.03.21	00:21:15.700	0.95657				2
2025.03.21	00:21:22.596	0.95658				2
2025.03.21	00:21:32.741		0.95869			4
2025.03.21	00:21:37.292	0.95659				2
2025.03.21	00:21:43.899	0.95660				2
2025.03.21	00:21:58.896	0.95661				2
2025.03.21	00:22:00.594	0.95661				2
2025.03.21	00:22:16.002	0.95662				2
2025.03.21	00:22:38.497		0.95869			4
2025.03.21	00:22:47.192	0.95663				2
2025.03.21	00:22:58.594	0.95664				2
2025.03.21	00:23:03.662	0.95664				2
2025.03.21	00:23:17.797	0.95665				2
2025.03.21	00:23:39.697	0.95666	0.95869			6
2025.03.21	00:24:02.493	0.95667				2
2025.03.21	00:24:33.995	0.95668				2
2025.03.21	00:24:40.599		0.95869			4
2025.03.21	00:25:00.076	0.95668				2
2025.03.21	00:25:15.407	0.95669				2
2025.03.21	00:25:29.195	0.95681	0.95916			6
2025.03.21	00:25:31.896	0.95682				2
2025.03.21	00:26:01.295	0.95682				2
2025.03.21	00:26:02.793		0.95915			4
2025.03.21	00:26:10.896	0.95683				2
2025.03.21	00:26:32.501	0.95684	0.95913			6
2025.03.21	00:26:36.254	0.95686				2
2025.03.21	00:26:40.598		0.95917			4
2025.03.21	00:26:44.794		0.95916			4
2025.03.21	00:27:02.798	0.95686				2
2025.03.21	00:27:27.994		0.95915			4
2025.03.21	00:27:39.957	0.95670	0.95854			6
2025.03.21	00:27:40.293	0.95669	0.95841			6
2025.03.21	00:27:40.815	0.95670				2
2025.03.21	00:27:47.494	0.95671				2
2025.03.21	00:27:51.215		0.95835			4
2025.03.21	00:27:59.202	0.95672				2
2025.03.21	00:28:01.475	0.95672				2
2025.03.21	00:28:05.494	0.95673				2
2025.03.21	00:28:16.656		0.95830			4
2025.03.21	00:28:20.198	0.95674				2
2025.03.21	00:28:21.601	0.95655	0.95822			6
2025.03.21	00:28:22.702	0.95623	0.95820			6
2025.03.21	00:28:23.621	0.95613				2
2025.03.21	00:28:26.850	0.95615	0.95818			6
2025.03.21	00:28:30.461	0.95617	0.95816			6
2025.03.21	00:28:34.364	0.95581	0.95802			6
2025.03.21	00:28:36.173	0.95601				2
2025.03.21	00:28:37.561	0.95609	0.95808			6
2025.03.21	00:28:43.224		0.95807			4
2025.03.21	00:28:50.794		0.95806			4
2025.03.21	00:28:54.912		0.95798			4
2025.03.21	00:29:00.595	0.95609				2
2025.03.21	00:29:05.802		0.95797			4
2025.03.21	00:29:09.919	0.95646	0.95811			6
2025.03.21	00:29:10.821	0.95656	0.95841			6
2025.03.21	00:29:15.902	0.95647				2
2025.03.21	00:29:20.401	0.95651				2
2025.03.21	00:29:30.810	0.95649	0.95879			6
2025.03.21	00:30:00.099	0.95670	0.95898			6
2025.03.21	00:30:00.405		0.95877			4
2025.03.21	00:30:01.512	0.95674	0.95873			6
2025.03.21	00:30:03.162	0.95678	0.95869			6
2025.03.21	00:30:17.527	0.95662	0.95886			6
2025.03.21	00:30:18.158	0.95660	0.95887			6
2025.03.21	00:30:19.602	0.95659	0.95888			6
2025.03.21	00:30:20.792	0.95661	0.95887			6
2025.03.21	00:30:21.995		0.95886			4
2025.03.21	00:30:29.041	0.95680	0.95868			6
2025.03.21	00:30:32.800		0.95867			4
2025.03.21	00:30:56.860	0.95681				2
2025.03.21	00:31:01.892	0.95681	0.95866			6
2025.03.21	00:31:06.397	0.95682	0.95865			6
2025.03.21	00:31:17.196	0.95683	0.95864			6
2025.03.21	00:31:23.196	0.95684				2
2025.03.21	00:31:23.921		0.95863			4
2025.03.21	00:31:26.611	0.95685				2
2025.03.21	00:31:31.594		0.95862			4
2025.03.21	00:31:35.202	0.95686	0.95861			6
2025.03.21	00:31:41.472	0.95687				2
2025.03.21	00:31:43.896		0.95860			4
2025.03.21	00:31:47.799	0.95688				2
2025.03.21	00:31:51.694		0.95859			4
2025.03.21	00:31:55.293	0.95689				2
2025.03.21	00:31:59.199		0.95858			4
2025.03.21	00:32:01.451	0.95689				2
2025.03.21	00:32:07.014	0.95690				2
2025.03.21	00:32:11.113		0.95857			4
2025.03.21	00:32:15.992	0.95691				2
2025.03.21	00:32:17.438	0.95686	0.95856			6
2025.03.21	00:32:21.400		0.95855			4
2025.03.21	00:32:32.485	0.95688	0.95854			6
2025.03.21	00:32:41.794		0.95853			4
2025.03.21	00:32:49.596	0.95689				2
2025.03.21	00:32:58.210	0.95688	0.95854			6
2025.03.21	00:33:02.493	0.95688	0.95853			6
2025.03.21	00:33:06.805		0.95854			4
2025.03.21	00:33:13.238		0.95853			4
2025.03.21	00:33:17.201		0.95854			4
2025.03.21	00:33:22.631		0.95853			4
2025.03.21	00:33:26.598	0.95676	0.95865			6
2025.03.21	00:33:27.098	0.95673	0.95868			6
2025.03.21	00:33:27.528	0.95672	0.95869			6
2025.03.21	00:33:28.114		0.95870			4
2025.03.21	00:33:28.597	0.95671				2
2025.03.21	00:33:29.178	0.95672	0.95869			6
2025.03.21	00:33:30.187	0.95671	0.95871			6
2025.03.21	00:33:31.175	0.95639	0.95837			6
2025.03.21	00:33:31.499		0.95838			4
2025.03.21	00:33:34.836	0.95642	0.95880			6
2025.03.21	00:33:35.494	0.95645	0.95844			6
2025.03.21	00:33:37.918	0.95641	0.95840			6
2025.03.21	00:33:41.860		0.95836			4
2025.03.21	00:33:50.050	0.95638	0.95837			6
2025.03.21	00:33:50.960	0.95637	0.95836			6
2025.03.21	00:33:51.565	0.95638	0.95837			6
2025.03.21	00:33:56.110	0.95631	0.95841			6
2025.03.21	00:33:56.415	0.95630	0.95840			6
2025.03.21	00:33:56.718	0.95632	0.95838			6
2025.03.21	00:33:57.929	0.95624	0.95845			6
2025.03.21	00:33:58.840	0.95685	0.95863			6
2025.03.21	00:34:00.370	0.95685				2
2025.03.21	00:34:08.794		0.95862			4
2025.03.21	00:34:16.105	0.95686				2
2025.03.21	00:34:20.854		0.95861			4
2025.03.21	00:34:23.212	0.95683	0.95858			6
2025.03.21	00:34:29.011	0.95684				2
2025.03.21	00:34:30.418		0.95857			4
2025.03.21	00:34:34.893	0.95685				2
2025.03.21	00:34:40.594		0.95856			4
2025.03.21	00:34:44.024	0.95686				2
2025.03.21	00:34:51.999		0.95855			4
2025.03.21	00:34:55.999	0.95687				2
2025.03.21	00:35:01.394	0.95687				2
2025.03.21	00:35:07.601		0.95854			4
2025.03.21	00:35:21.096	0.95688				2
2025.03.21	00:35:26.011		0.95853			4
2025.03.21	00:35:36.163	0.95689				2
2025.03.21	00:35:47.015		0.95852			4
2025.03.21	00:35:50.015	0.95687	0.95855			6
2025.03.21	00:35:52.884	0.95686				2
2025.03.21	00:35:53.793	0.95687	0.95854			6
2025.03.21	00:35:58.298	0.95688				2
2025.03.21	00:36:00.393	0.95688				2
2025.03.21	00:36:07.605		0.95853			4
2025.03.21	00:36:11.795	0.95690	0.95852			6
2025.03.21	00:36:12.996		0.95851			4
2025.03.21	00:36:13.351	0.95691				2
2025.03.21	00:36:17.196		0.95850			4
2025.03.21	00:36:20.922	0.95692				2
2025.03.21	00:36:22.594		0.95849			4
2025.03.21	00:36:28.295	0.95693				2
2025.03.21	00:36:33.398		0.95848			4
2025.03.21	00:36:40.425	0.95694	0.95847			6
2025.03.21	00:36:41.030	0.95695	0.95846			6
2025.03.21	00:36:47.194	0.95696				2
2025.03.21	00:36:48.508		0.95845			4
2025.03.21	00:36:51.098	0.95697				2
2025.03.21	00:36:52.110		0.95844			4
2025.03.21	00:36:53.495	0.95695	0.95841			6
2025.03.21	00:36:54.678	0.95696	0.95840			6
2025.03.21	00:36:56.493	0.95697				2
2025.03.21	00:37:00.069	0.95697	0.95839			6
2025.03.21	00:37:04.293	0.95698				2
2025.03.21	00:37:05.297		0.95838			4
2025.03.21	00:37:06.999	0.95699				2
2025.03.21	00:37:10.305		0.95837			4
2025.03.21	00:37:19.596	0.95700				2
2025.03.21	00:37:24.693		0.95836			4
2025.03.21	00:37:32.794	0.95701				2
2025.03.21	00:37:36.995		0.95835			4
2025.03.21	00:37:50.113	0.95702				2
2025.03.21	00:37:50.916		0.95834			4
2025.03.21	00:37:57.697	0.95703				2
2025.03.21	00:37:58.821	0.95691	0.95845			6
2025.03.21	00:37:59.331	0.95688	0.95848			6
2025.03.21	00:38:00.572	0.95688				2
2025.03.21	00:38:02.483	0.95691	0.95845			6
2025.03.21	00:38:17.577		0.95846			4
2025.03.21	00:38:19.119	0.95690				2
2025.03.21	00:38:20.388	0.95699	0.95838			6
2025.03.21	00:38:21.821	0.95698				2
2025.03.21	00:38:26.505	0.95699				2
2025.03.21	00:38:30.506	0.95700	0.95836			6
2025.03.21	00:38:30.933	0.95690	0.95846			6
2025.03.21	00:38:31.339	0.95703	0.95833			6
2025.03.21	00:38:33.094	0.95704				2
2025.03.21	00:38:36.695	0.95703				2
2025.03.21	00:38:37.413	0.95704	0.95832			6
2025.03.21	00:38:38.374	0.95705	0.95831			6
2025.03.21	00:38:41.496	0.95706				2
2025.03.21	00:38:45.096		0.95830			4
2025.03.21	00:38:50.580	0.95707				2
2025.03.21	00:38:54.400		0.95829			4
2025.03.21	00:38:57.695	0.95708				2
2025.03.21	00:38:58.896		0.95828			4
2025.03.21	00:39:00.396	0.95708				2
2025.03.21	00:39:01.597	0.95709				2
2025.03.21	00:39:03.997		0.95827			4
2025.03.21	00:39:09.098	0.95710				2
2025.03.21	00:39:14.195		0.95826			4
2025.03.21	00:39:18.004	0.95711				2
2025.03.21	00:39:21.093		0.95825			4
2025.03.21	00:39:27.998	0.95712	0.95824			6
2025.03.21	00:39:29.240	0.95711	0.95826			6
2025.03.21	00:39:29.910	0.95712	0.95825			6
2025.03.21	00:39:34.424		0.95824			4
2025.03.21	00:39:35.499		0.95825			4
2025.03.21	00:39:36.359		0.95824			4
2025.03.21	00:39:36.744	0.95711	0.95826			6
2025.03.21	00:39:37.244	0.95713	0.95824			6
2025.03.21	00:39:37.870	0.95712	0.95825			6
2025.03.21	00:39:38.194	0.95711	0.95826			6
2025.03.21	00:39:40.999	0.95710	0.95827			6
2025.03.21	00:39:46.295		0.95826			4
2025.03.21	00:40:00.596	0.95710				2
2025.03.21	00:40:06.093	0.95711				2
2025.03.21	00:40:08.310	0.95710				2
2025.03.21	00:40:14.151	0.95709	0.95824			6
2025.03.21	00:40:14.493		0.95822			4
2025.03.21	00:40:24.675		0.95823			4
2025.03.21	00:40:25.597		0.95824			4
2025.03.21	00:40:28.297		0.95823			4
2025.03.21	00:40:28.668	0.95694	0.95839			6
2025.03.21	00:40:30.408	0.95685	0.95847			6
2025.03.21	00:40:32.793		0.95848			4
2025.03.21	00:40:33.188	0.95683	0.95849			6
2025.03.21	00:40:37.041	0.95682	0.95850			6
2025.03.21	00:40:39.006	0.95684	0.95848			6
2025.03.21	00:40:44.245	0.95680	0.95851			6
2025.03.21	00:40:45.415	0.95678	0.95854			6
2025.03.21	00:40:46.993	0.95677	0.95855			6
2025.03.21	00:40:47.610	0.95675	0.95856			6
2025.03.21	00:40:49.352	0.95677	0.95854			6
2025.03.21	00:40:52.025	0.95684	0.95847			6
2025.03.21	00:40:54.100		0.95848			4
2025.03.21	00:40:54.809	0.95683				2
2025.03.21	00:41:04.158	0.95683				2
2025.03.21	00:41:10.060	0.95681	0.95850			6
2025.03.21	00:41:12.150	0.95680	0.95851			6
2025.03.21	00:41:16.432	0.95682	0.95849			6
2025.03.21	00:41:16.911	0.95683	0.95848			6
2025.03.21	00:41:27.027	0.95687	0.95844			6
2025.03.21	00:41:27.330	0.95680	0.95851			6
2025.03.21	00:41:32.309	0.95678	0.95853			6
2025.03.21	00:41:37.251	0.95677	0.95798			6
2025.03.21	00:41:39.743	0.95676				2
2025.03.21	00:41:41.070	0.95639	0.95877			6
2025.03.21	00:41:41.688	0.95640	0.95876			6
2025.03.21	00:41:43.207	0.95641	0.95875			6
2025.03.21	00:41:45.024	0.95643	0.95873			6
2025.03.21	00:41:45.632	0.95645	0.95874			6
2025.03.21	00:41:46.841	0.95646	0.95873			6
2025.03.21	00:41:47.145		0.95865			4
2025.03.21	00:41:48.053	0.95639	0.95867			6
2025.03.21	00:41:48.359	0.95636	0.95862			6
2025.03.21	00:41:48.963	0.95640	0.95861			6
2025.03.21	00:41:49.264	0.95644	0.95857			6
2025.03.21	00:41:49.568		0.95854			4
2025.03.21	00:41:50.173	0.95646	0.95852			6
2025.03.21	00:41:50.474	0.95648	0.95851			6
2025.03.21	00:41:51.083	0.95650	0.95849			6
2025.03.21	00:41:51.689	0.95652	0.95845			6
2025.03.21	00:41:52.293		0.95842			4
2025.03.21	00:41:52.899	0.95645				2
2025.03.21	00:41:54.717	0.95646	0.95841			6
2025.03.21	00:41:56.891	0.95650	0.95845			6
2025.03.21	00:41:57.196	0.95643	0.95809			6
2025.03.21	00:41:57.591	0.95629	0.95866			6
2025.03.21	00:41:58.514	0.95636	0.95869			6
2025.03.21	00:41:59.423	0.95637	0.95868			6
2025.03.21	00:42:00.028	0.95637				2
2025.03.21	00:42:00.634		0.95865			4
2025.03.21	00:42:01.237	0.95640				2
2025.03.21	00:42:02.148	0.95641	0.95864			6
2025.03.21	00:42:02.753	0.95640	0.95862			6
2025.03.21	00:42:03.356	0.95639	0.95861			6
2025.03.21	00:42:03.660		0.95859			4
2025.03.21	00:42:03.964	0.95638	0.95858			6
2025.03.21	00:42:04.269	0.95639				2
2025.03.21	00:42:05.480		0.95856			4
2025.03.21	00:42:06.388	0.95638	0.95854			6
2025.03.21	00:42:07.298		0.95852			4
2025.03.21	00:42:08.208	0.95639				2
2025.03.21	00:42:09.419	0.95638	0.95850			6
2025.03.21	00:42:10.630	0.95639	0.95849			6
2025.03.21	00:42:11.543	0.95640				2
2025.03.21	00:42:12.454	0.95637	0.95845			6
2025.03.21	00:42:13.663	0.95638				2
2025.03.21	00:42:14.576	0.95637	0.95843			6
2025.03.21	00:42:16.695	0.95638				2
2025.03.21	00:42:18.821	0.95639	0.95842			6
2025.03.21	00:42:19.126	0.95644	0.95870			6
2025.03.21	00:42:19.730	0.95645	0.95869			6
2025.03.21	00:42:20.036	0.95646	0.95868			6
2025.03.21	00:42:20.339	0.95648	0.95869			6
2025.03.21	00:42:20.640	0.95649	0.95868			6
2025.03.21	00:42:21.553		0.95865			4
2025.03.21	00:42:21.855	0.95648	0.95862			6
2025.03.21	00:42:22.160		0.95860			4
2025.03.21	00:42:22.765	0.95649				2
2025.03.21	00:42:23.070		0.95858			4
2025.03.21	00:42:23.676	0.95644	0.95879			6
2025.03.21	00:42:24.095	0.95643	0.95877			6
2025.03.21	00:42:25.294	0.95644	0.95876			6
2025.03.21	00:42:26.193	0.95645	0.95875			6
2025.03.21	00:42:27.095	0.95646	0.95873			6
2025.03.21	00:42:27.670	0.95641	0.95836			6
2025.03.21	00:42:28.009	0.95648	0.95870			6
2025.03.21	00:42:29.794	0.95649				2
2025.03.21	00:42:32.638	0.95650	0.95869			6
2025.03.21	00:42:39.093		0.95868			4
2025.03.21	00:42:39.747	0.95636	0.95870			6
2025.03.21	00:42:40.257	0.95646	0.95883			6
2025.03.21	00:42:40.709	0.95644	0.95875			6
2025.03.21	00:42:42.001	0.95642	0.95877			6
2025.03.21	00:42:42.315	0.95645	0.95844			6
2025.03.21	00:42:43.539	0.95644	0.95842			6
2025.03.21	00:42:43.843	0.95643	0.95841			6
2025.03.21	00:42:44.148	0.95649	0.95843			6
2025.03.21	00:42:45.361	0.95651	0.95844			6
2025.03.21	00:42:45.965		0.95843			4
2025.03.21	00:42:46.268	0.95633	0.95870			6
2025.03.21	00:42:47.131	0.95638	0.95862			6
2025.03.21	00:42:47.432		0.95861			4
2025.03.21	00:42:47.736	0.95639	0.95862			6
2025.03.21	00:42:48.037	0.95640				2
2025.03.21	00:42:48.343	0.95639	0.95860			6
2025.03.21	00:42:48.648	0.95637	0.95859			6
2025.03.21	00:42:53.843	0.95639				2
2025.03.21	00:42:55.054	0.95641	0.95858			6
2025.03.21	00:42:55.663	0.95642	0.95857			6
2025.03.21	00:42:56.877	0.95643	0.95856			6
2025.03.21	00:42:57.786		0.95853			4
2025.03.21	00:42:58.999	0.95644	0.95852			6
2025.03.21	00:43:00.215	0.95645	0.95851			6
2025.03.21	00:43:01.128	0.95643	0.95859			6
2025.03.21	00:43:01.732	0.95644	0.95858			6
2025.03.21	00:43:02.338	0.95645				2
2025.03.21	00:43:02.644	0.95646	0.95857			6
2025.03.21	00:43:03.555		0.95854			4
2025.03.21	00:43:04.161	0.95648	0.95852			6
2025.03.21	00:43:04.765	0.95650	0.95851			6
2025.03.21	00:43:05.977	0.95651	0.95850			6
2025.03.21	00:43:06.887	0.95652	0.95849			6
2025.03.21	00:43:07.796	0.95653	0.95848			6
2025.03.21	00:43:08.401	0.95654	0.95847			6
2025.03.21	00:43:09.009	0.95656	0.95842			6
2025.03.21	00:43:09.313		0.95841			4
2025.03.21	00:43:09.918	0.95660	0.95837			6
2025.03.21	00:43:33.919	0.95662	0.95839			6
2025.03.21	00:43:34.223	0.95649	0.95851			6
2025.03.21	00:43:34.525	0.95646	0.95850			6
2025.03.21	00:43:34.826	0.95645	0.95854			6
2025.03.21	00:43:36.342	0.95672	0.95825			6
2025.03.21	00:43:37.254	0.95660	0.95874			6
2025.03.21	00:43:48.093	0.95659	0.95875			6
2025.03.21	00:43:48.726	0.95653	0.95841			6
2025.03.21	00:43:49.942	0.95651	0.95839			6
2025.03.21	00:43:51.763	0.95652	0.95840			6
2025.03.21	00:43:59.038	0.95630	0.95864			6
2025.03.21	00:43:59.341	0.95631	0.95868			6
2025.03.21	00:44:00.252	0.95631				2
2025.03.21	00:44:00.855	0.95630	0.95862			6
2025.03.21	00:44:07.523	0.95634	0.95859			6
2025.03.21	00:44:07.826	0.95636	0.95861			6
2025.03.21	00:44:08.130	0.95654	0.95838			6
2025.03.21	00:44:08.733	0.95656	0.95840			6
2025.03.21	00:44:09.036	0.95647	0.95881			6
2025.03.21	00:44:10.853	0.95652	0.95849			6
2025.03.21	00:44:11.158	0.95647	0.95881			6
2025.03.21	00:44:12.230	0.95649	0.95847			6
2025.03.21	00:44:12.573	0.95651	0.95848			6
2025.03.21	00:44:12.878	0.95642	0.95876			6
2025.03.21	00:44:13.416	0.95641	0.95877			6
2025.03.21	00:44:21.379	0.95653	0.95865			6
2025.03.21	00:44:26.724	0.95652	0.95866			6
2025.03.21	00:44:27.394	0.95653				2
2025.03.21	00:44:28.073	0.95652				2
2025.03.21	00:44:30.487	0.95646	0.95873			6
2025.03.21	00:44:31.214	0.95623	0.95859			6
2025.03.21	00:44:31.519	0.95642	0.95876			6
2025.03.21	00:44:48.386	0.95653	0.95865			6
2025.03.21	00:44:53.256	0.95643	0.95875			6
2025.03.21	00:44:54.215	0.95652	0.95866			6
2025.03.21	00:44:56.996	0.95651	0.95867			6
2025.03.21	00:44:58.413	0.95648	0.95871			6
2025.03.21	00:44:59.312	0.95645	0.95873			6
2025.03.21	00:44:59.713	0.95646	0.95872			6
2025.03.21	00:45:00.094	0.95646				2
2025.03.21	00:45:01.955	0.95659	0.95862			6
2025.03.21	00:45:02.303	0.95654				2
2025.03.21	00:45:02.603	0.95656	0.95863			6
2025.03.21	00:45:02.908	0.95654	0.95861			6
2025.03.21	00:45:03.514	0.95658	0.95857			6
2025.03.21	00:45:04.120	0.95649	0.95868			6
2025.03.21	00:45:09.320	0.95717	0.95857			6
2025.03.21	00:45:09.627	0.95716	0.95856			6
2025.03.21	00:45:12.053	0.95717	0.95855			6
2025.03.21	00:45:12.660	0.95640	0.95841			6
2025.03.21	00:45:12.971	0.95641				2
2025.03.21	00:45:16.303	0.95642				2
2025.03.21	00:45:16.608	0.95672	0.95846			6
2025.03.21	00:45:20.198	0.95673				2
2025.03.21	00:45:20.504		0.95845			4
2025.03.21	00:45:22.084	0.95674				2
2025.03.21	00:45:22.893		0.95844			4
2025.03.21	00:45:27.095	0.95675				2
2025.03.21	00:45:30.433		0.95843			4
2025.03.21	00:45:37.599	0.95676				2
2025.03.21	00:45:41.795		0.95842			4
2025.03.21	00:45:44.199	0.95677	0.95841			6
2025.03.21	00:45:46.157	0.95678				2
2025.03.21	00:45:51.401	0.95679	0.95840			6
2025.03.21	00:45:54.002		0.95839			4
2025.03.21	00:45:57.096	0.95680	0.95838			6
2025.03.21	00:45:58.187	0.95674	0.95844			6
2025.03.21	00:45:58.710	0.95670	0.95848			6
2025.03.21	00:45:59.043	0.95668	0.95851			6
2025.03.21	00:46:01.217	0.95668	0.95850			6
2025.03.21	00:46:04.108	0.95667	0.95852			6
2025.03.21	00:46:05.513		0.95851			4
2025.03.21	00:46:10.004	0.95672	0.95846			6
2025.03.21	00:46:10.609	0.95674	0.95845			6
2025.03.21	00:46:11.627	0.95673	0.95846			6
2025.03.21	00:46:14.919	0.95675	0.95843			6
2025.03.21	00:46:16.003	0.95676				2
2025.03.21	00:46:17.126	0.95678	0.95840			6
2025.03.21	00:46:17.520	0.95676	0.95842			6
2025.03.21	00:46:26.195	0.95677				2
2025.03.21	00:46:28.296		0.95841			4
2025.03.21	00:46:32.517	0.95675	0.95843			6
2025.03.21	00:46:51.098		0.95844			4
2025.03.21	00:46:53.194		0.95843			4
2025.03.21	00:46:59.497	0.95676				2
2025.03.21	00:47:02.116	0.95687	0.95798			6
2025.03.21	00:47:03.347	0.95688	0.95797			6
2025.03.21	00:47:04.261	0.95676	0.95843			6
2025.03.21	00:47:06.217	0.95678	0.95841			6
2025.03.21	00:47:06.714	0.95679	0.95840			6
2025.03.21	00:47:07.131	0.95675	0.95844			6
2025.03.21	00:47:07.515	0.95678	0.95840			6
2025.03.21	00:47:07.868	0.95677	0.95841			6
2025.03.21	00:47:09.052	0.95678				2
2025.03.21	00:47:09.695		0.95840			4
2025.03.21	00:47:10.407	0.95680	0.95839			6
2025.03.21	00:47:10.820	0.95677	0.95842			6
2025.03.21	00:47:11.794	0.95678	0.95841			6
2025.03.21	00:47:12.216		0.95840			4
2025.03.21	00:47:13.000	0.95677	0.95842			6
2025.03.21	00:47:15.512	0.95675	0.95843			6
2025.03.21	00:47:16.898	0.95676				2
2025.03.21	00:47:17.256	0.95687	0.95832			6
2025.03.21	00:47:29.199		0.95831			4
2025.03.21	00:47:30.525	0.95678	0.95841			6
2025.03.21	00:47:31.007	0.95679	0.95840			6
2025.03.21	00:47:32.198		0.95839			4
2025.03.21	00:47:37.379	0.95681	0.95838			6
2025.03.21	00:47:38.006	0.95678	0.95841			6
2025.03.21	00:47:38.720	0.95679	0.95840			6
2025.03.21	00:47:39.098	0.95683	0.95836			6
2025.03.21	00:47:39.533	0.95690	0.95829			6
2025.03.21	00:47:41.917	0.95688	0.95831			6
2025.03.21	00:47:51.101	0.95687				2
2025.03.21	00:47:52.459	0.95689	0.95830			6
2025.03.21	00:47:53.907	0.95681	0.95838			6
2025.03.21	00:47:55.593	0.95689	0.95830			6
2025.03.21	00:48:00.721	0.95686	0.95833			6
2025.03.21	00:48:01.089	0.95689	0.95830			6
2025.03.21	00:48:12.694		0.95829			4
2025.03.21	00:48:26.781	0.95688	0.95831			6
2025.03.21	00:48:29.929	0.95682	0.95837			6
2025.03.21	00:48:30.394	0.95681				2
2025.03.21	00:48:31.008	0.95680	0.95839			6
2025.03.21	00:48:32.195	0.95679				2
2025.03.21	00:48:36.001	0.95680				2
2025.03.21	00:48:45.743	0.95679	0.95840			6
2025.03.21	00:48:52.898	0.95680	0.95839			6
2025.03.21	00:49:00.097	0.95680				2
2025.03.21	00:49:01.027	0.95679	0.95840			6
2025.03.21	00:49:01.895		0.95839			4
2025.03.21	00:49:16.028	0.95682	0.95837			6
2025.03.21	00:49:18.174	0.95684	0.95835			6
2025.03.21	00:49:18.514	0.95683				2
2025.03.21	00:49:20.197		0.95836			4
2025.03.21	00:49:22.935	0.95684	0.95834			6
2025.03.21	00:49:24.511	0.95685	0.95833			6
2025.03.21	00:49:24.999	0.95687	0.95831			6
2025.03.21	00:49:27.093	0.95688				2
2025.03.21	00:49:28.003	0.95689	0.95830			6
2025.03.21	00:49:28.330	0.95690	0.95829			6
2025.03.21	00:49:32.000	0.95691	0.95828			6
2025.03.21	00:49:33.264	0.95692	0.95827			6
2025.03.21	00:49:35.828	0.95690	0.95829			6
2025.03.21	00:49:36.808	0.95689				2
2025.03.21	00:49:37.295		0.95830			4
2025.03.21	00:49:37.866	0.95691	0.95828			6
2025.03.21	00:49:38.764	0.95687	0.95832			6
2025.03.21	00:49:40.593		0.95831			4
2025.03.21	00:49:44.495	0.95688				2
2025.03.21	00:49:53.795	0.95687				2
2025.03.21	00:49:54.395	0.95686	0.95832			6
2025.03.21	00:49:56.195	0.95687				2
2025.03.21	00:49:58.302		0.95833			4
2025.03.21	00:50:00.395	0.95687				2
2025.03.21	00:50:02.197		0.95832			4
2025.03.21	00:50:08.815	0.95697	0.95823			6
2025.03.21	00:50:17.196		0.95822			4
2025.03.21	00:50:21.994		0.95823			4
2025.03.21	00:50:23.193	0.95696				2
2025.03.21	00:50:23.837	0.95695	0.95824			6
2025.03.21	00:50:35.195	0.95696				2
2025.03.21	00:50:40.709	0.95699	0.95821			6
2025.03.21	00:50:41.497	0.95698				2
2025.03.21	00:50:42.820	0.95697	0.95822			6
2025.03.21	00:50:43.841	0.95696	0.95823			6
2025.03.21	00:50:45.099		0.95824			4
2025.03.21	00:50:46.116	0.95697	0.95822			6
2025.03.21	00:50:51.694		0.95823			4
2025.03.21	00:50:52.109		0.95822			4
2025.03.21	00:51:03.394	0.95697				2
2025.03.21	00:51:07.141	0.95693	0.95826			6
2025.03.21	00:51:15.095	0.95694				2
2025.03.21	00:51:22.144	0.95693				2
2025.03.21	00:51:22.709	0.95698	0.95821			6
2025.03.21	00:51:37.737	0.95699				2
2025.03.21	00:51:38.795	0.95698				2
2025.03.21	00:51:40.015	0.95699				2
2025.03.21	00:51:52.593	0.95696	0.95823			6
2025.03.21	00:51:57.206	0.95699	0.95821			6
2025.03.21	00:51:58.894		0.95820			4
2025.03.21	00:52:01.301	0.95699				2
2025.03.21	00:52:03.009	0.95700				2
2025.03.21	00:52:03.995	0.95699				2
2025.03.21	00:52:04.715	0.95697	0.95822			6
2025.03.21	00:52:18.020		0.95823			4
2025.03.21	00:52:29.196		0.95822			4
2025.03.21	00:52:32.085	0.95696	0.95823			6
2025.03.21	00:52:33.273	0.95693	0.95826			6
2025.03.21	00:52:33.994	0.95694	0.95825			6
2025.03.21	00:52:34.407	0.95700	0.95820			6
2025.03.21	00:52:37.077		0.95819			4
2025.03.21	00:52:37.610	0.95696	0.95823			6
2025.03.21	00:52:47.496	0.95697				2
2025.03.21	00:52:54.696		0.95822			4
2025.03.21	00:53:01.215	0.95697				2
2025.03.21	00:53:23.796	0.95698				2
2025.03.21	00:53:35.451		0.95827			4
2025.03.21	00:53:35.793		0.95822			4
2025.03.21	00:53:46.910	0.95699	0.95821			6
2025.03.21	00:53:47.797	0.95700	0.95820			6
2025.03.21	00:53:50.024	0.95699				2
2025.03.21	00:53:59.195	0.95700				2
2025.03.21	00:54:02.417	0.95700				2
2025.03.21	00:54:03.141	0.95707	0.95813			6
2025.03.21	00:54:06.995		0.95812			4
2025.03.21	00:54:18.163	0.95703	0.95816			6
2025.03.21	00:54:18.483	0.95702	0.95817			6
2025.03.21	00:54:23.920	0.95701	0.95818			6
2025.03.21	00:54:25.894	0.95702				2
2025.03.21	00:54:32.889	0.95701				2
2025.03.21	00:54:33.503	0.95699	0.95820			6
2025.03.21	00:54:48.395	0.95700				2
2025.03.21	00:54:50.194	0.95699				2
2025.03.21	00:55:00.790	0.95699				2
2025.03.21	00:55:06.304		0.95821			4
2025.03.21	00:55:07.895		0.95820			4
2025.03.21	00:55:08.207	0.95701	0.95819			6
2025.03.21	00:55:21.269	0.95698	0.95821			6
2025.03.21	00:55:22.004	0.95701	0.95819			6
2025.03.21	00:55:23.011	0.95698	0.95821			6
2025.03.21	00:55:24.813	0.95696	0.95824			6
2025.03.21	00:55:26.493	0.95695				2
2025.03.21	00:55:38.008	0.95639	0.95803			6
2025.03.21	00:55:39.997	0.95638				2
2025.03.21	00:55:41.795	0.95639				2
2025.03.21	00:55:43.594	0.95638				2
2025.03.21	00:55:44.004	0.95709	0.95810			6
2025.03.21	00:55:51.406	0.95661	0.95803			6
2025.03.21	00:55:52.050		0.95801			4
2025.03.21	00:55:58.108	0.95709	0.95810			6
2025.03.21	00:56:00.096	0.95709				2
2025.03.21	00:56:09.395	0.95710				2
2025.03.21	00:56:27.998		0.95809			4
2025.03.21	00:56:52.063	0.95640	0.95803			6
2025.03.21	00:56:52.409	0.95710	0.95809			6
2025.03.21	00:57:00.322	0.95710				2
2025.03.21	00:57:07.932	0.95660	0.95803			6
2025.03.21	00:57:08.316	0.95710	0.95809			6
2025.03.21	00:57:08.634	0.95660	0.95800			6
2025.03.21	00:57:12.007	0.95711	0.95809			6
2025.03.21	00:57:12.395	0.95660	0.95801			6
2025.03.21	00:57:12.819		0.95800			4
2025.03.21	00:57:14.006	0.95711	0.95809			6
2025.03.21	00:57:17.795	0.95708	0.95806			6
2025.03.21	00:57:18.188	0.95710	0.95808			6
2025.03.21	00:57:22.939	0.95660	0.95803			6
2025.03.21	00:57:23.248	0.95710	0.95808			6
2025.03.21	00:57:38.794	0.95711				2
2025.03.21	00:58:03.730	0.95711				2
2025.03.21	00:58:07.084	0.95709	0.95811			6
2025.03.21	00:58:07.388	0.95707	0.95813			6
2025.03.21	00:58:08.518		0.95812			4
2025.03.21	00:58:14.409	0.95708				2
2025.03.21	00:58:17.608		0.95811			4
2025.03.21	00:58:19.932	0.95700	0.95820			6
2025.03.21	00:58:20.315	0.95696	0.95823			6
2025.03.21	00:58:21.509	0.95695	0.95824			6
2025.03.21	00:58:21.998	0.95690	0.95829			6
2025.03.21	00:58:23.540	0.95677	0.95842			6
2025.03.21	00:58:24.049	0.95685	0.95834			6
2025.03.21	00:58:24.520	0.95684	0.95835			6
2025.03.21	00:58:24.826	0.95680	0.95839			6
2025.03.21	00:58:27.509	0.95684	0.95835			6
2025.03.21	00:58:27.824	0.95680	0.95839			6
2025.03.21	00:58:31.997	0.95686	0.95833			6
2025.03.21	00:58:32.496	0.95683	0.95836			6
2025.03.21	00:58:33.810	0.95684				2
2025.03.21	00:58:34.641	0.95673	0.95847			6
2025.03.21	00:58:35.545	0.95680	0.95840			6
2025.03.21	00:58:35.846	0.95682	0.95837			6
2025.03.21	00:58:37.594	0.95686	0.95833			6
2025.03.21	00:58:37.904	0.95683	0.95836			6
2025.03.21	00:58:38.517	0.95677	0.95842			6
2025.03.21	00:58:38.939	0.95679	0.95841			6
2025.03.21	00:58:39.246	0.95685	0.95834			6
2025.03.21	00:58:39.563	0.95683	0.95838			6
2025.03.21	00:58:39.867	0.95686	0.95834			6
2025.03.21	00:58:40.232	0.95685	0.95835			6
2025.03.21	00:58:40.546	0.95690	0.95830			6
2025.03.21	00:58:41.241	0.95692	0.95827			6
2025.03.21	00:58:42.557	0.95687	0.95832			6
2025.03.21	00:58:43.039	0.95681	0.95839			6
2025.03.21	00:58:44.450	0.95683	0.95837			6
2025.03.21	00:58:46.005	0.95682				2
2025.03.21	00:58:46.559	0.95689	0.95830			6
2025.03.21	00:58:47.002	0.95685	0.95834			6
2025.03.21	00:58:49.551		0.95835			4
2025.03.21	00:58:52.647		0.95834			4
2025.03.21	00:58:53.002	0.95689	0.95830			6
2025.03.21	00:58:56.687	0.95683	0.95837			6
2025.03.21	00:58:57.397	0.95687	0.95832			6
2025.03.21	00:58:58.000	0.95688				2
2025.03.21	00:58:58.547	0.95689	0.95830			6
2025.03.21	00:58:59.245	0.95681	0.95839			6
2025.03.21	00:58:59.996	0.95682	0.95837			6
2025.03.21	00:59:01.594	0.95682				2
2025.03.21	00:59:03.882	0.95680	0.95839			6
2025.03.21	00:59:05.195	0.95682	0.95838			6
2025.03.21	00:59:06.056	0.95681	0.95840			6
2025.03.21	00:59:06.951		0.95838			4
2025.03.21	00:59:07.853		0.95839			4
2025.03.21	00:59:10.882		0.95838			4
2025.03.21	00:59:13.593	0.95682				2
2025.03.21	00:59:15.002	0.95689	0.95830			6
2025.03.21	00:59:16.314		0.95831			4
2025.03.21	00:59:44.184	0.95687	0.95832			6
2025.03.21	00:59:47.323	0.95689	0.95831			6
2025.03.21	01:00:00.307	0.95668	0.95846			6
2025.03.21	01:00:00.632	0.95646	0.95763			6
2025.03.21	01:00:00.973	0.95635	0.95837			6
2025.03.21	01:00:01.441	0.95648	0.95836			6
2025.03.21	01:00:01.770	0.95645				2
2025.03.21	01:00:02.086	0.95657				2
2025.03.21	01:00:02.407		0.95770			4
2025.03.21	01:00:03.046	0.95656	0.95769			6
2025.03.21	01:00:04.259		0.95768			4
2025.03.21	01:00:04.563	0.95653	0.95780			6
2025.03.21	01:00:06.488	0.95655	0.95781			6
2025.03.21	01:00:06.827	0.95651	0.95784			6
2025.03.21	01:00:07.164	0.95648	0.95782			6
2025.03.21	01:00:07.824	0.95647				2
2025.03.21	01:00:08.355	0.95645				2
2025.03.21	01:00:08.679	0.95641	0.95762			6
2025.03.21	01:00:09.423	0.95642	0.95761			6
2025.03.21	01:00:10.237	0.95645	0.95765			6
2025.03.21	01:00:10.883	0.95646	0.95767			6
2025.03.21	01:00:11.369		0.95769			4
2025.03.21	01:00:11.799		0.95771			4
2025.03.21	01:00:13.127	0.95647	0.95770			6
2025.03.21	01:00:13.594		0.95777			4
2025.03.21	01:00:14.198		0.95781			4
2025.03.21	01:00:14.869	0.95640	0.95782			6
2025.03.21	01:00:15.895	0.95641				2
2025.03.21	01:00:17.795	0.95642				2
2025.03.21	01:00:19.203	0.95643				2
2025.03.21	01:00:20.773	0.95642				2
2025.03.21	01:00:21.458	0.95643				2
2025.03.21	01:00:22.595	0.95644				2
2025.03.21	01:00:22.984	0.95643				2
2025.03.21	01:00:24.836	0.95653				2
2025.03.21	01:00:25.294	0.95646				2
2025.03.21	01:00:26.164	0.95659				2
2025.03.21	01:00:26.495	0.95667	0.95761			6
2025.03.21	01:00:30.881	0.95673	0.95757			6
2025.03.21	01:00:31.193	0.95681	0.95761			6
2025.03.21	01:00:33.656		0.95782			4
2025.03.21	01:00:34.398	0.95664	0.95756			6
2025.03.21	01:00:35.082	0.95695				2
2025.03.21	01:00:36.074	0.95664				2
2025.03.21	01:00:37.274		0.95757			4
2025.03.21	01:00:37.950	0.95691				2
2025.03.21	01:00:39.126	0.95664	0.95761			6
2025.03.21	01:00:39.444	0.95659				2
2025.03.21	01:00:39.995	0.95660	0.95749			6
2025.03.21	01:00:40.297	0.95663	0.95752			6
2025.03.21	01:00:40.848	0.95676	0.95756			6
2025.03.21	01:00:41.173		0.95775			4
2025.03.21	01:00:41.570		0.95778			4
2025.03.21	01:00:42.279	0.95670	0.95751			6
2025.03.21	01:00:43.598		0.95789			4
2025.03.21	01:00:44.248	0.95664				2
2025.03.21	01:00:45.695	0.95665	0.95787			6
2025.03.21	01:00:47.495		0.95750			4
2025.03.21	01:00:48.256	0.95666				2
2025.03.21	01:00:51.989	0.95667				2
2025.03.21	01:00:52.868	0.95666				2
2025.03.21	01:00:53.720	0.95657	0.95753			6
2025.03.21	01:00:54.124		0.95752			4
2025.03.21	01:00:54.915		0.95753			4
2025.03.21	01:00:55.225	0.95665	0.95750			6
2025.03.21	01:00:57.095	0.95667				2
2025.03.21	01:00:58.674		0.95744			4
2025.03.21	01:00:59.150		0.95746			4
2025.03.21	01:00:59.496	0.95670	0.95748			6
2025.03.21	01:01:00.308	0.95670	0.95751			6
2025.03.21	01:01:02.794	0.95671				2
2025.03.21	01:01:05.577	0.95670				2
2025.03.21	01:01:06.695	0.95672				2
2025.03.21	01:01:08.146		0.95778			4
2025.03.21	01:01:08.447	0.95666	0.95768			6
2025.03.21	01:01:09.291	0.95664				2
2025.03.21	01:01:10.022	0.95662				2
2025.03.21	01:01:10.359	0.95661				2
2025.03.21	01:01:10.875	0.95654	0.95737			6
2025.03.21	01:01:11.193		0.95739			4
2025.03.21	01:01:11.497		0.95737			4
2025.03.21	01:01:12.695		0.95738			4
2025.03.21	01:01:14.040		0.95741			4
2025.03.21	01:01:14.830	0.95659	0.95746			6
2025.03.21	01:01:15.398	0.95661	0.95747			6
2025.03.21	01:01:15.706		0.95748			4
2025.03.21	01:01:16.690	0.95664	0.95754			6
2025.03.21	01:01:17.572	0.95680	0.95725			6
2025.03.21	01:01:30.479	0.95671	0.95742			6
2025.03.21	01:01:31.390	0.95661				2
2025.03.21	01:01:31.798		0.95738			4
2025.03.21	01:01:32.796	0.95662				2
2025.03.21	01:01:35.068		0.95732			4
2025.03.21	01:01:36.995	0.95663				2
2025.03.21	01:01:44.678	0.95664				2
2025.03.21	01:01:45.174	0.95672	0.95740			6
2025.03.21	01:01:47.195		0.95739			4
2025.03.21	01:01:49.297	0.95664				2
2025.03.21	01:01:52.895	0.95665				2
2025.03.21	01:01:55.606		0.95738			4
2025.03.21	01:02:00.336	0.95665	0.95731			6
2025.03.21	01:02:01.390	0.95666				2
2025.03.21	01:02:05.843	0.95674	0.95737			6
2025.03.21	01:02:06.395	0.95666				2
2025.03.21	01:02:08.451	0.95681	0.95707			6
2025.03.21	01:02:08.834		0.95706			4
2025.03.21	01:02:09.184		0.95705			4
2025.03.21	01:02:09.530	0.95688	0.95722			6
2025.03.21	01:02:10.445		0.95723			4
2025.03.21	01:02:10.835		0.95722			4
2025.03.21	01:02:15.243		0.95721			4
2025.03.21	01:02:18.095		0.95718			4
2025.03.21	01:02:19.236		0.95717			4
2025.03.21	01:02:19.846		0.95718			4
2025.03.21	01:02:20.494		0.95717			4
2025.03.21	01:02:22.582		0.95718			4
2025.03.21	01:02:24.723		0.95719			4
2025.03.21	01:02:25.894		0.95717			4
2025.03.21	01:02:26.196		0.95719			4
2025.03.21	01:02:27.096		0.95717			4
2025.03.21	01:02:28.204		0.95719			4
2025.03.21	01:02:30.096		0.95717			4
2025.03.21	01:02:37.262	0.95670	0.95733			6
2025.03.21	01:02:39.997	0.95671				2
2025.03.21	01:02:42.095		0.95732			4
2025.03.21	01:02:45.234	0.95678	0.95703			6
2025.03.21	01:02:45.694		0.95702			4
2025.03.21	01:02:46.063		0.95710			4
2025.03.21	01:02:46.421	0.95672	0.95718			6
2025.03.21	01:02:46.725	0.95684	0.95724			6
2025.03.21	01:02:48.368		0.95726			4
2025.03.21	01:02:50.270		0.95727			4
2025.03.21	01:02:50.877		0.95729			4
2025.03.21	01:02:51.396		0.95726			4
2025.03.21	01:02:55.053		0.95729			4
2025.03.21	01:02:55.426		0.95726			4
2025.03.21	01:02:57.014		0.95729			4
2025.03.21	01:02:58.373		0.95720			4
2025.03.21	01:02:58.693		0.95722			4
2025.03.21	01:03:00.036	0.95684	0.95717			6
2025.03.21	01:03:02.056		0.95718			4
2025.03.21	01:03:02.371		0.95719			4
2025.03.21	01:03:10.597		0.95718			4
2025.03.21	01:03:12.704		0.95720			4
2025.03.21	01:03:13.156		0.95718			4
2025.03.21	01:03:14.747		0.95719			4
2025.03.21	01:03:20.049		0.95720			4
2025.03.21	01:03:31.026	0.95676				2
2025.03.21	01:03:35.087	0.95682				2
2025.03.21	01:03:36.362		0.95717			4
2025.03.21	01:03:44.106		0.95715			4
2025.03.21	01:03:46.045		0.95714			4
2025.03.21	01:03:50.196		0.95716			4
2025.03.21	01:03:53.218	0.95680	0.95724			6
2025.03.21	01:03:59.796		0.95723			4
2025.03.21	01:04:00.253	0.95680				2
2025.03.21	01:04:07.389	0.95689				2
2025.03.21	01:04:07.728		0.95724			4
2025.03.21	01:04:08.116	0.95680	0.95723			6
2025.03.21	01:04:08.445		0.95718			4
2025.03.21	01:04:20.359		0.95714			4
2025.03.21	01:04:21.416		0.95716			4
2025.03.21	01:04:21.854		0.95714			4
2025.03.21	01:04:22.629		0.95715			4
2025.03.21	01:04:25.496		0.95718			4
2025.03.21	01:04:25.801		0.95717			4
2025.03.21	01:04:28.297		0.95715			4
2025.03.21	01:04:28.895		0.95716			4
2025.03.21	01:04:29.223		0.95709			4
2025.03.21	01:04:29.592		0.95712			4
2025.03.21	01:04:39.795		0.95714			4
2025.03.21	01:04:41.125		0.95716			4
2025.03.21	01:04:46.378		0.95717			4
2025.03.21	01:04:47.409		0.95718			4
2025.03.21	01:04:47.854		0.95716			4
2025.03.21	01:04:48.221	0.95681	0.95723			6
2025.03.21	01:04:48.575	0.95680	0.95714			6
2025.03.21	01:04:48.936		0.95715			4
2025.03.21	01:05:00.074	0.95680				2
2025.03.21	01:05:01.381		0.95712			4
2025.03.21	01:05:01.997		0.95715			4
2025.03.21	01:05:22.467		0.95704			4
2025.03.21	01:05:22.805		0.95705			4
2025.03.21	01:05:23.775		0.95709			4
2025.03.21	01:05:24.079		0.95708			4
2025.03.21	01:05:24.388		0.95711			4
2025.03.21	01:05:25.906		0.95710			4
2025.03.21	01:05:26.566		0.95711			4
2025.03.21	01:05:26.974		0.95714			4
2025.03.21	01:05:27.301		0.95709			4
2025.03.21	01:05:28.594		0.95710			4
2025.03.21	01:05:28.972		0.95712			4
2025.03.21	01:05:29.375		0.95710			4
2025.03.21	01:05:31.527		0.95711			4
2025.03.21	01:05:32.329		0.95712			4
2025.03.21	01:05:34.357		0.95704			4
2025.03.21	01:05:35.366		0.95705			4
2025.03.21	01:05:35.922	0.95674				2
2025.03.21	01:05:36.496		0.95702			4
2025.03.21	01:05:39.231		0.95704			4
2025.03.21	01:05:39.535		0.95703			4
2025.03.21	01:05:39.905		0.95704			4
2025.03.21	01:05:40.295	0.95675	0.95705			6
2025.03.21	01:05:41.380	0.95674	0.95710			6
2025.03.21	01:05:42.376		0.95709			4
2025.03.21	01:05:43.155	0.95672	0.95705			6
2025.03.21	01:05:43.480		0.95707			4
2025.03.21	01:05:44.017		0.95708			4
2025.03.21	01:05:44.323		0.95706			4
2025.03.21	01:05:45.782		0.95701			4
2025.03.21	01:05:46.138		0.95705			4
2025.03.21	01:05:46.446	0.95674	0.95711			6
2025.03.21	01:05:47.496		0.95710			4
2025.03.21	01:06:00.044	0.95674				2
2025.03.21	01:06:00.506	0.95676	0.95712			6
2025.03.21	01:06:11.195	0.95677				2
2025.03.21	01:06:22.704	0.95681	0.95708			6
2025.03.21	01:06:23.022	0.95680	0.95704			6
2025.03.21	01:06:24.204		0.95712			4
2025.03.21	01:06:24.872	0.95678	0.95711			6
2025.03.21	01:06:27.572	0.95682	0.95713			6
2025.03.21	01:06:28.498	0.95683				2
2025.03.21	01:06:34.358	0.95681	0.95702			6
2025.03.21	01:06:34.700		0.95703			4
2025.03.21	01:06:35.035	0.95682				2
2025.03.21	01:06:35.414	0.95683	0.95706			6
2025.03.21	01:06:35.779		0.95705			4
2025.03.21	01:06:36.399		0.95704			4
2025.03.21	01:06:36.842		0.95703			4
2025.03.21	01:06:37.790		0.95704			4
2025.03.21	01:06:38.102		0.95705			4
2025.03.21	01:06:38.493		0.95704			4
2025.03.21	01:06:38.799	0.95682	0.95703			6
2025.03.21	01:06:39.269	0.95681				2
2025.03.21	01:06:40.296	0.95682	0.95704			6
2025.03.21	01:06:40.615	0.95681				2
2025.03.21	01:06:43.293		0.95705			4
2025.03.21	01:06:45.271	0.95683				2
2025.03.21	01:06:47.293	0.95681				2
2025.03.21	01:06:47.674		0.95706			4
2025.03.21	01:06:48.102		0.95705			4
2025.03.21	01:06:48.434		0.95703			4
2025.03.21	01:06:51.750	0.95683	0.95704			6
2025.03.21	01:06:54.301	0.95682				2
2025.03.21	01:06:55.294	0.95684				2
2025.03.21	01:07:00.431	0.95684				2
2025.03.21	01:07:00.746	0.95683				2
2025.03.21	01:07:01.299	0.95682				2
2025.03.21	01:07:03.343	0.95681	0.95705			6
2025.03.21	01:07:04.376	0.95682	0.95704			6
2025.03.21	01:07:06.397	0.95683	0.95706			6
2025.03.21	01:07:06.890		0.95707			4
2025.03.21	01:07:08.195	0.95682				2
2025.03.21	01:07:13.082	0.95684				2
2025.03.21	01:07:13.597		0.95705			4
2025.03.21	01:07:14.295	0.95682	0.95707			6
2025.03.21	01:07:14.747		0.95705			4
2025.03.21	01:07:15.053		0.95707			4
2025.03.21	01:07:17.295		0.95706			4
2025.03.21	01:07:17.622	0.95685	0.95715			6
2025.03.21	01:07:20.485		0.95712			4
2025.03.21	01:07:20.786		0.95715			4
2025.03.21	01:07:29.137	0.95688	0.95718			6
2025.03.21	01:07:33.869	0.95689	0.95719			6
2025.03.21	01:07:35.698	0.95688	0.95718			6
2025.03.21	01:07:36.875	0.95687	0.95717			6
2025.03.21	01:08:00.693	0.95688	0.95718			6
2025.03.21	01:08:01.524	0.95700	0.95725			6
2025.03.21	01:08:01.910	0.95698				2
2025.03.21	01:08:05.833	0.95697	0.95726			6
2025.03.21	01:08:06.146	0.95698	0.95728			6
2025.03.21	01:08:09.856	0.95697	0.95726			6
2025.03.21	01:08:10.812	0.95698	0.95728			6
2025.03.21	01:08:14.378	0.95696	0.95727			6
2025.03.21	01:08:15.370	0.95701	0.95731			6
2025.03.21	01:08:17.305	0.95699	0.95728			6
2025.03.21	01:08:18.133	0.95697	0.95726			6
2025.03.21	01:08:19.245	0.95701	0.95731			6
2025.03.21	01:08:21.209	0.95700	0.95726			6
2025.03.21	01:08:21.525	0.95695	0.95725			6
2025.03.21	01:08:23.945		0.95724			4
2025.03.21	01:08:25.161	0.95693	0.95723			6
2025.03.21	01:08:25.895	0.95694	0.95724			6
2025.03.21	01:08:31.334	0.95693	0.95723			6
2025.03.21	01:08:37.301	0.95692	0.95721			6
2025.03.21	01:08:37.639		0.95722			4
2025.03.21	01:08:37.945	0.95693	0.95723			6
2025.03.21	01:08:40.300	0.95692	0.95721			6
2025.03.21	01:08:40.917	0.95693	0.95723			6
2025.03.21	01:08:42.569		0.95721			4
2025.03.21	01:08:49.525	0.95688	0.95718			6
2025.03.21	01:08:49.830	0.95687	0.95717			6
2025.03.21	01:08:50.160	0.95688	0.95718			6
2025.03.21	01:08:50.821	0.95687	0.95716			6
2025.03.21	01:08:51.123	0.95688	0.95718			6
2025.03.21	01:08:51.782	0.95684	0.95717			6
2025.03.21	01:08:52.194	0.95685				2
2025.03.21	01:08:52.530	0.95684	0.95718			6
2025.03.21	01:08:52.845	0.95686				2
2025.03.21	01:08:54.297	0.95687	0.95716			6
2025.03.21	01:08:54.764	0.95684	0.95713			6
2025.03.21	01:08:55.231	0.95693	0.95723			6
2025.03.21	01:08:55.623	0.95694	0.95724			6
2025.03.21	01:08:56.273	0.95693	0.95722			6
2025.03.21	01:08:56.885	0.95694	0.95723			6
2025.03.21	01:08:58.019	0.95695	0.95724			6
2025.03.21	01:08:58.332	0.95694	0.95723			6
2025.03.21	01:08:59.184	0.95695	0.95724			6
2025.03.21	01:08:59.619	0.95694	0.95723			6
2025.03.21	01:09:00.112	0.95695	0.95724			6
2025.03.21	01:09:00.515	0.95694	0.95723			6
2025.03.21	01:09:01.582	0.95692	0.95722			6
2025.03.21	01:09:03.095		0.95721			4
2025.03.21	01:09:09.730		0.95722			4
2025.03.21	01:09:10.114		0.95721			4
2025.03.21	01:09:15.995	0.95688	0.95718			6
2025.03.21	01:09:17.473	0.95687	0.95714			6
2025.03.21	01:09:17.802		0.95716			4
2025.03.21	01:09:18.426	0.95688	0.95717			6
2025.03.21	01:09:18.742		0.95718			4
2025.03.21	01:09:21.986	0.95689	0.95717			6
2025.03.21	01:09:22.948	0.95688	0.95718			6
2025.03.21	01:09:25.149	0.95687	0.95716			6
2025.03.21	01:09:25.894	0.95689	0.95718			6
2025.03.21	01:09:31.295	0.95690				2
2025.03.21	01:09:31.618		0.95719			4
2025.03.21	01:09:33.095	0.95691				2
2025.03.21	01:09:34.598	0.95690				2
2025.03.21	01:09:47.139	0.95689	0.95718			6
2025.03.21	01:09:56.171	0.95690	0.95719			6
2025.03.21	01:09:56.504		0.95718			4
2025.03.21	01:09:56.999	0.95692	0.95721			6
2025.03.21	01:10:00.213	0.95692				2
2025.03.21	01:10:01.503	0.95691	0.95720			6
2025.03.21	01:10:03.260	0.95692	0.95721			6
2025.03.21	01:10:14.050	0.95691	0.95708			6
2025.03.21	01:10:14.891	0.95689	0.95709			6
2025.03.21	01:10:15.244	0.95691	0.95720			6
2025.03.21	01:10:16.597	0.95690				2
2025.03.21	01:10:18.696	0.95691				2
2025.03.21	01:10:23.681	0.95690				2
2025.03.21	01:10:25.896	0.95691				2
2025.03.21	01:10:29.108		0.95719			4
2025.03.21	01:11:00.394	0.95692				2
2025.03.21	01:11:01.206	0.95691				2
2025.03.21	01:11:02.822		0.95718			4
2025.03.21	01:11:09.395		0.95719			4
2025.03.21	01:11:10.594		0.95718			4
2025.03.21	01:11:11.010		0.95717			4
2025.03.21	01:11:15.694		0.95718			4
2025.03.21	01:11:16.332	0.95692	0.95719			6
2025.03.21	01:11:17.108	0.95691	0.95718			6
2025.03.21	01:11:19.593	0.95690	0.95717			6
2025.03.21	01:11:19.897	0.95691	0.95718			6
2025.03.21	01:11:20.407		0.95719			4
2025.03.21	01:11:20.726		0.95718			4
2025.03.21	01:11:21.917	0.95690	0.95716			6
2025.03.21	01:11:42.119	0.95688				2
2025.03.21	01:11:42.830	0.95692	0.95718			6
2025.03.21	01:11:43.160	0.95691				2
2025.03.21	01:11:45.094	0.95692				2
2025.03.21	01:11:45.838	0.95689	0.95715			6
2025.03.21	01:11:46.148		0.95716			4
2025.03.21	01:11:47.793	0.95686	0.95717			6
2025.03.21	01:11:48.105	0.95694	0.95721			6
2025.03.21	01:11:48.626		0.95720			4
2025.03.21	01:11:49.009		0.95721			4
2025.03.21	01:11:50.419		0.95720			4
2025.03.21	01:11:50.723		0.95719			4
2025.03.21	01:11:51.314		0.95720			4
2025.03.21	01:11:54.352		0.95716			4
2025.03.21	01:11:56.314		0.95715			4
2025.03.21	01:12:00.097	0.95694				2
2025.03.21	01:12:02.355	0.95693	0.95718			6
2025.03.21	01:12:02.668		0.95715			4
2025.03.21	01:12:03.395		0.95717			4
2025.03.21	01:12:04.356		0.95718			4
2025.03.21	01:12:05.363		0.95715			4
2025.03.21	01:12:09.041		0.95716			4
2025.03.21	01:12:09.796	0.95696				2
2025.03.21	01:12:10.899	0.95695				2
2025.03.21	01:12:16.022	0.95696				2
2025.03.21	01:12:17.496		0.95717			4
2025.03.21	01:12:18.094	0.95694	0.95715			6
2025.03.21	01:12:18.411	0.95696	0.95716			6
2025.03.21	01:12:19.426		0.95717			4
2025.03.21	01:12:30.888		0.95716			4
2025.03.21	01:12:31.505		0.95715			4
2025.03.21	01:12:32.136	0.95694	0.95721			6
2025.03.21	01:12:32.758		0.95714			4
2025.03.21	01:12:36.240		0.95713			4
2025.03.21	01:12:37.757		0.95715			4
2025.03.21	01:12:38.196	0.95693				2
2025.03.21	01:12:38.763		0.95713			4
2025.03.21	01:12:39.154		0.95715			4
2025.03.21	01:12:39.697		0.95714			4
2025.03.21	01:12:43.846		0.95713			4
2025.03.21	01:12:46.316	0.95694	0.95721			6
2025.03.21	01:12:46.627	0.95695				2
2025.03.21	01:12:48.351		0.95722			4
2025.03.21	01:12:55.904	0.95694				2
2025.03.21	01:12:56.207		0.95721			4
2025.03.21	01:12:57.101	0.95695	0.95722			6
2025.03.21	01:12:58.364		0.95721			4
2025.03.21	01:13:00.571	0.95694	0.95720			6
2025.03.21	01:13:01.214	0.95695				2
2025.03.21	01:13:04.594	0.95694				2
2025.03.21	01:13:05.895		0.95721			4
2025.03.21	01:13:09.626	0.95695	0.95722			6
2025.03.21	01:13:12.162	0.95696	0.95723			6
2025.03.21	01:13:14.047	0.95698	0.95725			6
2025.03.21	01:13:14.498	0.95699	0.95726			6
2025.03.21	01:13:16.297		0.95725			4
2025.03.21	01:13:27.986		0.95724			4
2025.03.21	01:13:29.797		0.95723			4
2025.03.21	01:13:30.241		0.95722			4
2025.03.21	01:13:37.747		0.95725			4
2025.03.21	01:13:38.795		0.95726			4
2025.03.21	01:13:39.994		0.95725			4
2025.03.21	01:13:53.496	0.95700				2
2025.03.21	01:14:00.597	0.95700				2
2025.03.21	01:14:24.389	0.95701				2
2025.03.21	01:14:24.995	0.95700				2
2025.03.21	01:14:25.894		0.95724			4
2025.03.21	01:14:28.594		0.95725			4
2025.03.21	01:14:33.395		0.95724			4
2025.03.21	01:14:39.463	0.95697	0.95721			6
2025.03.21	01:14:41.197	0.95698	0.95722			6
2025.03.21	01:14:58.734	0.95697	0.95721			6
2025.03.21	01:15:00.374	0.95693	0.95723			6
2025.03.21	01:15:00.708	0.95694	0.95722			6
2025.03.21	01:15:01.101	0.95695				2
2025.03.21	01:15:01.406	0.95698	0.95723			6
2025.03.21	01:15:01.707	0.95697	0.95724			6
2025.03.21	01:15:02.026	0.95695	0.95725			6
2025.03.21	01:15:02.344	0.95700	0.95723			6
2025.03.21	01:15:02.669	0.95696				2
2025.03.21	01:15:02.984	0.95702	0.95725			6
2025.03.21	01:15:03.331		0.95723			4
2025.03.21	01:15:04.038		0.95725			4
2025.03.21	01:15:04.341	0.95700	0.95724			6
2025.03.21	01:15:05.189		0.95725			4
2025.03.21	01:15:05.492		0.95724			4
2025.03.21	01:15:06.201	0.95695	0.95725			6
2025.03.21	01:15:06.506	0.95699	0.95723			6
2025.03.21	01:15:07.378	0.95696	0.95724			6
2025.03.21	01:15:07.685	0.95700	0.95723			6
2025.03.21	01:15:08.434	0.95698	0.95725			6
2025.03.21	01:15:08.735	0.95701	0.95724			6
2025.03.21	01:15:09.044	0.95697	0.95722			6
2025.03.21	01:15:09.357	0.95696				2
2025.03.21	01:15:09.724		0.95724			4
2025.03.21	01:15:10.041	0.95697	0.95722			6
2025.03.21	01:15:10.357	0.95698	0.95725			6
2025.03.21	01:15:10.665	0.95697	0.95722			6
2025.03.21	01:15:10.997	0.95700	0.95723			6
2025.03.21	01:15:11.318	0.95701	0.95724			6
2025.03.21	01:15:11.783	0.95699	0.95725			6
2025.03.21	01:15:12.101	0.95702				2
2025.03.21	01:15:12.407	0.95697	0.95722			6
2025.03.21	01:15:13.077	0.95703				2
2025.03.21	01:15:13.856	0.95699	0.95725			6
2025.03.21	01:15:14.161	0.95701	0.95723			6
2025.03.21	01:15:14.465	0.95697	0.95722			6
2025.03.21	01:15:15.098		0.95725			4
2025.03.21	01:15:15.408	0.95700	0.95722			6
2025.03.21	01:15:16.173		0.95725			4
2025.03.21	01:15:16.497	0.95701	0.95722			6
2025.03.21	01:15:17.209	0.95699	0.95725			6
2025.03.21	01:15:17.571	0.95701	0.95722			6
2025.03.21	01:15:17.885	0.95697				2
2025.03.21	01:15:18.261	0.95698				2
2025.03.21	01:15:18.618	0.95701				2
2025.03.21	01:15:18.994	0.95697				2
2025.03.21	01:15:19.308	0.95699				2
2025.03.21	01:15:19.673	0.95697				2
2025.03.21	01:15:20.552		0.95724			4
2025.03.21	01:15:20.870	0.95701	0.95722			6
2025.03.21	01:15:21.172	0.95699	0.95723			6
2025.03.21	01:15:21.500		0.95722			4
2025.03.21	01:15:22.301	0.95701	0.95724			6
2025.03.21	01:15:22.683		0.95722			4
2025.03.21	01:15:23.364	0.95697	0.95724			6
2025.03.21	01:15:23.682		0.95722			4
2025.03.21	01:15:24.431	0.95701	0.95723			6
2025.03.21	01:15:24.747		0.95722			4
2025.03.21	01:15:25.592	0.95697	0.95724			6
2025.03.21	01:15:25.905	0.95701	0.95723			6
2025.03.21	01:15:26.211	0.95699	0.95722			6
2025.03.21	01:15:26.557	0.95701	0.95724			6
2025.03.21	01:15:26.901	0.95697	0.95723			6
2025.03.21	01:15:27.205	0.95698	0.95721			6
2025.03.21	01:15:27.540	0.95699	0.95724			6
2025.03.21	01:15:27.905	0.95696				2
2025.03.21	01:15:28.205	0.95698	0.95721			6
2025.03.21	01:15:28.515	0.95701				2
2025.03.21	01:15:28.826	0.95699	0.95724			6
2025.03.21	01:15:29.191	0.95700	0.95721			6
2025.03.21	01:15:29.522	0.95701				2
2025.03.21	01:15:29.827	0.95698	0.95723			6
2025.03.21	01:15:30.144	0.95700	0.95722			6
2025.03.21	01:15:30.459	0.95701	0.95721			6
2025.03.21	01:15:30.767	0.95698				2
2025.03.21	01:15:31.491	0.95701				2
2025.03.21	01:15:32.539	0.95702	0.95723			6
2025.03.21	01:15:32.841	0.95698	0.95721			6
2025.03.21	01:15:33.160	0.95699				2
2025.03.21	01:15:33.462	0.95700				2
2025.03.21	01:15:33.846	0.95699				2
2025.03.21	01:15:34.183	0.95700				2
2025.03.21	01:15:34.503	0.95702	0.95722			6
2025.03.21	01:15:34.893	0.95700	0.95721			6
2025.03.21	01:15:35.569	0.95702	0.95722			6
2025.03.21	01:15:35.923	0.95699	0.95723			6
2025.03.21	01:15:36.227	0.95701	0.95721			6
2025.03.21	01:15:36.596	0.95698	0.95723			6
2025.03.21	01:15:36.929	0.95700	0.95721			6
2025.03.21	01:15:37.264	0.95697	0.95722			6
2025.03.21	01:15:37.570	0.95701	0.95723			6
2025.03.21	01:15:37.965	0.95699	0.95721			6
2025.03.21	01:15:38.339	0.95697	0.95722			6
2025.03.21	01:15:38.643		0.95723			4
2025.03.21	01:15:38.978	0.95700	0.95721			6
2025.03.21	01:15:40.000	0.95702				2
2025.03.21	01:15:40.306		0.95723			4
2025.03.21	01:15:40.657	0.95699	0.95720			6
2025.03.21	01:15:40.974	0.95698	0.95721			6
2025.03.21	01:15:41.311	0.95700	0.95723			6
2025.03.21	01:15:41.626	0.95703	0.95722			6
2025.03.21	01:15:41.965	0.95702	0.95721			6
2025.03.21	01:15:42.361	0.95695	0.95723			6
2025.03.21	01:15:42.666	0.95702				2
2025.03.21	01:15:42.982		0.95721			4
2025.03.21	01:15:43.750	0.95699				2
2025.03.21	01:15:44.064	0.95702				2
2025.03.21	01:15:44.458	0.95701				2
2025.03.21	01:15:44.766	0.95699				2
2025.03.21	01:15:45.110	0.95702				2
2025.03.21	01:15:45.504	0.95701				2
2025.03.21	01:15:45.814	0.95702				2
2025.03.21	01:15:46.164	0.95699	0.95720			6
2025.03.21	01:15:46.469	0.95701	0.95722			6
2025.03.21	01:15:46.770	0.95702	0.95721			6
2025.03.21	01:15:47.470	0.95699				2
2025.03.21	01:15:47.788	0.95700	0.95722			6
2025.03.21	01:15:48.103		0.95721			4
2025.03.21	01:15:48.658	0.95699	0.95723			6
2025.03.21	01:15:48.967		0.95721			4
2025.03.21	01:15:49.703	0.95700	0.95722			6
2025.03.21	01:15:50.073	0.95699	0.95721			6
2025.03.21	01:15:50.872	0.95700	0.95722			6
2025.03.21	01:15:51.173	0.95699				2
2025.03.21	01:15:51.508	0.95700	0.95720			6
2025.03.21	01:15:51.809	0.95701	0.95721			6
2025.03.21	01:15:52.149	0.95700	0.95723			6
2025.03.21	01:15:52.464		0.95721			4
2025.03.21	01:15:52.793		0.95720			4
2025.03.21	01:15:53.121		0.95721			4
2025.03.21	01:15:53.604	0.95698	0.95723			6
2025.03.21	01:15:53.927		0.95722			4
2025.03.21	01:15:54.269	0.95702	0.95721			6
2025.03.21	01:15:54.589	0.95697				2
2025.03.21	01:15:55.057	0.95699	0.95722			6
2025.03.21	01:15:55.366	0.95700	0.95721			6
2025.03.21	01:15:56.024	0.95697	0.95723			6
2025.03.21	01:15:56.333	0.95699	0.95721			6
2025.03.21	01:15:57.030	0.95698	0.95722			6
2025.03.21	01:15:57.389	0.95699	0.95721			6
2025.03.21	01:15:58.127	0.95698	0.95722			6
2025.03.21	01:15:58.428	0.95699	0.95721			6
2025.03.21	01:15:59.144	0.95698	0.95722			6
2025.03.21	01:15:59.493	0.95699	0.95721			6
2025.03.21	01:15:59.986	0.95698	0.95722			6
2025.03.21	01:16:00.385	0.95699	0.95721			6
2025.03.21	01:16:00.948	0.95701				2
2025.03.21	01:16:01.277	0.95699				2
2025.03.21	01:16:02.250		0.95722			4
2025.03.21	01:16:02.565	0.95700	0.95723			6
2025.03.21	01:16:02.885	0.95703	0.95722			6
2025.03.21	01:16:03.241	0.95700	0.95721			6
2025.03.21	01:16:03.574	0.95699				2
2025.03.21	01:16:03.902		0.95722			4
2025.03.21	01:16:04.227		0.95723			4
2025.03.21	01:16:04.555	0.95701	0.95721			6
2025.03.21	01:16:04.904	0.95702	0.95722			6
2025.03.21	01:16:05.228	0.95700	0.95723			6
2025.03.21	01:16:05.586	0.95703	0.95722			6
2025.03.21	01:16:06.618		0.95721			4
2025.03.21	01:16:07.307	0.95699	0.95722			6
2025.03.21	01:16:07.632	0.95703				2
2025.03.21	01:16:08.323	0.95702				2
2025.03.21	01:16:08.624	0.95703	0.95721			6
2025.03.21	01:16:09.242	0.95698	0.95723			6
2025.03.21	01:16:09.571	0.95700	0.95721			6
2025.03.21	01:16:09.877	0.95697				2
2025.03.21	01:16:10.206	0.95701				2
2025.03.21	01:16:10.514		0.95722			4
2025.03.21	01:16:10.825	0.95703	0.95721			6
2025.03.21	01:16:11.241	0.95700				2
2025.03.21	01:16:11.908	0.95699				2
2025.03.21	01:16:12.272	0.95701				2
2025.03.21	01:16:12.586		0.95722			4
2025.03.21	01:16:12.887	0.95703	0.95721			6
2025.03.21	01:16:13.328	0.95702	0.95722			6
2025.03.21	01:16:13.747	0.95703	0.95721			6
2025.03.21	01:16:14.599	0.95700	0.95722			6
2025.03.21	01:16:14.902	0.95703	0.95721			6
2025.03.21	01:16:15.651	0.95700	0.95722			6
2025.03.21	01:16:15.991	0.95701	0.95721			6
2025.03.21	01:16:16.404	0.95700				2
2025.03.21	01:16:16.723		0.95722			4
2025.03.21	01:16:17.025	0.95701	0.95721			6
2025.03.21	01:16:17.479	0.95698				2
2025.03.21	01:16:17.785	0.95699	0.95722			6
2025.03.21	01:16:18.264	0.95701	0.95720			6
2025.03.21	01:16:18.653	0.95702	0.95722			6
2025.03.21	01:16:18.970	0.95701	0.95721			6
2025.03.21	01:16:19.294	0.95700	0.95720			6
2025.03.21	01:16:19.597		0.95721			4
2025.03.21	01:16:20.473	0.95701				2
2025.03.21	01:16:20.819	0.95698				2
2025.03.21	01:16:21.645	0.95701				2
2025.03.21	01:16:22.674	0.95700				2
2025.03.21	01:16:23.394		0.95722			4
2025.03.21	01:16:23.836	0.95701	0.95721			6
2025.03.21	01:16:24.196	0.95700				2
2025.03.21	01:16:24.543	0.95701				2
2025.03.21	01:16:25.872	0.95702	0.95720			6
2025.03.21	01:16:26.192	0.95700	0.95721			6
2025.03.21	01:16:26.507	0.95701				2
2025.03.21	01:16:27.295	0.95700				2
2025.03.21	01:16:27.616	0.95701				2
2025.03.21	01:16:27.990	0.95702	0.95720			6
2025.03.21	01:16:28.307	0.95700	0.95721			6
2025.03.21	01:16:28.631	0.95701				2
2025.03.21	01:16:28.986	0.95702	0.95720			6
2025.03.21	01:16:29.303	0.95700				2
2025.03.21	01:16:29.661		0.95721			4
2025.03.21	01:16:30.443	0.95702	0.95720			6
2025.03.21	01:16:31.483		0.95721			4
2025.03.21	01:16:31.851	0.95700	0.95720			6
2025.03.21	01:16:32.249		0.95722			4
2025.03.21	01:16:32.594		0.95721			4
2025.03.21	01:16:32.921	0.95702	0.95720			6
2025.03.21	01:16:33.513	0.95701	0.95721			6
2025.03.21	01:16:34.156	0.95699				2
2025.03.21	01:16:34.549	0.95700	0.95722			6
2025.03.21	01:16:34.880		0.95720			4
2025.03.21	01:16:35.541		0.95721			4
2025.03.21	01:16:35.884	0.95702	0.95720			6
2025.03.21	01:16:36.219	0.95700	0.95721			6
2025.03.21	01:16:36.921	0.95699				2
2025.03.21	01:16:37.439	0.95700				2
2025.03.21	01:16:37.744	0.95702				2
2025.03.21	01:16:42.470	0.95700				2
2025.03.21	01:16:42.803	0.95702				2
2025.03.21	01:16:43.195	0.95700	0.95720			6
2025.03.21	01:16:43.497		0.95721			4
2025.03.21	01:16:43.882	0.95705	0.95727			6
2025.03.21	01:16:44.186		0.95726			4
2025.03.21	01:16:44.977	0.95704				2
2025.03.21	01:16:45.690	0.95705				2
2025.03.21	01:16:46.174		0.95727			4
2025.03.21	01:16:46.566		0.95726			4
2025.03.21	01:16:47.408		0.95725			4
2025.03.21	01:16:47.842		0.95726			4
2025.03.21	01:16:48.185		0.95727			4
2025.03.21	01:16:48.538		0.95725			4
2025.03.21	01:16:48.882	0.95703				2
2025.03.21	01:16:49.291	0.95704	0.95726			6
2025.03.21	01:16:49.619		0.95725			4
2025.03.21	01:16:50.221	0.95703	0.95727			6
2025.03.21	01:16:50.578	0.95704	0.95725			6
2025.03.21	01:16:51.423		0.95726			4
2025.03.21	01:16:51.752	0.95703	0.95725			6
2025.03.21	01:16:52.462		0.95726			4
2025.03.21	01:16:52.785	0.95704	0.95725			6
2025.03.21	01:16:53.400	0.95703	0.95726			6
2025.03.21	01:16:53.701	0.95704	0.95725			6
2025.03.21	01:16:54.360	0.95703	0.95727			6
2025.03.21	01:16:54.673	0.95704	0.95725			6
2025.03.21	01:16:55.554		0.95726			4
2025.03.21	01:16:56.571	0.95703	0.95725			6
2025.03.21	01:16:56.914	0.95704	0.95726			6
2025.03.21	01:16:57.548	0.95703				2
2025.03.21	01:16:57.866	0.95704				2
2025.03.21	01:16:58.296		0.95725			4
2025.03.21	01:16:58.692		0.95726			4
2025.03.21	01:16:59.719		0.95725			4
2025.03.21	01:17:00.069	0.95705				2
2025.03.21	01:17:00.471	0.95704	0.95726			6
2025.03.21	01:17:01.201		0.95725			4
2025.03.21	01:17:01.803	0.95705				2
2025.03.21	01:17:02.551	0.95704	0.95726			6
2025.03.21	01:17:02.968	0.95705	0.95725			6
2025.03.21	01:17:03.677	0.95704	0.95726			6
2025.03.21	01:17:04.051	0.95705	0.95725			6
2025.03.21	01:17:04.744	0.95706	0.95727			6
2025.03.21	01:17:05.045		0.95726			4
2025.03.21	01:17:05.565	0.95707	0.95725			6
2025.03.21	01:17:05.935		0.95726			4
2025.03.21	01:17:06.654	0.95705	0.95725			6
2025.03.21	01:17:07.271	0.95707				2
2025.03.21	01:17:07.621		0.95726			4
2025.03.21	01:17:08.031		0.95725			4
2025.03.21	01:17:08.776	0.95706				2
2025.03.21	01:17:09.085	0.95705				2
2025.03.21	01:17:09.762	0.95707				2
2025.03.21	01:17:10.895	0.95704	0.95726			6
2025.03.21	01:17:11.219	0.95705	0.95725			6
2025.03.21	01:17:11.600	0.95707				2
2025.03.21	01:17:12.426	0.95705				2
2025.03.21	01:17:13.045	0.95706	0.95726			6
2025.03.21	01:17:13.353	0.95705	0.95725			6
2025.03.21	01:17:14.173	0.95706	0.95726			6
2025.03.21	01:17:14.510	0.95705	0.95725			6
2025.03.21	01:17:17.067	0.95707				2
2025.03.21	01:17:17.377		0.95726			4
2025.03.21	01:17:18.691	0.95708				2
2025.03.21	01:17:19.389	0.95707				2
2025.03.21	01:17:21.575	0.95706	0.95727			6
2025.03.21	01:17:21.885	0.95708	0.95726			6
2025.03.21	01:17:22.577	0.95707	0.95727			6
2025.03.21	01:17:22.999	0.95708	0.95726			6
2025.03.21	01:17:24.611	0.95707	0.95727			6
2025.03.21	01:17:24.994	0.95708	0.95726			6
2025.03.21	01:17:26.819	0.95707	0.95727			6
2025.03.21	01:17:27.562		0.95726			4
2025.03.21	01:17:27.928	0.95708				2
2025.03.21	01:17:28.538	0.95706				2
2025.03.21	01:17:28.840	0.95708				2
2025.03.21	01:17:29.341	0.95706	0.95727			6
2025.03.21	01:17:29.773	0.95707				2
2025.03.21	01:17:30.094	0.95708	0.95726			6
2025.03.21	01:17:30.517	0.95706	0.95727			6
2025.03.21	01:17:31.174	0.95707				2
2025.03.21	01:17:31.613		0.95726			4
2025.03.21	01:17:33.204		0.95727			4
2025.03.21	01:17:34.372	0.95706				2
2025.03.21	01:17:35.054	0.95707	0.95726			6
2025.03.21	01:17:35.480	0.95706				2
2025.03.21	01:17:35.807		0.95727			4
2025.03.21	01:17:36.172	0.95707				2
2025.03.21	01:17:37.243		0.95726			4
2025.03.21	01:17:39.117		0.95727			4
2025.03.21	01:17:39.586		0.95726			4
2025.03.21	01:17:40.628	0.95708				2
2025.03.21	01:17:41.036	0.95707				2
2025.03.21	01:17:41.663	0.95708				2
2025.03.21	01:17:42.379	0.95707	0.95727			6
2025.03.21	01:17:42.698		0.95726			4
2025.03.21	01:17:43.349		0.95727			4
2025.03.21	01:17:43.777		0.95726			4
2025.03.21	01:17:44.738	0.95708				2
2025.03.21	01:17:45.619	0.95707				2
2025.03.21	01:17:45.985	0.95708				2
2025.03.21	01:17:46.383	0.95707				2
2025.03.21	01:17:48.624		0.95727			4
2025.03.21	01:17:49.157		0.95726			4
2025.03.21	01:17:49.553		0.95727			4
2025.03.21	01:17:49.961		0.95726			4
2025.03.21	01:17:50.270	0.95708				2
2025.03.21	01:17:50.993	0.95707				2
2025.03.21	01:17:51.784		0.95727			4
2025.03.21	01:17:52.125		0.95726			4
2025.03.21	01:17:52.761	0.95708				2
2025.03.21	01:17:53.797	0.95707				2
2025.03.21	01:17:54.101		0.95727			4
2025.03.21	01:17:54.410		0.95726			4
2025.03.21	01:17:55.137	0.95708				2
2025.03.21	01:17:55.898	0.95707	0.95727			6
2025.03.21	01:17:56.280		0.95726			4
2025.03.21	01:17:56.600	0.95708				2
2025.03.21	01:17:56.942	0.95707	0.95727			6
2025.03.21	01:17:57.696		0.95726			4
2025.03.21	01:17:58.380	0.95708				2
2025.03.21	01:17:59.492	0.95707				2
2025.03.21	01:18:00.163	0.95708				2
2025.03.21	01:18:01.120	0.95707	0.95727			6
2025.03.21	01:18:01.465		0.95726			4
2025.03.21	01:18:02.165		0.95727			4
2025.03.21	01:18:02.467	0.95708	0.95726			6
2025.03.21	01:18:03.095	0.95707				2
2025.03.21	01:18:03.761	0.95708	0.95727			6
2025.03.21	01:18:06.259	0.95707	0.95726			6
2025.03.21	01:18:06.888	0.95706				2
2025.03.21	01:18:07.202	0.95708				2
2025.03.21	01:18:08.069	0.95707	0.95727			6
2025.03.21	01:18:08.419	0.95708	0.95726			6
2025.03.21	01:18:09.018	0.95707	0.95727			6
2025.03.21	01:18:09.396	0.95708				2
2025.03.21	01:18:09.995	0.95707				2
2025.03.21	01:18:10.354	0.95708	0.95726			6
2025.03.21	01:18:11.098	0.95707	0.95727			6
2025.03.21	01:18:11.456	0.95708	0.95726			6
2025.03.21	01:18:12.142	0.95707	0.95727			6
2025.03.21	01:18:12.491	0.95708	0.95726			6
2025.03.21	01:18:13.009		0.95728			4
2025.03.21	01:18:13.362	0.95707	0.95729			6
2025.03.21	01:18:13.665		0.95728			4
2025.03.21	01:18:13.988	0.95708				2
2025.03.21	01:18:14.334	0.95707	0.95729			6
2025.03.21	01:18:14.697	0.95708	0.95727			6
2025.03.21	01:18:15.603	0.95707	0.95728			6
2025.03.21	01:18:16.318	0.95708	0.95730			6
2025.03.21	01:18:16.635		0.95729			4
2025.03.21	01:18:17.412	0.95709				2
2025.03.21	01:18:19.686		0.95730			4
2025.03.21	01:18:20.149	0.95710	0.95729			6
2025.03.21	01:18:20.673		0.95730			4
2025.03.21	01:18:21.112		0.95729			4
2025.03.21	01:18:21.547		0.95730			4
2025.03.21	01:18:22.031		0.95729			4
2025.03.21	01:18:26.495		0.95730			4
2025.03.21	01:18:26.859		0.95729			4
2025.03.21	01:18:28.444		0.95730			4
2025.03.21	01:18:28.788		0.95729			4
2025.03.21	01:18:29.690		0.95730			4
2025.03.21	01:18:32.052	0.95711	0.95729			6
2025.03.21	01:18:34.302	0.95710				2
2025.03.21	01:18:34.668	0.95711				2
2025.03.21	01:18:35.026	0.95710				2
2025.03.21	01:18:35.451	0.95711				2
2025.03.21	01:18:35.784	0.95710				2
2025.03.21	01:18:36.085	0.95711				2
2025.03.21	01:18:37.099	0.95710				2
2025.03.21	01:18:37.747	0.95711				2
2025.03.21	01:18:41.542	0.95710				2
2025.03.21	01:18:44.675	0.95711				2
2025.03.21	01:18:47.175	0.95710	0.95730			6
2025.03.21	01:18:47.591	0.95711	0.95729			6
2025.03.21	01:18:48.302	0.95710	0.95730			6
2025.03.21	01:18:48.623		0.95729			4
2025.03.21	01:18:49.067	0.95711				2
2025.03.21	01:18:51.021	0.95710				2
2025.03.21	01:18:51.352	0.95711				2
2025.03.21	01:18:52.363	0.95710				2
2025.03.21	01:18:52.666	0.95711				2
2025.03.21	01:18:55.408	0.95710				2
2025.03.21	01:18:55.766	0.95711				2
2025.03.21	01:18:56.703	0.95710				2
2025.03.21	01:18:57.094	0.95711				2
2025.03.21	01:18:59.191	0.95710				2
2025.03.21	01:18:59.676		0.95730			4
2025.03.21	01:19:00.039	0.95711	0.95729			6
2025.03.21	01:19:00.744	0.95710	0.95730			6
2025.03.21	01:19:01.061		0.95729			4
2025.03.21	01:19:01.734	0.95711				2
2025.03.21	01:19:02.851	0.95710	0.95730			6
2025.03.21	01:19:03.152		0.95729			4
2025.03.21	01:19:03.532	0.95711				2
2025.03.21	01:19:03.847	0.95710	0.95730			6
2025.03.21	01:19:04.159	0.95711	0.95729			6
2025.03.21	01:19:04.924	0.95710	0.95730			6
2025.03.21	01:19:05.245		0.95729			4
2025.03.21	01:19:05.569	0.95711	0.95728			6
2025.03.21	01:19:06.087	0.95710	0.95729			6
2025.03.21	01:19:06.390	0.95711				2
2025.03.21	01:19:07.603	0.95710	0.95728			6
2025.03.21	01:19:08.007		0.95730			4
2025.03.21	01:19:08.341	0.95711	0.95729			6
2025.03.21	01:19:09.832	0.95710				2
2025.03.21	01:19:10.814		0.95728			4
2025.03.21	01:19:11.148	0.95711	0.95729			6
2025.03.21	01:19:13.294	0.95710	0.95730			6
2025.03.21	01:19:13.694	0.95711	0.95729			6
2025.03.21	01:19:14.198	0.95710	0.95730			6
2025.03.21	01:19:14.560	0.95711	0.95729			6
2025.03.21	01:19:15.069	0.95710	0.95728			6
2025.03.21	01:19:15.401		0.95729			4
2025.03.21	01:19:15.722	0.95711				2
2025.03.21	01:19:16.134	0.95712	0.95728			6
2025.03.21	01:19:16.470	0.95711				2
2025.03.21	01:19:18.577		0.95729			4
2025.03.21	01:19:19.112	0.95712	0.95728			6
2025.03.21	01:19:19.577	0.95711				2
2025.03.21	01:19:20.119	0.95710	0.95729			6
2025.03.21	01:19:20.419	0.95711				2
2025.03.21	01:19:20.748	0.95710	0.95728			6
2025.03.21	01:19:21.486		0.95729			4
2025.03.21	01:19:21.817	0.95712	0.95728			6
2025.03.21	01:19:22.133	0.95710				2
2025.03.21	01:19:22.982	0.95712				2
2025.03.21	01:19:23.447	0.95710	0.95729			6
2025.03.21	01:19:23.779	0.95712	0.95728			6
2025.03.21	01:19:26.212	0.95711				2
2025.03.21	01:19:26.569		0.95729			4
2025.03.21	01:19:26.869		0.95728			4
2025.03.21	01:19:27.454		0.95729			4
2025.03.21	01:19:28.943	0.95712	0.95728			6
2025.03.21	01:19:29.570	0.95713	0.95729			6
2025.03.21	01:19:32.782	0.95712				2
2025.03.21	01:19:33.131	0.95711	0.95728			6
2025.03.21	01:19:33.667	0.95713	0.95729			6
2025.03.21	01:19:34.096	0.95710				2
2025.03.21	01:19:34.696	0.95713				2
2025.03.21	01:19:35.939	0.95712				2
2025.03.21	01:19:36.526	0.95713				2
2025.03.21	01:19:37.258	0.95711	0.95728			6
2025.03.21	01:19:37.898		0.95729			4
2025.03.21	01:19:38.317	0.95713				2
2025.03.21	01:19:39.699	0.95711	0.95728			6
2025.03.21	01:19:40.064	0.95710	0.95729			6
2025.03.21	01:19:40.366	0.95711	0.95728			6
2025.03.21	01:19:41.001	0.95713	0.95729			6
2025.03.21	01:19:41.347	0.95712				2
2025.03.21	01:19:42.329	0.95713				2
2025.03.21	01:19:44.007	0.95711	0.95728			6
2025.03.21	01:19:49.787	0.95712				2
2025.03.21	01:19:52.761	0.95711				2
2025.03.21	01:19:53.101	0.95712				2
2025.03.21	01:19:54.836	0.95711				2
2025.03.21	01:19:55.188	0.95712				2
2025.03.21	01:19:55.904	0.95711				2
2025.03.21	01:20:00.095	0.95711				2
2025.03.21	01:20:07.138	0.95713	0.95729			6
2025.03.21	01:20:10.549	0.95712				2
2025.03.21	01:20:11.588	0.95713				2
2025.03.21	01:20:12.994	0.95712				2
2025.03.21	01:20:28.778	0.95709	0.95725			6
2025.03.21	01:20:29.552		0.95726			4
2025.03.21	01:20:30.363	0.95708				2
2025.03.21	01:20:30.764	0.95709				2
2025.03.21	01:20:32.571	0.95708				2
2025.03.21	01:20:38.030	0.95707				2
2025.03.21	01:20:38.381	0.95708				2
2025.03.21	01:20:44.496		0.95725			4
2025.03.21	01:20:44.817	0.95707	0.95726			6
2025.03.21	01:20:45.441	0.95708				2
2025.03.21	01:20:47.514		0.95725			4
2025.03.21	01:20:47.875	0.95707	0.95726			6
2025.03.21	01:20:48.395	0.95708				2
2025.03.21	01:20:49.710	0.95706	0.95724			6
2025.03.21	01:20:50.028		0.95722			4
2025.03.21	01:20:50.761	0.95707	0.95727			6
2025.03.21	01:20:51.077		0.95728			4
2025.03.21	01:20:52.622	0.95708				2
2025.03.21	01:20:53.184		0.95727			4
2025.03.21	01:21:00.097	0.95708				2
2025.03.21	01:21:06.680		0.95728			4
2025.03.21	01:21:07.442		0.95726			4
2025.03.21	01:21:10.359	0.95710				2
2025.03.21	01:21:11.601	0.95708				2
2025.03.21	01:21:11.940		0.95725			4
2025.03.21	01:21:12.303		0.95727			4
2025.03.21	01:21:26.753		0.95726			4
2025.03.21	01:21:27.771	0.95709	0.95727			6
2025.03.21	01:21:28.111	0.95708				2
2025.03.21	01:21:28.488	0.95709	0.95726			6
2025.03.21	01:21:33.538		0.95727			4
2025.03.21	01:21:34.673		0.95726			4
2025.03.21	01:21:40.897		0.95727			4
2025.03.21	01:21:41.702	0.95708				2
2025.03.21	01:21:42.063	0.95709				2
2025.03.21	01:21:43.164		0.95726			4
2025.03.21	01:21:44.005		0.95727			4
2025.03.21	01:21:44.858	0.95708				2
2025.03.21	01:21:57.395		0.95728			4
2025.03.21	01:22:01.441	0.95708				2
2025.03.21	01:22:03.095		0.95727			4
2025.03.21	01:22:04.594		0.95728			4
2025.03.21	01:22:07.594		0.95727			4
2025.03.21	01:22:12.094		0.95728			4
2025.03.21	01:22:13.383		0.95727			4
2025.03.21	01:22:18.998	0.95707	0.95728			6
2025.03.21	01:22:23.745	0.95708				2
2025.03.21	01:22:24.909	0.95707				2
2025.03.21	01:22:27.889	0.95708				2
2025.03.21	01:22:29.803	0.95707				2
2025.03.21	01:22:32.039	0.95708				2
2025.03.21	01:22:33.203	0.95707				2
2025.03.21	01:22:37.216	0.95708				2
2025.03.21	01:22:46.025	0.95707				2
2025.03.21	01:22:48.616	0.95708				2
2025.03.21	01:22:55.994	0.95712				2
2025.03.21	01:22:56.322	0.95711				2
2025.03.21	01:22:57.941	0.95708	0.95730			6
2025.03.21	01:22:58.296	0.95710	0.95728			6
2025.03.21	01:22:59.196	0.95711				2
2025.03.21	01:23:00.245	0.95710				2
2025.03.21	01:23:02.288	0.95711				2
2025.03.21	01:23:02.625	0.95709				2
2025.03.21	01:23:03.330		0.95727			4
2025.03.21	01:23:03.669	0.95708	0.95728			6
2025.03.21	01:23:04.301	0.95707	0.95727			6
2025.03.21	01:23:05.493		0.95728			4
2025.03.21	01:23:05.809	0.95708	0.95727			6
2025.03.21	01:23:06.746		0.95728			4
2025.03.21	01:23:07.655	0.95707				2
2025.03.21	01:23:08.022	0.95708	0.95727			6
2025.03.21	01:23:08.601		0.95728			4
2025.03.21	01:23:09.381	0.95707	0.95727			6
2025.03.21	01:23:09.693	0.95708	0.95728			6
2025.03.21	01:23:10.064	0.95709	0.95727			6
2025.03.21	01:23:10.894	0.95708				2
2025.03.21	01:23:11.799	0.95709				2
2025.03.21	01:23:12.109	0.95708	0.95728			6
2025.03.21	01:23:12.411	0.95707				2
2025.03.21	01:23:12.736	0.95709	0.95729			6
2025.03.21	01:23:13.046	0.95707				2
2025.03.21	01:23:13.352		0.95728			4
2025.03.21	01:23:13.771	0.95709				2
2025.03.21	01:23:14.083	0.95711	0.95729			6
2025.03.21	01:23:14.385	0.95707	0.95728			6
2025.03.21	01:23:15.096	0.95708	0.95727			6
2025.03.21	01:23:15.422		0.95728			4
2025.03.21	01:23:17.471	0.95706				2
2025.03.21	01:23:18.523	0.95708				2
2025.03.21	01:23:21.163		0.95729			4
2025.03.21	01:23:21.786		0.95728			4
2025.03.21	01:23:22.167	0.95706	0.95730			6
2025.03.21	01:23:22.504	0.95708	0.95728			6
2025.03.21	01:23:23.371	0.95711				2
2025.03.21	01:23:23.685	0.95708				2
2025.03.21	01:23:24.204	0.95706	0.95730			6
2025.03.21	01:23:24.507		0.95728			4
2025.03.21	01:23:25.152	0.95708				2
2025.03.21	01:23:25.458	0.95711				2
2025.03.21	01:23:25.801	0.95708				2
2025.03.21	01:23:26.271	0.95707	0.95730			6
2025.03.21	01:23:26.587	0.95708	0.95728			6
2025.03.21	01:23:27.394	0.95706	0.95730			6
2025.03.21	01:23:27.709	0.95708	0.95728			6
2025.03.21	01:23:28.229	0.95707	0.95729			6
2025.03.21	01:23:28.560	0.95708	0.95728			6
2025.03.21	01:23:29.468	0.95710				2
2025.03.21	01:23:29.780	0.95708				2
2025.03.21	01:23:30.481	0.95706	0.95730			6
2025.03.21	01:23:30.802	0.95708	0.95728			6
2025.03.21	01:23:31.541		0.95730			4
2025.03.21	01:23:31.855		0.95728			4
2025.03.21	01:23:32.706	0.95711				2
2025.03.21	01:23:33.085	0.95708				2
2025.03.21	01:23:33.615	0.95706	0.95730			6
2025.03.21	01:23:33.925	0.95708	0.95728			6
2025.03.21	01:23:34.335	0.95710				2
2025.03.21	01:23:34.654	0.95706	0.95730			6
2025.03.21	01:23:34.962	0.95708	0.95728			6
2025.03.21	01:23:35.819	0.95711				2
2025.03.21	01:23:36.154	0.95708				2
2025.03.21	01:23:36.854	0.95711				2
2025.03.21	01:23:37.392	0.95708				2
2025.03.21	01:23:37.764	0.95707	0.95729			6
2025.03.21	01:23:38.092	0.95710	0.95728			6
2025.03.21	01:23:38.394	0.95708				2
2025.03.21	01:23:38.821	0.95709	0.95730			6
2025.03.21	01:23:39.137	0.95708	0.95728			6
2025.03.21	01:23:41.973		0.95729			4
2025.03.21	01:23:42.615	0.95711	0.95728			6
2025.03.21	01:23:42.956	0.95707	0.95730			6
2025.03.21	01:23:43.269	0.95708	0.95728			6
2025.03.21	01:23:43.731	0.95709				2
2025.03.21	01:23:44.052	0.95710				2
2025.03.21	01:23:44.358	0.95706	0.95730			6
2025.03.21	01:23:44.664	0.95708	0.95728			6
2025.03.21	01:23:45.392	0.95707	0.95729			6
2025.03.21	01:23:45.698	0.95708	0.95728			6
2025.03.21	01:23:46.082	0.95706				2
2025.03.21	01:23:47.124	0.95710				2
2025.03.21	01:23:47.908	0.95709	0.95729			6
2025.03.21	01:23:48.219	0.95710	0.95728			6
2025.03.21	01:23:50.073	0.95709	0.95729			6
2025.03.21	01:23:50.706		0.95728			4
2025.03.21	01:23:51.008	0.95710				2
2025.03.21	01:23:54.599	0.95709				2
2025.03.21	01:23:56.734	0.95710				2
2025.03.21	01:23:57.451	0.95712				2
2025.03.21	01:23:58.148	0.95708	0.95727			6
2025.03.21	01:24:00.166	0.95707				2
2025.03.21	01:24:03.471		0.95729			4
2025.03.21	01:24:03.789	0.95708				2
2025.03.21	01:24:04.822	0.95712				2
2025.03.21	01:24:08.369	0.95708				2
2025.03.21	01:24:09.413	0.95712				2
2025.03.21	01:24:11.336	0.95711	0.95730			6
2025.03.21	01:24:12.535	0.95712	0.95729			6
2025.03.21	01:24:13.303	0.95714	0.95730			6
2025.03.21	01:24:14.274	0.95713	0.95731			6
2025.03.21	01:24:14.589	0.95712				2
2025.03.21	01:24:14.944	0.95713	0.95730			6
2025.03.21	01:24:16.548	0.95714				2
2025.03.21	01:24:22.590	0.95712	0.95729			6
2025.03.21	01:24:23.179	0.95714	0.95730			6
2025.03.21	01:24:24.240	0.95711	0.95729			6
2025.03.21	01:24:24.809	0.95712	0.95728			6
2025.03.21	01:24:25.841	0.95714	0.95730			6
2025.03.21	01:24:26.142	0.95712	0.95729			6
2025.03.21	01:24:26.845	0.95714	0.95731			6
2025.03.21	01:24:27.632	0.95712	0.95730			6
2025.03.21	01:24:27.965	0.95713	0.95729			6
2025.03.21	01:24:28.706	0.95714	0.95731			6
2025.03.21	01:24:29.891	0.95712	0.95729			6
2025.03.21	01:24:30.939	0.95714	0.95731			6
2025.03.21	01:24:32.068	0.95712	0.95729			6
2025.03.21	01:24:32.721	0.95714	0.95731			6
2025.03.21	01:24:33.115	0.95709	0.95728			6
2025.03.21	01:24:33.463		0.95725			4
2025.03.21	01:24:34.185	0.95708	0.95728			6
2025.03.21	01:24:34.535	0.95709	0.95726			6
2025.03.21	01:24:37.247	0.95708	0.95727			6
2025.03.21	01:24:37.659	0.95709	0.95726			6
2025.03.21	01:24:38.334	0.95708	0.95727			6
2025.03.21	01:24:38.711	0.95709	0.95726			6
2025.03.21	01:24:42.683		0.95727			4
2025.03.21	01:24:43.833	0.95708	0.95728			6
2025.03.21	01:24:44.153	0.95709	0.95727			6
2025.03.21	01:24:45.383		0.95725			4
2025.03.21	01:24:45.694	0.95708				2
2025.03.21	01:24:46.340	0.95710	0.95726			6
2025.03.21	01:24:47.362	0.95708	0.95725			6
2025.03.21	01:24:47.702	0.95710	0.95726			6
2025.03.21	01:24:48.405	0.95709				2
2025.03.21	01:24:48.707	0.95708	0.95725			6
2025.03.21	01:24:49.433	0.95710	0.95726			6
2025.03.21	01:24:49.831	0.95708	0.95725			6
2025.03.21	01:24:50.331	0.95709	0.95726			6
2025.03.21	01:24:50.632	0.95710				2
2025.03.21	01:24:51.508	0.95707	0.95727			6
2025.03.21	01:24:51.829	0.95710	0.95726			6
2025.03.21	01:24:53.479	0.95708	0.95727			6
2025.03.21	01:24:53.789	0.95709				2
2025.03.21	01:24:54.092	0.95710	0.95726			6
2025.03.21	01:24:55.164	0.95707	0.95727			6
2025.03.21	01:24:55.482	0.95709				2
2025.03.21	01:24:57.475	0.95710	0.95726			6
2025.03.21	01:24:58.165	0.95709	0.95727			6
2025.03.21	01:24:58.951	0.95710				2
2025.03.21	01:24:59.380	0.95708	0.95728			6
2025.03.21	01:24:59.708	0.95709	0.95727			6
2025.03.21	01:25:00.129	0.95709				2
2025.03.21	01:25:01.656		0.95726			4
2025.03.21	01:25:02.403	0.95708	0.95727			6
2025.03.21	01:25:02.723	0.95709	0.95725			6
2025.03.21	01:25:03.409	0.95708	0.95726			6
2025.03.21	01:25:03.724	0.95709	0.95725			6
2025.03.21	01:25:04.545	0.95708	0.95727			6
2025.03.21	01:25:04.895	0.95710				2
2025.03.21	01:25:05.264	0.95709	0.95726			6
2025.03.21	01:25:05.576	0.95710	0.95727			6
2025.03.21	01:25:06.598	0.95708				2
2025.03.21	01:25:07.028	0.95709	0.95726			6
2025.03.21	01:25:07.672	0.95710	0.95727			6
2025.03.21	01:25:08.034	0.95709	0.95726			6
2025.03.21	01:25:08.415	0.95710	0.95727			6
2025.03.21	01:25:08.795	0.95708				2
2025.03.21	01:25:09.102		0.95726			4
2025.03.21	01:25:09.759	0.95710	0.95727			6
2025.03.21	01:25:10.829	0.95709	0.95728			6
2025.03.21	01:25:11.190	0.95708	0.95726			6
2025.03.21	01:25:11.995	0.95710	0.95727			6
2025.03.21	01:25:12.405	0.95708	0.95726			6
2025.03.21	01:25:12.881	0.95709	0.95728			6
2025.03.21	01:25:13.220	0.95708	0.95726			6
2025.03.21	01:25:13.558	0.95710	0.95727			6
2025.03.21	01:25:14.093	0.95708	0.95726			6
2025.03.21	01:25:14.462	0.95709	0.95731			6
2025.03.21	01:25:14.773	0.95711	0.95729			6
2025.03.21	01:25:15.097	0.95709				2
2025.03.21	01:25:15.423	0.95708	0.95732			6
2025.03.21	01:25:15.727	0.95712	0.95729			6
2025.03.21	01:25:16.267	0.95709				2
2025.03.21	01:25:16.638	0.95708	0.95730			6
2025.03.21	01:25:17.017	0.95712	0.95729			6
2025.03.21	01:25:17.386	0.95709				2
2025.03.21	01:25:17.731	0.95712	0.95731			6
2025.03.21	01:25:18.052	0.95711	0.95729			6
2025.03.21	01:25:20.881		0.95730			4
2025.03.21	01:25:23.113		0.95729			4
2025.03.21	01:25:24.116		0.95730			4
2025.03.21	01:25:29.134	0.95712				2
2025.03.21	01:25:29.466	0.95713	0.95731			6
2025.03.21	01:25:30.193		0.95730			4
2025.03.21	01:25:30.945	0.95711	0.95731			6
2025.03.21	01:25:31.249	0.95712	0.95730			6
2025.03.21	01:25:31.948	0.95713				2
2025.03.21	01:25:32.625	0.95712				2
2025.03.21	01:25:32.977	0.95711	0.95729			6
2025.03.21	01:25:33.699		0.95730			4
2025.03.21	01:25:34.025	0.95713				2
2025.03.21	01:25:35.536	0.95714				2
2025.03.21	01:25:36.196	0.95713				2
2025.03.21	01:25:36.547	0.95714				2
2025.03.21	01:25:36.920	0.95712				2
2025.03.21	01:25:37.623	0.95713				2
2025.03.21	01:25:38.240	0.95711				2
2025.03.21	01:25:38.591	0.95712				2
2025.03.21	01:25:39.394	0.95711				2
2025.03.21	01:25:39.847	0.95713	0.95729			6
2025.03.21	01:25:40.183	0.95711				2
2025.03.21	01:25:40.581		0.95730			4
2025.03.21	01:25:42.505	0.95713	0.95729			6
2025.03.21	01:25:43.135	0.95711	0.95730			6
2025.03.21	01:25:43.482	0.95713				2
2025.03.21	01:25:44.544	0.95711				2
2025.03.21	01:25:44.847	0.95713				2
2025.03.21	01:25:45.234		0.95729			4
2025.03.21	01:25:46.260		0.95730			4
2025.03.21	01:25:46.819	0.95712				2
2025.03.21	01:25:47.242	0.95713				2
2025.03.21	01:25:48.180	0.95712				2
2025.03.21	01:25:48.486	0.95713	0.95729			6
2025.03.21	01:25:49.090	0.95711	0.95730			6
2025.03.21	01:25:49.650	0.95713	0.95729			6
2025.03.21	01:25:50.514	0.95711	0.95730			6
2025.03.21	01:25:50.824	0.95713	0.95729			6
2025.03.21	01:25:51.391	0.95712	0.95730			6
2025.03.21	01:25:51.712	0.95713				2
2025.03.21	01:25:52.456	0.95711				2
2025.03.21	01:25:53.012	0.95713	0.95729			6
2025.03.21	01:25:53.394	0.95712	0.95730			6
2025.03.21	01:25:53.720	0.95713	0.95729			6
2025.03.21	01:25:54.193	0.95712	0.95730			6
2025.03.21	01:25:54.538	0.95713	0.95729			6
2025.03.21	01:25:55.555		0.95730			4
2025.03.21	01:25:56.495		0.95729			4
2025.03.21	01:25:58.106	0.95711				2
2025.03.21	01:25:58.462	0.95712	0.95730			6
2025.03.21	01:25:58.808	0.95713	0.95729			6
2025.03.21	01:25:59.540	0.95711	0.95730			6
2025.03.21	01:25:59.847	0.95713	0.95729			6
2025.03.21	01:26:00.154	0.95711				2
2025.03.21	01:26:00.694	0.95713	0.95730			6
2025.03.21	01:26:01.395		0.95729			4
2025.03.21	01:26:04.652	0.95712	0.95730			6
2025.03.21	01:26:04.990	0.95710	0.95729			6
2025.03.21	01:26:05.773	0.95712	0.95730			6
2025.03.21	01:26:06.097	0.95713	0.95729			6
2025.03.21	01:26:06.921	0.95710				2
2025.03.21	01:26:07.259	0.95713				2
2025.03.21	01:26:08.800	0.95712	0.95730			6
2025.03.21	01:26:09.214	0.95710	0.95729			6
2025.03.21	01:26:09.695	0.95713				2
2025.03.21	01:26:10.077		0.95730			4
2025.03.21	01:26:10.599		0.95729			4
2025.03.21	01:26:11.120		0.95730			4
2025.03.21	01:26:11.743		0.95729			4
2025.03.21	01:26:12.163		0.95730			4
2025.03.21	01:26:12.673		0.95729			4
2025.03.21	01:26:14.204		0.95730			4
2025.03.21	01:26:14.794		0.95729			4
2025.03.21	01:26:15.234		0.95730			4
2025.03.21	01:26:16.033	0.95711				2
2025.03.21	01:26:16.467	0.95713	0.95729			6
2025.03.21	01:26:17.312		0.95730			4
2025.03.21	01:26:18.097	0.95712				2
2025.03.21	01:26:18.416	0.95713	0.95729			6
2025.03.21	01:26:19.739	0.95710				2
2025.03.21	01:26:20.199	0.95711	0.95730			6
2025.03.21	01:26:20.595	0.95713	0.95729			6
2025.03.21	01:26:26.322	0.95710				2
2025.03.21	01:26:26.638	0.95712	0.95730			6
2025.03.21	01:26:27.044	0.95710	0.95729			6
2025.03.21	01:26:28.639	0.95713				2
2025.03.21	01:26:30.412	0.95710				2
2025.03.21	01:26:30.740	0.95712				2
2025.03.21	01:26:31.046	0.95713				2
2025.03.21	01:26:31.842	0.95711	0.95730			6
2025.03.21	01:26:32.271	0.95712	0.95729			6
2025.03.21	01:26:33.014	0.95708	0.95730			6
2025.03.21	01:26:33.319	0.95710	0.95729			6
2025.03.21	01:26:33.642	0.95713				2
2025.03.21	01:26:33.943	0.95712	0.95730			6
2025.03.21	01:26:34.343	0.95713	0.95729			6
2025.03.21	01:26:36.146	0.95712				2
2025.03.21	01:26:36.499	0.95713				2
2025.03.21	01:26:38.285	0.95712				2
2025.03.21	01:26:38.659	0.95713				2
2025.03.21	01:26:40.125	0.95709				2
2025.03.21	01:26:40.426	0.95713				2
2025.03.21	01:26:43.597	0.95709				2
2025.03.21	01:26:43.926	0.95710	0.95728			6
2025.03.21	01:26:44.250	0.95713	0.95729			6
2025.03.21	01:26:44.601	0.95712				2
2025.03.21	01:26:44.909	0.95713				2
2025.03.21	01:26:45.727	0.95708				2
2025.03.21	01:26:46.074	0.95713				2
2025.03.21	01:26:46.833	0.95711				2
2025.03.21	01:26:47.158	0.95713				2
2025.03.21	01:26:50.131	0.95710				2
2025.03.21	01:26:50.925	0.95713				2
2025.03.21	01:26:53.016		0.95728			4
2025.03.21	01:26:54.832	0.95715				2
2025.03.21	01:26:55.154	0.95712				2
2025.03.21	01:26:56.226	0.95711				2
2025.03.21	01:26:57.652	0.95713				2
2025.03.21	01:26:57.997	0.95711				2
2025.03.21	01:26:58.301	0.95714				2
2025.03.21	01:26:58.621	0.95711				2
2025.03.21	01:26:59.337	0.95714				2
2025.03.21	01:27:00.693	0.95712				2
2025.03.21	01:27:01.022	0.95711				2
2025.03.21	01:27:01.347	0.95715				2
2025.03.21	01:27:06.295		0.95727			4
2025.03.21	01:27:06.604		0.95728			4
2025.03.21	01:27:08.249	0.95714				2
2025.03.21	01:27:08.573	0.95715				2
2025.03.21	01:27:10.346	0.95714				2
2025.03.21	01:27:10.647	0.95713				2
2025.03.21	01:27:10.981	0.95715				2
2025.03.21	01:27:11.292	0.95713				2
2025.03.21	01:27:11.649	0.95712				2
2025.03.21	01:27:11.965	0.95714				2
2025.03.21	01:27:13.990	0.95715				2
2025.03.21	01:27:14.326	0.95713				2
2025.03.21	01:27:14.698	0.95714				2
2025.03.21	01:27:15.057	0.95715				2
2025.03.21	01:27:16.178	0.95716				2
2025.03.21	01:27:19.288	0.95715				2
2025.03.21	01:27:19.896	0.95716				2
2025.03.21	01:27:20.284	0.95715				2
2025.03.21	01:27:20.795	0.95716				2
2025.03.21	01:27:22.333	0.95715	0.95729			6
2025.03.21	01:27:23.500	0.95714				2
2025.03.21	01:27:25.137	0.95716	0.95732			6
2025.03.21	01:27:26.239	0.95715	0.95729			6
2025.03.21	01:27:31.350	0.95716	0.95732			6
2025.03.21	01:27:32.758		0.95731			4
2025.03.21	01:27:33.095	0.95715	0.95732			6
2025.03.21	01:27:36.930		0.95729			4
2025.03.21	01:27:40.037	0.95716				2
2025.03.21	01:27:42.095	0.95715				2
2025.03.21	01:27:50.745	0.95717	0.95732			6
2025.03.21	01:27:51.095	0.95715				2
2025.03.21	01:28:01.730	0.95715				2
2025.03.21	01:28:02.108	0.95716	0.95731			6
2025.03.21	01:28:10.535	0.95713	0.95732			6
2025.03.21	01:28:11.812	0.95714				2
2025.03.21	01:28:14.994	0.95717				2
2025.03.21	01:28:15.381		0.95731			4
2025.03.21	01:28:15.689	0.95718	0.95728			6
2025.03.21	01:28:16.131		0.95731			4
2025.03.21	01:28:17.678		0.95732			4
2025.03.21	01:28:18.758	0.95717				2
2025.03.21	01:28:19.805	0.95718				2
2025.03.21	01:28:27.079		0.95733			4
2025.03.21	01:28:30.521		0.95728			4
2025.03.21	01:28:30.995	0.95717				2
2025.03.21	01:28:31.685	0.95718				2
2025.03.21	01:28:32.555		0.95732			4
2025.03.21	01:28:34.353		0.95728			4
2025.03.21	01:28:35.496		0.95732			4
2025.03.21	01:28:36.382		0.95729			4
2025.03.21	01:28:38.479		0.95732			4
2025.03.21	01:28:40.502		0.95733			4
2025.03.21	01:28:40.946		0.95732			4
2025.03.21	01:28:47.224		0.95728			4
2025.03.21	01:29:00.453	0.95718				2
2025.03.21	01:29:01.469	0.95717				2
2025.03.21	01:29:03.542		0.95732			4
2025.03.21	01:29:03.844	0.95718				2
2025.03.21	01:29:06.649	0.95717				2
2025.03.21	01:29:07.106	0.95718				2
2025.03.21	01:29:09.695		0.95733			4
2025.03.21	01:29:10.795	0.95717				2
2025.03.21	01:29:11.497	0.95718				2
2025.03.21	01:29:12.380	0.95719	0.95735			6
2025.03.21	01:29:12.880	0.95721				2
2025.03.21	01:29:13.196	0.95720				2
2025.03.21	01:29:17.338		0.95734			4
2025.03.21	01:29:17.679	0.95719				2
2025.03.21	01:29:18.049		0.95735			4
2025.03.21	01:29:19.023		0.95737			4
2025.03.21	01:29:21.086	0.95725	0.95736			6
2025.03.21	01:29:22.193	0.95726				2
2025.03.21	01:29:24.266		0.95740			4
2025.03.21	01:29:37.987	0.95725	0.95741			6
2025.03.21	01:29:38.371	0.95726	0.95740			6
2025.03.21	01:29:58.984	0.95727				2
2025.03.21	01:30:00.310	0.95726	0.95739			6
2025.03.21	01:30:01.970	0.95732	0.95740			6
2025.03.21	01:30:04.412	0.95728	0.95742			6
2025.03.21	01:30:04.895	0.95729				2
2025.03.21	01:30:06.922		0.95741			4
2025.03.21	01:30:12.444	0.95730				2
2025.03.21	01:30:16.440	0.95729				2
2025.03.21	01:30:16.986	0.95730				2
2025.03.21	01:30:21.200	0.95729	0.95740			6
2025.03.21	01:30:21.506	0.95728				2
2025.03.21	01:30:27.838	0.95731	0.95741			6
2025.03.21	01:30:33.242		0.95742			4
2025.03.21	01:30:48.178	0.95730				2
2025.03.21	01:30:48.484	0.95731				2
2025.03.21	01:30:56.353	0.95730				2
2025.03.21	01:31:00.457	0.95731				2
2025.03.21	01:31:00.764		0.95741			4
2025.03.21	01:31:01.163	0.95730				2
2025.03.21	01:31:28.939	0.95729				2
2025.03.21	01:31:31.023	0.95730				2
2025.03.21	01:31:41.543	0.95724	0.95734			6
2025.03.21	01:31:41.895	0.95722				2
2025.03.21	01:31:52.360	0.95723				2
2025.03.21	01:32:02.495	0.95723				2
2025.03.21	01:32:41.714	0.95722	0.95734			6
2025.03.21	01:32:42.395	0.95723				2
2025.03.21	01:32:43.785	0.95722				2
2025.03.21	01:32:45.394	0.95723				2
2025.03.21	01:33:00.321	0.95723				2
2025.03.21	01:33:22.042	0.95722	0.95733			6
2025.03.21	01:34:00.542	0.95722				2
2025.03.21	01:34:08.328	0.95723				2
2025.03.21	01:34:13.294		0.95734			4
2025.03.21	01:34:15.295	0.95722				2
2025.03.21	01:34:16.774	0.95723	0.95737			6
2025.03.21	01:34:19.797	0.95724	0.95736			6
2025.03.21	01:34:27.326	0.95723	0.95737			6
2025.03.21	01:34:37.478	0.95724	0.95736			6
2025.03.21	01:34:42.599		0.95735			4
2025.03.21	01:34:43.773	0.95726	0.95737			6
2025.03.21	01:34:44.942	0.95729				2
2025.03.21	01:34:45.246	0.95727				2
2025.03.21	01:34:45.571	0.95726				2
2025.03.21	01:34:46.400	0.95729				2
2025.03.21	01:34:46.703	0.95726				2
2025.03.21	01:34:47.078	0.95729				2
2025.03.21	01:34:47.419	0.95726				2
2025.03.21	01:34:47.747	0.95729				2
2025.03.21	01:34:48.092	0.95726				2
2025.03.21	01:34:48.518	0.95727				2
2025.03.21	01:34:48.895	0.95726				2
2025.03.21	01:34:57.759		0.95736			4
2025.03.21	01:34:58.894	0.95725				2
2025.03.21	01:35:00.597	0.95725				2
2025.03.21	01:35:02.929	0.95726	0.95737			6
2025.03.21	01:35:09.247		0.95738			4
2025.03.21	01:35:16.509		0.95737			4
2025.03.21	01:35:23.243		0.95736			4
2025.03.21	01:35:23.905	0.95725	0.95735			6
2025.03.21	01:35:29.337		0.95737			4
2025.03.21	01:35:30.993	0.95726				2
2025.03.21	01:35:41.774	0.95725	0.95734			6
2025.03.21	01:35:47.206	0.95724				2
2025.03.21	01:35:53.193	0.95725				2
2025.03.21	01:36:00.779	0.95725				2
2025.03.21	01:36:02.001		0.95736			4
2025.03.21	01:36:13.295	0.95724				2
2025.03.21	01:36:25.895	0.95725				2
2025.03.21	01:36:40.294	0.95724				2
2025.03.21	01:36:49.662	0.95725				2
2025.03.21	01:36:59.156	0.95724	0.95734			6
2025.03.21	01:37:00.440	0.95723	0.95735			6
2025.03.21	01:37:00.792	0.95724				2
2025.03.21	01:37:04.432		0.95736			4
2025.03.21	01:37:05.249	0.95725				2
2025.03.21	01:37:09.320	0.95722				2
2025.03.21	01:37:09.994	0.95724				2
2025.03.21	01:37:22.181		0.95737			4
2025.03.21	01:37:26.029	0.95726	0.95741			6
2025.03.21	01:37:28.427	0.95725	0.95740			6
2025.03.21	01:37:30.397		0.95739			4
2025.03.21	01:37:44.567	0.95726	0.95736			6
2025.03.21	01:37:45.578		0.95737			4
2025.03.21	01:37:56.514	0.95725	0.95739			6
2025.03.21	01:38:01.896	0.95725				2
2025.03.21	01:38:07.655		0.95740			4
2025.03.21	01:38:24.778		0.95739			4
2025.03.21	01:38:26.131	0.95724				2
2025.03.21	01:38:26.489	0.95725				2
2025.03.21	01:38:34.549	0.95726				2
2025.03.21	01:38:35.206		0.95738			4
2025.03.21	01:38:40.385	0.95725	0.95736			6
2025.03.21	01:39:00.598	0.95725	0.95737			6
2025.03.21	01:39:26.495	0.95724				2
2025.03.21	01:39:31.837	0.95725	0.95739			6
2025.03.21	01:39:40.375	0.95724	0.95738			6
2025.03.21	01:39:43.315	0.95727	0.95741			6
2025.03.21	01:39:43.640	0.95725	0.95739			6
2025.03.21	01:39:47.595	0.95726				2
2025.03.21	01:39:48.160		0.95737			4
2025.03.21	01:39:51.877		0.95740			4
2025.03.21	01:39:52.297	0.95727				2
2025.03.21	01:40:01.594	0.95727				2
2025.03.21	01:40:25.673	0.95728	0.95741			6
2025.03.21	01:40:26.196	0.95727	0.95740			6
2025.03.21	01:40:26.524	0.95725				2
2025.03.21	01:40:37.307		0.95739			4
2025.03.21	01:40:40.854		0.95738			4
2025.03.21	01:40:49.890	0.95726				2
2025.03.21	01:41:00.394	0.95725				2
2025.03.21	01:41:01.834	0.95726				2
2025.03.21	01:41:18.097	0.95725				2
2025.03.21	01:41:22.707	0.95730	0.95741			6
2025.03.21	01:41:23.023	0.95732	0.95743			6
2025.03.21	01:41:23.332	0.95731				2
2025.03.21	01:41:33.740		0.95742			4
2025.03.21	01:41:39.699		0.95740			4
2025.03.21	01:41:40.296	0.95730				2
2025.03.21	01:41:58.598	0.95729				2
2025.03.21	01:42:00.860	0.95729				2
2025.03.21	01:42:02.494	0.95731	0.95742			6
2025.03.21	01:42:10.509		0.95743			4
2025.03.21	01:42:36.045		0.95741			4
2025.03.21	01:42:38.377	0.95730				2
2025.03.21	01:42:38.796	0.95731				2
2025.03.21	01:42:40.361	0.95726	0.95737			6
2025.03.21	01:42:42.355		0.95736			4
2025.03.21	01:42:42.995	0.95725				2
2025.03.21	01:43:00.128	0.95725				2
2025.03.21	01:43:00.819	0.95724	0.95734			6
2025.03.21	01:43:01.297	0.95722				2
2025.03.21	01:43:09.627	0.95721				2
2025.03.21	01:43:10.481	0.95723				2
2025.03.21	01:43:16.320	0.95722	0.95733			6
2025.03.21	01:44:00.223	0.95722				2
2025.03.21	01:44:16.320		0.95733			4
2025.03.21	01:44:18.531		0.95734			4
2025.03.21	01:45:00.375	0.95718	0.95730			6
2025.03.21	01:45:24.788	0.95715	0.95727			6
2025.03.21	01:45:25.445	0.95716	0.95729			6
2025.03.21	01:45:25.746	0.95715	0.95728			6
2025.03.21	01:45:26.361		0.95727			4
2025.03.21	01:45:38.460	0.95713	0.95725			6
2025.03.21	01:45:40.365		0.95724			4
2025.03.21	01:45:40.685	0.95712	0.95723			6
2025.03.21	01:45:51.472		0.95722			4
2025.03.21	01:46:00.425	0.95712				2
2025.03.21	01:46:00.995	0.95711				2
2025.03.21	01:46:04.375	0.95712				2
2025.03.21	01:46:06.703	0.95711				2
2025.03.21	01:46:41.329	0.95712	0.95725			6
2025.03.21	01:46:42.808	0.95711				2
2025.03.21	01:46:49.599	0.95712				2
2025.03.21	01:47:03.697	0.95712				2
2025.03.21	01:47:21.870	0.95707	0.95718			6
2025.03.21	01:47:33.839	0.95705				2
2025.03.21	01:47:37.893	0.95706				2
2025.03.21	01:48:00.597	0.95706				2
2025.03.21	01:48:06.473		0.95719			4
2025.03.21	01:48:29.794	0.95707				2
2025.03.21	01:48:32.985	0.95705	0.95718			6
2025.03.21	01:48:34.197	0.95706				2
2025.03.21	01:48:34.922		0.95719			4
2025.03.21	01:48:37.045	0.95708				2
2025.03.21	01:48:40.881	0.95707	0.95718			6
2025.03.21	01:48:44.695		0.95719			4
2025.03.21	01:48:54.042	0.95708				2
2025.03.21	01:48:55.809		0.95720			4
2025.03.21	01:49:00.104	0.95708				2
2025.03.21	01:49:01.090	0.95707				2
2025.03.21	01:49:01.923	0.95706	0.95719			6
2025.03.21	01:49:02.952		0.95718			4
2025.03.21	01:49:03.635	0.95705	0.95717			6
2025.03.21	01:49:04.500	0.95708				2
2025.03.21	01:49:27.843	0.95709	0.95718			6
2025.03.21	01:49:28.240		0.95719			4
2025.03.21	01:49:34.424		0.95718			4
2025.03.21	01:49:35.295		0.95719			4
2025.03.21	01:49:38.508		0.95718			4
2025.03.21	01:49:55.543		0.95719			4
2025.03.21	01:49:59.947	0.95713	0.95721			6
2025.03.21	01:50:00.254	0.95710	0.95720			6
2025.03.21	01:50:02.227		0.95719			4
2025.03.21	01:50:44.197		0.95720			4
2025.03.21	01:51:00.094	0.95710				2
2025.03.21	01:51:08.985	0.95709				2
2025.03.21	01:51:22.840	0.95707	0.95719			6
2025.03.21	01:51:26.196		0.95718			4
2025.03.21	01:51:43.604	0.95709				2
2025.03.21	01:51:47.449		0.95719			4
2025.03.21	01:52:06.100	0.95709	0.95718			6
2025.03.21	01:52:11.360		0.95719			4
2025.03.21	01:52:30.861	0.95707	0.95718			6
2025.03.21	01:53:00.129	0.95707				2
2025.03.21	01:53:21.012	0.95706				2
2025.03.21	01:53:31.453		0.95718			4
2025.03.21	01:53:37.189	0.95709				2
2025.03.21	01:53:38.574		0.95719			4
2025.03.21	01:53:58.008	0.95710	0.95720			6
2025.03.21	01:53:58.336	0.95709				2
2025.03.21	01:53:59.269		0.95719			4
2025.03.21	01:54:00.338	0.95709				2
2025.03.21	01:54:02.307		0.95720			4
2025.03.21	01:54:02.628		0.95719			4
2025.03.21	01:54:03.514		0.95720			4
2025.03.21	01:54:13.454		0.95719			4
2025.03.21	01:54:22.507	0.95708				2
2025.03.21	01:54:35.197		0.95720			4
2025.03.21	01:55:02.234	0.95708				2
2025.03.21	01:55:29.711	0.95709	0.95722			6
2025.03.21	01:55:30.095		0.95721			4
2025.03.21	01:55:33.690	0.95706	0.95719			6
2025.03.21	01:55:37.866		0.95718			4
2025.03.21	01:55:40.572	0.95708	0.95719			6
2025.03.21	01:55:43.225	0.95705	0.95717			6
2025.03.21	01:55:43.816	0.95704				2
2025.03.21	01:56:01.383	0.95704				2
2025.03.21	01:56:07.044		0.95716			4
2025.03.21	01:56:14.656	0.95705	0.95717			6
2025.03.21	01:56:20.972	0.95704				2
2025.03.21	01:57:09.303	0.95705				2
2025.03.21	01:57:14.193		0.95718			4
2025.03.21	01:57:14.524		0.95717			4
2025.03.21	01:57:41.473		0.95716			4
2025.03.21	01:58:01.595	0.95705				2
2025.03.21	01:58:02.522	0.95704				2
2025.03.21	01:58:06.187	0.95705				2
2025.03.21	01:58:13.819		0.95715			4
2025.03.21	01:58:15.786		0.95716			4
2025.03.21	01:58:18.169	0.95704				2
2025.03.21	01:58:25.128	0.95705				2
2025.03.21	01:58:30.357	0.95706				2
2025.03.21	01:58:48.379		0.95718			4
2025.03.21	01:59:02.363	0.95706				2
2025.03.21	01:59:02.666	0.95705	0.95717			6
2025.03.21	01:59:03.657		0.95718			4
2025.03.21	01:59:05.193	0.95706				2
2025.03.21	01:59:10.948	0.95704	0.95715			6
2025.03.21	01:59:20.194	0.95703				2
2025.03.21	01:59:20.540	0.95700	0.95714			6
2025.03.21	01:59:23.788	0.95701				2
2025.03.21	01:59:26.037	0.95704	0.95715			6
2025.03.21	01:59:39.180		0.95714			4
2025.03.21	01:59:39.695	0.95703				2
