<DATE>	<TIME>	<BID>	<ASK>	<LAST>	<VOLUME>	<FLAGS>
2025.06.10	00:03:30.610	0.93745	0.93900			6
2025.06.10	00:04:01.776	0.93745				2
2025.06.10	00:04:41.543		0.93900			4
2025.06.10	00:05:04.967	0.93745				2
2025.06.10	00:05:14.282	0.93794	0.93934			6
2025.06.10	00:05:56.905	0.93795				2
2025.06.10	00:06:04.540	0.93795				2
2025.06.10	00:06:05.080		0.93900			4
2025.06.10	00:07:00.111	0.93795				2
2025.06.10	00:07:08.118	0.93786	0.93900			6
2025.06.10	00:07:18.358	0.93788				2
2025.06.10	00:07:20.211	0.93789				2
2025.06.10	00:07:25.346	0.93790				2
2025.06.10	00:07:30.830	0.93788				2
2025.06.10	00:07:35.340	0.93790				2
2025.06.10	00:07:40.567	0.93788				2
2025.06.10	00:07:45.310	0.93790				2
2025.06.10	00:07:51.733	0.93789				2
2025.06.10	00:07:55.383	0.93788				2
2025.06.10	00:08:00.077	0.93788				2
2025.06.10	00:08:02.167	0.93789				2
2025.06.10	00:08:06.990	0.93788				2
2025.06.10	00:08:11.516	0.93790	0.93900			6
2025.06.10	00:08:16.726	0.93788				2
2025.06.10	00:08:46.320	0.93790				2
2025.06.10	00:08:51.569	0.93788				2
2025.06.10	00:09:00.376	0.93788				2
2025.06.10	00:09:18.956	0.93789	0.93900			6
2025.06.10	00:09:23.990	0.93786				2
2025.06.10	00:09:29.453	0.93789				2
2025.06.10	00:09:39.784	0.93788				2
2025.06.10	00:09:45.118	0.93787				2
2025.06.10	00:09:50.320	0.93789				2
2025.06.10	00:10:00.324	0.93802				2
2025.06.10	00:10:02.253	0.93804				2
2025.06.10	00:10:12.079	0.93801	0.93927			6
2025.06.10	00:10:21.176	0.93802	0.93926			6
2025.06.10	00:10:36.381	0.93804	0.93927			6
2025.06.10	00:10:44.565	0.93803	0.93925			6
2025.06.10	00:10:51.531	0.93805	0.93926			6
2025.06.10	00:10:53.046	0.93792	0.93973			6
2025.06.10	00:10:54.616	0.93806	0.93900			6
2025.06.10	00:10:57.182	0.93805	0.93926			6
2025.06.10	00:10:57.798	0.93806	0.93900			6
2025.06.10	00:11:01.082	0.93806				2
2025.06.10	00:11:04.243	0.93805	0.93926			6
2025.06.10	00:11:04.866	0.93806	0.93900			6
2025.06.10	00:11:06.486	0.93807				2
2025.06.10	00:11:11.066	0.93806	0.93925			6
2025.06.10	00:11:11.681	0.93807	0.93900			6
2025.06.10	00:11:18.072	0.93806	0.93925			6
2025.06.10	00:11:18.692	0.93807	0.93900			6
2025.06.10	00:11:24.987	0.93806	0.93925			6
2025.06.10	00:11:25.618	0.93807	0.93900			6
2025.06.10	00:11:28.040	0.93809				2
2025.06.10	00:11:28.779	0.93808				2
2025.06.10	00:11:29.286	0.93807				2
2025.06.10	00:11:39.157	0.93799				2
2025.06.10	00:11:45.447	0.93800				2
2025.06.10	00:11:47.705	0.93799				2
2025.06.10	00:11:49.386	0.93798				2
2025.06.10	00:11:50.755	0.93797				2
2025.06.10	00:11:53.888	0.93798				2
2025.06.10	00:12:00.291	0.93798				2
2025.06.10	00:12:07.987	0.93797				2
2025.06.10	00:12:08.981	0.93798				2
2025.06.10	00:12:26.739		0.93900			4
2025.06.10	00:12:58.350	0.93806	0.93909			6
2025.06.10	00:13:00.786	0.93806				2
2025.06.10	00:13:33.757		0.93902			4
2025.06.10	00:14:00.281	0.93806				2
2025.06.10	00:14:28.970		0.93900			4
2025.06.10	00:15:00.280	0.93806				2
2025.06.10	00:15:32.269		0.93900			4
2025.06.10	00:16:40.536	0.93806	0.93900			6
2025.06.10	00:17:04.643	0.93806				2
2025.06.10	00:17:46.903		0.93900			4
2025.06.10	00:18:00.315	0.93806				2
2025.06.10	00:18:48.591		0.93900			4
2025.06.10	00:19:03.977	0.93806				2
2025.06.10	00:19:50.588		0.93900			4
2025.06.10	00:20:01.764	0.93806				2
2025.06.10	00:20:50.591		0.93900			4
2025.06.10	00:21:01.564	0.93806				2
2025.06.10	00:21:51.234		0.93900			4
2025.06.10	00:22:00.316	0.93806				2
2025.06.10	00:22:51.992		0.93900			4
2025.06.10	00:23:00.191	0.93806				2
2025.06.10	00:23:04.987	0.93805				2
2025.06.10	00:23:15.199	0.93806				2
2025.06.10	00:23:24.482	0.93805				2
2025.06.10	00:23:28.794	0.93810				2
2025.06.10	00:23:35.886	0.93811				2
2025.06.10	00:23:49.425	0.93810				2
2025.06.10	00:23:52.264		0.93900			4
2025.06.10	00:24:00.498	0.93810				2
2025.06.10	00:24:54.261		0.93900			4
2025.06.10	00:25:00.311	0.93810				2
2025.06.10	00:25:02.796	0.93805				2
2025.06.10	00:25:56.904		0.93900			4
2025.06.10	00:26:00.785	0.93805				2
2025.06.10	00:26:02.291	0.93806				2
2025.06.10	00:26:06.789	0.93805				2
2025.06.10	00:26:09.186	0.93806				2
2025.06.10	00:26:32.879	0.93808	0.93903			6
2025.06.10	00:26:35.103	0.93809				2
2025.06.10	00:26:36.409	0.93819				2
2025.06.10	00:26:54.767	0.93804	0.93923			6
2025.06.10	00:26:56.933	0.93819	0.93903			6
2025.06.10	00:27:04.387	0.93819				2
2025.06.10	00:27:27.881		0.93902			4
2025.06.10	00:28:01.434	0.93819				2
2025.06.10	00:28:22.881		0.93904			4
2025.06.10	00:29:05.174	0.93819				2
2025.06.10	00:29:25.140		0.93904			4
2025.06.10	00:30:00.379	0.93819				2
2025.06.10	00:30:25.688		0.93904			4
2025.06.10	00:31:00.792	0.93819				2
2025.06.10	00:31:26.933		0.93904			4
2025.06.10	00:32:00.480	0.93819				2
2025.06.10	00:32:29.578		0.93904			4
2025.06.10	00:33:00.484	0.93819				2
2025.06.10	00:33:30.319		0.93904			4
2025.06.10	00:33:46.804	0.93805				2
2025.06.10	00:33:47.552	0.93819				2
2025.06.10	00:34:03.413	0.93819				2
2025.06.10	00:34:20.890		0.93906			4
2025.06.10	00:35:00.216	0.93819				2
2025.06.10	00:35:21.915		0.93906			4
2025.06.10	00:36:00.318	0.93819				2
2025.06.10	00:36:12.169	0.93807				2
2025.06.10	00:36:12.918	0.93819				2
2025.06.10	00:36:24.176		0.93906			4
2025.06.10	00:37:01.192	0.93819				2
2025.06.10	00:37:23.576	0.93767	0.93893			6
2025.06.10	00:37:23.885		0.93895			4
2025.06.10	00:37:24.191		0.93891			4
2025.06.10	00:37:24.788		0.93890			4
2025.06.10	00:37:25.807	0.93759	0.93893			6
2025.06.10	00:37:26.287	0.93754	0.93894			6
2025.06.10	00:37:26.599	0.93755				2
2025.06.10	00:37:27.960	0.93754				2
2025.06.10	00:37:28.503	0.93753	0.93895			6
2025.06.10	00:37:29.147	0.93752	0.93896			6
2025.06.10	00:37:29.978	0.93753	0.93895			6
2025.06.10	00:37:34.360	0.93755				2
2025.06.10	00:37:34.987		0.93894			4
2025.06.10	00:37:35.336	0.93756				2
2025.06.10	00:37:38.945	0.93757	0.93893			6
2025.06.10	00:37:40.607	0.93774	0.93914			6
2025.06.10	00:37:42.590	0.93775				2
2025.06.10	00:37:43.087	0.93785	0.93909			6
2025.06.10	00:37:43.399	0.93786	0.93906			6
2025.06.10	00:37:44.424	0.93787	0.93905			6
2025.06.10	00:37:46.995	0.93786	0.93906			6
2025.06.10	00:37:48.290	0.93787	0.93905			6
2025.06.10	00:37:48.598	0.93785	0.93907			6
2025.06.10	00:37:49.587	0.93786	0.93906			6
2025.06.10	00:37:49.892	0.93787				2
2025.06.10	00:37:50.203	0.93785				2
2025.06.10	00:37:51.409	0.93786				2
2025.06.10	00:37:51.902	0.93785				2
2025.06.10	00:37:52.259	0.93787	0.93905			6
2025.06.10	00:37:52.568		0.93904			4
2025.06.10	00:37:52.975		0.93905			4
2025.06.10	00:37:53.584	0.93786	0.93906			6
2025.06.10	00:37:55.072	0.93787	0.93904			6
2025.06.10	00:37:55.388	0.93786	0.93905			6
2025.06.10	00:37:57.255		0.93906			4
2025.06.10	00:37:58.692		0.93907			4
2025.06.10	00:38:00.453	0.93787	0.93906			6
2025.06.10	00:38:01.190	0.93786	0.93907			6
2025.06.10	00:38:01.561	0.93787	0.93906			6
2025.06.10	00:38:01.991	0.93786	0.93907			6
2025.06.10	00:38:02.993	0.93787				2
2025.06.10	00:38:04.314	0.93786				2
2025.06.10	00:38:04.687	0.93787				2
2025.06.10	00:38:05.621	0.93776	0.93914			6
2025.06.10	00:38:05.977	0.93777				2
2025.06.10	00:38:06.279	0.93776				2
2025.06.10	00:38:06.664	0.93777				2
2025.06.10	00:38:08.147		0.93906			4
2025.06.10	00:38:08.572	0.93786	0.93905			6
2025.06.10	00:38:08.885		0.93906			4
2025.06.10	00:38:09.807		0.93907			4
2025.06.10	00:38:11.173	0.93787	0.93900			6
2025.06.10	00:38:11.584		0.93906			4
2025.06.10	00:38:13.188		0.93900			4
2025.06.10	00:38:14.585		0.93907			4
2025.06.10	00:38:17.454	0.93784	0.93900			6
2025.06.10	00:38:18.725	0.93787	0.93909			6
2025.06.10	00:38:19.035		0.93911			4
2025.06.10	00:38:21.811	0.93789	0.93910			6
2025.06.10	00:38:23.092		0.93909			4
2025.06.10	00:38:23.709	0.93787	0.93911			6
2025.06.10	00:38:24.190		0.93910			4
2025.06.10	00:38:24.901	0.93788	0.93909			6
2025.06.10	00:38:25.590	0.93787	0.93910			6
2025.06.10	00:38:26.892	0.93788	0.93909			6
2025.06.10	00:38:28.303	0.93787				2
2025.06.10	00:38:28.618	0.93788				2
2025.06.10	00:38:34.262		0.93911			4
2025.06.10	00:38:38.402	0.93789	0.93910			6
2025.06.10	00:38:40.625	0.93786	0.93912			6
2025.06.10	00:38:42.189		0.93913			4
2025.06.10	00:38:43.508	0.93787	0.93912			6
2025.06.10	00:38:43.995	0.93786	0.93913			6
2025.06.10	00:38:44.589		0.93914			4
2025.06.10	00:38:46.367	0.93787				2
2025.06.10	00:38:46.964	0.93786				2
2025.06.10	00:38:54.450	0.93787				2
2025.06.10	00:38:54.827	0.93786				2
2025.06.10	00:38:56.761	0.93785				2
2025.06.10	00:38:57.134	0.93787				2
2025.06.10	00:38:58.392	0.93788	0.93913			6
2025.06.10	00:38:59.163	0.93787	0.93914			6
2025.06.10	00:39:00.360	0.93787				2
2025.06.10	00:39:02.631	0.93785				2
2025.06.10	00:39:06.190	0.93784				2
2025.06.10	00:39:08.751	0.93785				2
2025.06.10	00:39:11.892	0.93787	0.93913			6
2025.06.10	00:39:12.468	0.93788	0.93912			6
2025.06.10	00:39:12.786	0.93787	0.93914			6
2025.06.10	00:39:14.289		0.93912			4
2025.06.10	00:39:23.753		0.93913			4
2025.06.10	00:39:24.489		0.93914			4
2025.06.10	00:39:27.520	0.93786				2
2025.06.10	00:39:49.884	0.93787				2
2025.06.10	00:39:50.257	0.93784				2
2025.06.10	00:39:51.602	0.93787				2
2025.06.10	00:39:55.608	0.93786				2
2025.06.10	00:39:55.997	0.93789				2
2025.06.10	00:39:56.889	0.93790				2
2025.06.10	00:39:57.520	0.93789				2
2025.06.10	00:40:00.369	0.93788				2
2025.06.10	00:40:01.153	0.93790				2
2025.06.10	00:40:01.464	0.93789				2
2025.06.10	00:40:01.989	0.93790				2
2025.06.10	00:40:04.524	0.93789				2
2025.06.10	00:40:04.885	0.93790	0.93912			6
2025.06.10	00:40:05.288	0.93789				2
2025.06.10	00:40:08.114	0.93787	0.93913			6
2025.06.10	00:40:08.587	0.93788	0.93914			6
2025.06.10	00:40:12.733	0.93787				2
2025.06.10	00:40:14.179	0.93788	0.93913			6
2025.06.10	00:40:15.591		0.93912			4
2025.06.10	00:40:19.071	0.93785	0.93914			6
2025.06.10	00:40:19.605	0.93789	0.93911			6
2025.06.10	00:40:19.967	0.93787	0.93913			6
2025.06.10	00:40:20.288	0.93788				2
2025.06.10	00:40:21.590	0.93789	0.93912			6
2025.06.10	00:40:21.904		0.93911			4
2025.06.10	00:40:22.926	0.93787	0.93913			6
2025.06.10	00:40:23.597	0.93789	0.93911			6
2025.06.10	00:40:24.186	0.93790	0.93914			6
2025.06.10	00:40:24.498		0.93912			4
2025.06.10	00:40:29.214		0.93914			4
2025.06.10	00:40:29.890	0.93791				2
2025.06.10	00:40:33.917	0.93790				2
2025.06.10	00:40:34.219	0.93789				2
2025.06.10	00:40:34.522	0.93790				2
2025.06.10	00:40:34.827	0.93791				2
2025.06.10	00:40:35.128	0.93790				2
2025.06.10	00:40:38.218	0.93791				2
2025.06.10	00:40:38.586	0.93790				2
2025.06.10	00:40:38.961	0.93792				2
2025.06.10	00:40:40.633	0.93790				2
2025.06.10	00:40:40.999	0.93792				2
2025.06.10	00:40:41.891	0.93791				2
2025.06.10	00:40:46.085	0.93792				2
2025.06.10	00:40:52.933	0.93790	0.93912			6
2025.06.10	00:40:53.389	0.93792	0.93914			6
2025.06.10	00:40:54.185	0.93791	0.93913			6
2025.06.10	00:40:58.488		0.93912			4
2025.06.10	00:41:01.764	0.93791				2
2025.06.10	00:41:02.474	0.93784	0.93914			6
2025.06.10	00:41:03.894	0.93785				2
2025.06.10	00:41:04.258	0.93787				2
2025.06.10	00:41:04.611	0.93792				2
2025.06.10	00:41:04.941	0.93791				2
2025.06.10	00:41:16.042	0.93792				2
2025.06.10	00:41:17.886	0.93791				2
2025.06.10	00:41:19.191	0.93792				2
2025.06.10	00:41:22.205	0.93784	0.93906			6
2025.06.10	00:41:25.913	0.93789	0.93914			6
2025.06.10	00:41:28.973	0.93790				2
2025.06.10	00:41:34.355	0.93791				2
2025.06.10	00:41:36.487	0.93790				2
2025.06.10	00:41:37.218	0.93792				2
2025.06.10	00:41:42.889	0.93791				2
2025.06.10	00:41:43.266	0.93792				2
2025.06.10	00:41:44.702	0.93791	0.93912			6
2025.06.10	00:41:45.550		0.93914			4
2025.06.10	00:41:45.856	0.93792				2
2025.06.10	00:41:47.886		0.93913			4
2025.06.10	00:41:49.963	0.93790	0.93911			6
2025.06.10	00:41:50.287	0.93791	0.93913			6
2025.06.10	00:41:50.597		0.93912			4
2025.06.10	00:41:52.078	0.93792	0.93913			6
2025.06.10	00:41:54.487	0.93791	0.93912			6
2025.06.10	00:41:55.958	0.93789	0.93910			6
2025.06.10	00:41:56.261	0.93791	0.93912			6
2025.06.10	00:42:00.786	0.93791				2
2025.06.10	00:42:01.212	0.93793	0.93914			6
2025.06.10	00:42:05.672	0.93764	0.93899			6
2025.06.10	00:42:05.985		0.93898			4
2025.06.10	00:42:07.691		0.93899			4
2025.06.10	00:42:09.799		0.93898			4
2025.06.10	00:42:12.490		0.93897			4
2025.06.10	00:42:15.555		0.93899			4
2025.06.10	00:42:17.915	0.93766	0.93894			6
2025.06.10	00:42:18.729	0.93769				2
2025.06.10	00:42:22.191		0.93896			4
2025.06.10	00:42:23.212		0.93895			4
2025.06.10	00:42:23.993		0.93898			4
2025.06.10	00:42:24.353		0.93902			4
2025.06.10	00:42:24.782		0.93903			4
2025.06.10	00:42:25.417		0.93900			4
2025.06.10	00:42:29.416		0.93898			4
2025.06.10	00:42:31.903		0.93897			4
2025.06.10	00:42:32.424		0.93900			4
2025.06.10	00:42:32.890		0.93901			4
2025.06.10	00:42:35.125		0.93902			4
2025.06.10	00:42:35.873		0.93900			4
2025.06.10	00:42:38.722		0.93905			4
2025.06.10	00:42:39.113		0.93900			4
2025.06.10	00:42:40.433		0.93902			4
2025.06.10	00:42:44.285		0.93900			4
2025.06.10	00:42:47.954		0.93901			4
2025.06.10	00:42:50.299		0.93900			4
2025.06.10	00:42:51.249		0.93903			4
2025.06.10	00:42:55.580		0.93901			4
2025.06.10	00:43:00.364	0.93769				2
2025.06.10	00:43:01.463		0.93902			4
2025.06.10	00:43:01.828		0.93903			4
2025.06.10	00:43:06.477		0.93900			4
2025.06.10	00:43:11.792		0.93901			4
2025.06.10	00:43:17.538	0.93788	0.93914			6
2025.06.10	00:43:17.913	0.93789				2
2025.06.10	00:43:19.604	0.93790				2
2025.06.10	00:43:20.486	0.93789				2
2025.06.10	00:43:20.788	0.93786	0.93913			6
2025.06.10	00:43:22.896	0.93788	0.93914			6
2025.06.10	00:43:34.602	0.93787	0.93913			6
2025.06.10	00:43:36.192		0.93914			4
2025.06.10	00:43:40.086		0.93913			4
2025.06.10	00:43:44.286	0.93788	0.93914			6
2025.06.10	00:44:02.055	0.93788				2
2025.06.10	00:44:14.094	0.93787	0.93913			6
2025.06.10	00:44:18.802	0.93786	0.93914			6
2025.06.10	00:44:19.605	0.93787	0.93913			6
2025.06.10	00:44:24.189	0.93788	0.93914			6
2025.06.10	00:44:27.563	0.93787				2
2025.06.10	00:44:28.495	0.93788				2
2025.06.10	00:44:28.799	0.93787				2
2025.06.10	00:44:29.561	0.93789				2
2025.06.10	00:44:33.681	0.93788				2
2025.06.10	00:44:34.523	0.93789				2
2025.06.10	00:44:44.232	0.93790				2
2025.06.10	00:44:45.486	0.93789				2
2025.06.10	00:44:47.738	0.93788	0.93913			6
2025.06.10	00:44:48.134		0.93914			4
2025.06.10	00:44:48.499	0.93789				2
2025.06.10	00:44:51.186	0.93788				2
2025.06.10	00:44:51.592	0.93789				2
2025.06.10	00:44:52.247	0.93788				2
2025.06.10	00:44:55.355	0.93789				2
2025.06.10	00:44:55.990	0.93788				2
2025.06.10	00:45:01.389	0.93788				2
2025.06.10	00:45:01.718	0.93789				2
2025.06.10	00:45:02.185	0.93785	0.93904			6
2025.06.10	00:45:04.003	0.93784	0.93903			6
2025.06.10	00:45:04.611	0.93790	0.93914			6
2025.06.10	00:45:04.936	0.93791				2
2025.06.10	00:45:05.290	0.93790				2
2025.06.10	00:45:08.808	0.93808	0.93896			6
2025.06.10	00:45:11.887		0.93895			4
2025.06.10	00:45:38.521	0.93802	0.93896			6
2025.06.10	00:45:46.359	0.93801				2
2025.06.10	00:45:47.693	0.93807	0.93894			6
2025.06.10	00:46:00.793	0.93807				2
2025.06.10	00:46:08.591	0.93808	0.93895			6
2025.06.10	00:46:11.068		0.93894			4
2025.06.10	00:46:12.791	0.93806	0.93893			6
2025.06.10	00:46:19.386		0.93892			4
2025.06.10	00:46:29.184	0.93801	0.93887			6
2025.06.10	00:46:29.518		0.93888			4
2025.06.10	00:46:31.954		0.93893			4
2025.06.10	00:46:32.259	0.93804				2
2025.06.10	00:46:36.267	0.93803				2
2025.06.10	00:46:37.753	0.93802				2
2025.06.10	00:46:38.255	0.93801				2
2025.06.10	00:46:41.332	0.93803				2
2025.06.10	00:46:50.684	0.93801				2
2025.06.10	00:46:51.188	0.93802	0.93890			6
2025.06.10	00:46:52.977	0.93801	0.93893			6
2025.06.10	00:46:53.476		0.93891			4
2025.06.10	00:46:53.862		0.93890			4
2025.06.10	00:46:54.191		0.93893			4
2025.06.10	00:46:59.176	0.93802				2
2025.06.10	00:47:02.219	0.93797	0.93880			6
2025.06.10	00:47:03.148	0.93795	0.93878			6
2025.06.10	00:47:03.751	0.93796	0.93879			6
2025.06.10	00:47:04.664	0.93795	0.93893			6
2025.06.10	00:47:05.036	0.93794				2
2025.06.10	00:47:05.441	0.93795				2
2025.06.10	00:47:29.327	0.93794				2
2025.06.10	00:47:34.796	0.93791				2
2025.06.10	00:47:45.456	0.93792				2
2025.06.10	00:47:46.986	0.93791				2
2025.06.10	00:48:00.190	0.93791				2
2025.06.10	00:48:01.795	0.93792				2
2025.06.10	00:48:02.293	0.93790				2
2025.06.10	00:48:02.793	0.93799	0.93891			6
2025.06.10	00:48:03.186		0.93893			4
2025.06.10	00:48:14.177	0.93800				2
2025.06.10	00:48:29.810		0.93898			4
2025.06.10	00:48:30.489		0.93897			4
2025.06.10	00:48:32.596	0.93801				2
2025.06.10	00:48:37.806	0.93798	0.93898			6
2025.06.10	00:48:38.232	0.93801	0.93895			6
2025.06.10	00:48:38.889		0.93899			4
2025.06.10	00:48:44.891	0.93800				2
2025.06.10	00:48:49.679	0.93799	0.93900			6
2025.06.10	00:48:51.879		0.93899			4
2025.06.10	00:48:53.418	0.93800				2
2025.06.10	00:48:54.183	0.93799	0.93895			6
2025.06.10	00:48:54.488		0.93897			4
2025.06.10	00:48:54.818	0.93800	0.93896			6
2025.06.10	00:48:57.519	0.93802	0.93898			6
2025.06.10	00:48:57.822	0.93800	0.93900			6
2025.06.10	00:48:59.179	0.93801	0.93899			6
2025.06.10	00:49:00.069	0.93802	0.93900			6
2025.06.10	00:49:00.478	0.93797	0.93903			6
2025.06.10	00:49:00.787	0.93800	0.93901			6
2025.06.10	00:49:01.849	0.93799	0.93902			6
2025.06.10	00:49:02.684	0.93800	0.93901			6
2025.06.10	00:49:03.186		0.93903			4
2025.06.10	00:49:07.920	0.93801				2
2025.06.10	00:49:11.334	0.93802	0.93902			6
2025.06.10	00:49:11.740	0.93803				2
2025.06.10	00:49:14.092	0.93802	0.93903			6
2025.06.10	00:49:17.698		0.93902			4
2025.06.10	00:49:19.313	0.93801	0.93901			6
2025.06.10	00:49:19.662		0.93898			4
2025.06.10	00:49:20.711		0.93899			4
2025.06.10	00:49:21.487		0.93903			4
2025.06.10	00:49:21.804	0.93791				2
2025.06.10	00:49:25.087	0.93790				2
2025.06.10	00:49:26.005	0.93796	0.93900			6
2025.06.10	00:49:29.184	0.93797	0.93899			6
2025.06.10	00:49:35.887	0.93798				2
2025.06.10	00:49:41.341		0.93900			4
2025.06.10	00:49:47.992	0.93797				2
2025.06.10	00:49:49.745	0.93796	0.93902			6
2025.06.10	00:49:54.189		0.93901			4
2025.06.10	00:49:54.758		0.93902			4
2025.06.10	00:49:55.065	0.93795	0.93903			6
2025.06.10	00:50:01.089	0.93795				2
2025.06.10	00:50:01.692		0.93901			4
2025.06.10	00:50:02.847	0.93796				2
2025.06.10	00:50:03.786		0.93897			4
2025.06.10	00:50:04.141		0.93901			4
2025.06.10	00:50:05.283	0.93797	0.93900			6
2025.06.10	00:50:06.785	0.93798	0.93899			6
2025.06.10	00:50:07.317		0.93901			4
2025.06.10	00:50:07.687		0.93899			4
2025.06.10	00:50:12.191		0.93903			4
2025.06.10	00:50:14.421		0.93895			4
2025.06.10	00:50:20.056	0.93799				2
2025.06.10	00:50:21.797	0.93794	0.93909			6
2025.06.10	00:50:22.192	0.93801	0.93905			6
2025.06.10	00:50:22.805		0.93908			4
2025.06.10	00:50:23.888		0.93904			4
2025.06.10	00:50:24.216		0.93899			4
2025.06.10	00:50:25.485		0.93903			4
2025.06.10	00:50:25.945		0.93904			4
2025.06.10	00:50:29.178		0.93903			4
2025.06.10	00:50:30.577	0.93802	0.93898			6
2025.06.10	00:50:32.770	0.93801	0.93899			6
2025.06.10	00:50:34.687		0.93903			4
2025.06.10	00:50:35.717	0.93802				2
2025.06.10	00:50:40.017		0.93894			4
2025.06.10	00:50:40.322	0.93803	0.93903			6
2025.06.10	00:50:43.086	0.93802				2
2025.06.10	00:50:49.271		0.93899			4
2025.06.10	00:50:49.580	0.93803				2
2025.06.10	00:50:50.290	0.93802				2
2025.06.10	00:50:52.684	0.93803				2
2025.06.10	00:50:53.241	0.93802				2
2025.06.10	00:51:03.216	0.93802				2
2025.06.10	00:51:03.623	0.93803				2
2025.06.10	00:51:04.525	0.93801				2
2025.06.10	00:51:04.908		0.93907			4
2025.06.10	00:51:05.407		0.93898			4
2025.06.10	00:51:06.892	0.93802				2
2025.06.10	00:51:09.650	0.93801				2
2025.06.10	00:51:11.178	0.93802	0.93899			6
2025.06.10	00:51:11.683	0.93801				2
2025.06.10	00:51:12.743	0.93792	0.93908			6
2025.06.10	00:51:13.991	0.93795	0.93897			6
2025.06.10	00:51:14.666	0.93798				2
2025.06.10	00:51:17.053	0.93799				2
2025.06.10	00:51:17.913	0.93802				2
2025.06.10	00:51:20.760		0.93896			4
2025.06.10	00:51:21.286		0.93894			4
2025.06.10	00:51:29.590		0.93893			4
2025.06.10	00:51:30.787		0.93892			4
2025.06.10	00:51:33.564		0.93894			4
2025.06.10	00:51:33.936		0.93896			4
2025.06.10	00:51:34.257		0.93897			4
2025.06.10	00:51:58.323		0.93881			4
2025.06.10	00:51:58.693		0.93879			4
2025.06.10	00:52:00.320	0.93802				2
2025.06.10	00:52:01.805	0.93808				2
2025.06.10	00:52:03.537		0.93865			4
2025.06.10	00:52:03.939		0.93866			4
2025.06.10	00:52:06.407	0.93802				2
2025.06.10	00:52:11.690		0.93865			4
2025.06.10	00:52:14.548		0.93862			4
2025.06.10	00:52:17.922		0.93864			4
2025.06.10	00:52:20.510		0.93860			4
2025.06.10	00:52:29.082		0.93859			4
2025.06.10	00:52:29.623		0.93858			4
2025.06.10	00:52:34.740		0.93857			4
2025.06.10	00:52:41.544	0.93808	0.93870			6
2025.06.10	00:52:42.433		0.93864			4
2025.06.10	00:52:42.788	0.93804	0.93865			6
2025.06.10	00:52:59.286		0.93864			4
2025.06.10	00:53:02.099	0.93799	0.93860			6
2025.06.10	00:53:02.588		0.93858			4
2025.06.10	00:53:03.212		0.93859			4
2025.06.10	00:53:05.011	0.93805	0.93875			6
2025.06.10	00:53:05.883		0.93888			4
2025.06.10	00:53:06.188	0.93788				2
2025.06.10	00:53:06.592	0.93786				2
2025.06.10	00:53:09.810	0.93788				2
2025.06.10	00:53:11.723	0.93791				2
2025.06.10	00:53:13.035	0.93794				2
2025.06.10	00:53:13.419	0.93793				2
2025.06.10	00:53:13.718	0.93797				2
2025.06.10	00:53:14.440	0.93794	0.93882			6
2025.06.10	00:53:15.325		0.93880			4
2025.06.10	00:53:15.692	0.93799				2
2025.06.10	00:53:16.042		0.93882			4
2025.06.10	00:53:16.423	0.93807	0.93885			6
2025.06.10	00:53:17.263	0.93806	0.93894			6
2025.06.10	00:53:17.763	0.93808				2
2025.06.10	00:53:18.839	0.93805				2
2025.06.10	00:53:19.813	0.93808				2
2025.06.10	00:53:26.517	0.93810				2
2025.06.10	00:53:34.027		0.93886			4
2025.06.10	00:53:36.117		0.93895			4
2025.06.10	00:53:36.787	0.93811				2
2025.06.10	00:53:37.268	0.93807	0.93894			6
2025.06.10	00:53:38.804		0.93886			4
2025.06.10	00:53:39.305		0.93895			4
2025.06.10	00:53:40.367	0.93806				2
2025.06.10	00:53:41.617		0.93886			4
2025.06.10	00:53:42.259	0.93807				2
2025.06.10	00:53:42.579	0.93808	0.93897			6
2025.06.10	00:53:43.262	0.93810				2
2025.06.10	00:53:46.402	0.93809	0.93888			6
2025.06.10	00:53:48.305	0.93810				2
2025.06.10	00:53:50.760	0.93809	0.93897			6
2025.06.10	00:53:51.336	0.93807	0.93896			6
2025.06.10	00:53:52.087	0.93811				2
2025.06.10	00:53:55.874	0.93812				2
2025.06.10	00:53:58.192	0.93808				2
2025.06.10	00:54:00.418	0.93810				2
2025.06.10	00:54:00.988	0.93812				2
2025.06.10	00:54:01.682	0.93811				2
2025.06.10	00:54:02.608	0.93814				2
2025.06.10	00:54:04.954	0.93810	0.93895			6
2025.06.10	00:54:05.288		0.93886			4
2025.06.10	00:54:05.960	0.93811				2
2025.06.10	00:54:14.086	0.93812				2
2025.06.10	00:54:15.942		0.93900			4
2025.06.10	00:54:16.245		0.93888			4
2025.06.10	00:54:17.265	0.93814				2
2025.06.10	00:54:18.138		0.93897			4
2025.06.10	00:54:22.086	0.93815				2
2025.06.10	00:54:27.787	0.93814				2
2025.06.10	00:54:30.218	0.93815				2
2025.06.10	00:54:36.353	0.93816				2
2025.06.10	00:55:00.191	0.93818				2
2025.06.10	00:55:00.787	0.93816				2
2025.06.10	00:55:02.804	0.93817				2
2025.06.10	00:55:13.140		0.93899			4
2025.06.10	00:55:13.989	0.93816				2
2025.06.10	00:55:16.034	0.93818				2
2025.06.10	00:55:17.228	0.93816				2
2025.06.10	00:55:19.090	0.93815				2
2025.06.10	00:55:21.955	0.93816				2
2025.06.10	00:55:28.900	0.93817				2
2025.06.10	00:55:33.186	0.93818				2
2025.06.10	00:55:34.540	0.93810	0.93887			6
2025.06.10	00:55:40.404	0.93808				2
2025.06.10	00:55:41.217	0.93810				2
2025.06.10	00:55:43.904	0.93809				2
2025.06.10	00:55:58.905	0.93807				2
2025.06.10	00:55:59.741	0.93803				2
2025.06.10	00:56:01.579	0.93803				2
2025.06.10	00:56:04.631	0.93802				2
2025.06.10	00:56:06.681	0.93807				2
2025.06.10	00:56:22.912	0.93803				2
2025.06.10	00:56:35.540		0.93889			4
2025.06.10	00:56:35.886	0.93804				2
2025.06.10	00:56:42.193	0.93803				2
2025.06.10	00:56:45.036	0.93805				2
2025.06.10	00:56:49.422	0.93806				2
2025.06.10	00:56:52.610	0.93807				2
2025.06.10	00:57:00.096	0.93807				2
2025.06.10	00:57:02.216	0.93809				2
2025.06.10	00:57:04.427	0.93805				2
2025.06.10	00:57:17.220	0.93804				2
2025.06.10	00:57:18.111	0.93805				2
2025.06.10	00:57:18.889	0.93804				2
2025.06.10	00:57:19.426	0.93803				2
2025.06.10	00:57:22.694	0.93807				2
2025.06.10	00:57:23.005	0.93803				2
2025.06.10	00:57:26.671	0.93802				2
2025.06.10	00:57:30.545		0.93888			4
2025.06.10	00:57:34.142	0.93803				2
2025.06.10	00:57:43.088	0.93804				2
2025.06.10	00:57:44.286	0.93803				2
2025.06.10	00:57:54.173	0.93804				2
2025.06.10	00:58:02.219	0.93804				2
2025.06.10	00:58:12.487	0.93803				2
2025.06.10	00:58:19.431	0.93802				2
2025.06.10	00:58:24.187	0.93803				2
2025.06.10	00:58:25.086	0.93802				2
2025.06.10	00:58:32.217		0.93888			4
2025.06.10	00:58:34.200	0.93803				2
2025.06.10	00:58:37.393	0.93804				2
2025.06.10	00:59:00.342	0.93804				2
2025.06.10	00:59:01.388	0.93802	0.93890			6
2025.06.10	00:59:01.780	0.93806				2
2025.06.10	00:59:19.430	0.93805				2
2025.06.10	00:59:20.516	0.93803				2
2025.06.10	00:59:20.892	0.93806				2
2025.06.10	00:59:25.849	0.93802				2
2025.06.10	00:59:28.352	0.93801				2
2025.06.10	00:59:30.432	0.93805				2
2025.06.10	00:59:31.591	0.93801				2
2025.06.10	00:59:34.437	0.93806				2
2025.06.10	00:59:37.987	0.93807				2
2025.06.10	00:59:38.873	0.93803				2
2025.06.10	00:59:39.571	0.93807				2
2025.06.10	00:59:41.763	0.93803				2
2025.06.10	00:59:49.434	0.93802				2
2025.06.10	00:59:51.027	0.93801				2
2025.06.10	00:59:54.834	0.93797				2
2025.06.10	00:59:56.671		0.93895			4
2025.06.10	00:59:57.046	0.93804				2
2025.06.10	00:59:57.679	0.93797				2
2025.06.10	01:00:00.308	0.93799				2
2025.06.10	01:00:00.611	0.93806				2
2025.06.10	01:00:00.925	0.93804				2
2025.06.10	01:00:01.234	0.93803	0.93888			6
2025.06.10	01:00:01.556	0.93804				2
2025.06.10	01:00:01.903	0.93802				2
2025.06.10	01:00:02.214	0.93788	0.93873			6
2025.06.10	01:00:02.591	0.93795	0.93887			6
2025.06.10	01:00:02.936	0.93787	0.93878			6
2025.06.10	01:00:03.240	0.93790	0.93880			6
2025.06.10	01:00:03.542	0.93791				2
2025.06.10	01:00:03.844		0.93881			4
2025.06.10	01:00:04.146	0.93788	0.93877			6
2025.06.10	01:00:04.451	0.93793	0.93882			6
2025.06.10	01:00:04.755	0.93792	0.93881			6
2025.06.10	01:00:05.056	0.93800	0.93888			6
2025.06.10	01:00:05.460	0.93802				2
2025.06.10	01:00:05.863		0.93880			4
2025.06.10	01:00:08.289	0.93803				2
2025.06.10	01:00:08.712	0.93805				2
2025.06.10	01:00:09.018	0.93806				2
2025.06.10	01:00:10.868	0.93802				2
2025.06.10	01:00:11.888		0.93877			4
2025.06.10	01:00:13.086		0.93876			4
2025.06.10	01:00:14.287		0.93877			4
2025.06.10	01:00:17.935	0.93800	0.93854			6
2025.06.10	01:00:18.580	0.93801	0.93865			6
2025.06.10	01:00:20.289		0.93864			4
2025.06.10	01:00:22.231	0.93802	0.93856			6
2025.06.10	01:00:22.598	0.93813				2
2025.06.10	01:00:25.153	0.93818				2
2025.06.10	01:00:27.631	0.93830				2
2025.06.10	01:00:29.257	0.93823				2
2025.06.10	01:00:36.188	0.93806	0.93855			6
2025.06.10	01:00:36.524	0.93809				2
2025.06.10	01:00:37.950	0.93806				2
2025.06.10	01:00:38.369	0.93803				2
2025.06.10	01:00:40.318	0.93806	0.93854			6
2025.06.10	01:00:44.289	0.93803	0.93856			6
2025.06.10	01:00:45.363	0.93806				2
2025.06.10	01:00:45.678	0.93802				2
2025.06.10	01:00:46.089	0.93806				2
2025.06.10	01:00:46.430		0.93854			4
2025.06.10	01:00:46.943		0.93856			4
2025.06.10	01:00:47.617	0.93803				2
2025.06.10	01:00:48.411	0.93805				2
2025.06.10	01:00:48.977	0.93804				2
2025.06.10	01:00:49.816	0.93807				2
2025.06.10	01:00:50.524	0.93806				2
2025.06.10	01:00:50.929	0.93807				2
2025.06.10	01:00:52.115	0.93808				2
2025.06.10	01:00:52.463	0.93807				2
2025.06.10	01:00:54.913	0.93805				2
2025.06.10	01:00:56.108	0.93808				2
2025.06.10	01:00:56.647	0.93805				2
2025.06.10	01:00:57.918	0.93808				2
2025.06.10	01:00:58.255	0.93814				2
2025.06.10	01:00:59.726	0.93823				2
2025.06.10	01:01:00.072	0.93823				2
2025.06.10	01:01:00.471	0.93822				2
2025.06.10	01:01:01.439	0.93820				2
2025.06.10	01:01:05.793	0.93819				2
2025.06.10	01:01:12.248		0.93853			4
2025.06.10	01:01:12.575		0.93855			4
2025.06.10	01:01:16.415	0.93817				2
2025.06.10	01:01:18.419		0.93853			4
2025.06.10	01:01:19.562		0.93851			4
2025.06.10	01:01:22.070	0.93819				2
2025.06.10	01:01:23.998	0.93823				2
2025.06.10	01:01:26.473	0.93819				2
2025.06.10	01:01:36.380		0.93850			4
2025.06.10	01:01:41.702		0.93851			4
2025.06.10	01:01:42.028	0.93820	0.93852			6
2025.06.10	01:01:48.259	0.93823				2
2025.06.10	01:02:01.086	0.93823				2
2025.06.10	01:02:06.212	0.93828	0.93858			6
2025.06.10	01:02:11.050	0.93831				2
2025.06.10	01:02:35.775	0.93829				2
2025.06.10	01:02:42.189	0.93826				2
2025.06.10	01:02:42.650	0.93828				2
2025.06.10	01:02:50.714	0.93831				2
2025.06.10	01:03:00.444	0.93831				2
2025.06.10	01:03:07.689		0.93858			4
2025.06.10	01:03:46.708	0.93830				2
2025.06.10	01:03:50.167	0.93828				2
2025.06.10	01:03:50.478	0.93824	0.93859			6
2025.06.10	01:03:50.779		0.93858			4
2025.06.10	01:03:55.086		0.93859			4
2025.06.10	01:04:00.487	0.93824	0.93858			6
2025.06.10	01:04:02.794	0.93825	0.93856			6
2025.06.10	01:04:04.339		0.93855			4
2025.06.10	01:04:04.702	0.93823				2
2025.06.10	01:04:05.003	0.93826				2
2025.06.10	01:04:21.407	0.93829				2
2025.06.10	01:04:46.855		0.93859			4
2025.06.10	01:04:56.735	0.93827	0.93855			6
2025.06.10	01:04:59.197	0.93826	0.93857			6
2025.06.10	01:04:59.498	0.93831	0.93853			6
2025.06.10	01:05:00.358	0.93831				2
2025.06.10	01:05:02.471	0.93830				2
2025.06.10	01:05:05.470	0.93822				2
2025.06.10	01:05:07.385		0.93854			4
2025.06.10	01:05:10.981	0.93825	0.93855			6
2025.06.10	01:05:15.488		0.93856			4
2025.06.10	01:05:22.689	0.93826	0.93855			6
2025.06.10	01:05:23.886	0.93825				2
2025.06.10	01:05:25.986	0.93826				2
2025.06.10	01:05:31.763		0.93856			4
2025.06.10	01:05:37.137		0.93854			4
2025.06.10	01:05:42.379		0.93857			4
2025.06.10	01:05:42.788	0.93835	0.93859			6
2025.06.10	01:05:43.254	0.93836	0.93864			6
2025.06.10	01:05:43.572	0.93838	0.93867			6
2025.06.10	01:05:44.892	0.93837				2
2025.06.10	01:05:45.512	0.93838				2
2025.06.10	01:06:00.460	0.93837	0.93865			6
2025.06.10	01:06:01.760	0.93836				2
2025.06.10	01:06:03.486		0.93864			4
2025.06.10	01:06:08.101	0.93833	0.93859			6
2025.06.10	01:06:11.890	0.93834				2
2025.06.10	01:06:23.137	0.93831				2
2025.06.10	01:06:23.439	0.93832	0.93857			6
2025.06.10	01:06:24.187	0.93831				2
2025.06.10	01:06:24.636	0.93835	0.93861			6
2025.06.10	01:06:24.947	0.93836				2
2025.06.10	01:06:29.587		0.93862			4
2025.06.10	01:06:31.388		0.93861			4
2025.06.10	01:06:34.688	0.93835	0.93863			6
2025.06.10	01:06:34.999		0.93861			4
2025.06.10	01:06:42.488	0.93836	0.93860			6
2025.06.10	01:06:45.789	0.93835				2
2025.06.10	01:06:59.985	0.93833	0.93857			6
2025.06.10	01:07:00.359	0.93833				2
2025.06.10	01:07:05.287		0.93858			4
2025.06.10	01:07:10.355	0.93832	0.93856			6
2025.06.10	01:07:10.676		0.93857			4
2025.06.10	01:07:15.486		0.93858			4
2025.06.10	01:07:16.750		0.93857			4
2025.06.10	01:07:44.587		0.93858			4
2025.06.10	01:07:54.848		0.93856			4
2025.06.10	01:08:00.200	0.93832				2
2025.06.10	01:08:16.140	0.93831				2
2025.06.10	01:08:19.372	0.93832				2
2025.06.10	01:08:34.191	0.93831				2
2025.06.10	01:08:34.688	0.93832				2
2025.06.10	01:08:50.138		0.93857			4
2025.06.10	01:08:58.437	0.93830				2
2025.06.10	01:09:00.188	0.93830				2
2025.06.10	01:09:04.687		0.93855			4
2025.06.10	01:09:05.888	0.93831	0.93856			6
2025.06.10	01:09:25.736	0.93830	0.93855			6
2025.06.10	01:09:30.696		0.93854			4
2025.06.10	01:09:43.488		0.93855			4
2025.06.10	01:09:43.988		0.93854			4
2025.06.10	01:09:45.518		0.93853			4
2025.06.10	01:09:48.735		0.93854			4
2025.06.10	01:09:55.121	0.93832	0.93856			6
2025.06.10	01:10:00.370	0.93834	0.93858			6
2025.06.10	01:10:02.530	0.93835	0.93859			6
2025.06.10	01:10:10.863	0.93836	0.93860			6
2025.06.10	01:10:11.287	0.93837				2
2025.06.10	01:10:14.273	0.93836				2
2025.06.10	01:10:14.887	0.93835	0.93858			6
2025.06.10	01:10:18.450	0.93834	0.93859			6
2025.06.10	01:10:20.355	0.93835	0.93858			6
2025.06.10	01:10:23.782	0.93836	0.93857			6
2025.06.10	01:10:38.290	0.93837				2
2025.06.10	01:10:56.813	0.93836				2
2025.06.10	01:11:00.461	0.93837	0.93858			6
2025.06.10	01:11:03.789	0.93838				2
2025.06.10	01:11:36.189		0.93857			4
2025.06.10	01:11:55.986	0.93839				2
2025.06.10	01:11:57.191	0.93833	0.93851			6
2025.06.10	01:11:57.787	0.93828	0.93850			6
2025.06.10	01:11:58.251	0.93827				2
2025.06.10	01:11:58.657	0.93828	0.93846			6
2025.06.10	01:12:00.317	0.93828				2
2025.06.10	01:12:16.388	0.93827	0.93845			6
2025.06.10	01:12:37.206	0.93828	0.93846			6
2025.06.10	01:12:37.986		0.93845			4
2025.06.10	01:13:02.265	0.93828				2
2025.06.10	01:13:06.188	0.93835	0.93852			6
2025.06.10	01:13:39.138	0.93836	0.93853			6
2025.06.10	01:13:52.208	0.93835	0.93851			6
2025.06.10	01:13:55.987	0.93834	0.93852			6
2025.06.10	01:13:57.489	0.93835	0.93851			6
2025.06.10	01:14:00.186	0.93835				2
2025.06.10	01:14:01.824	0.93836	0.93853			6
2025.06.10	01:14:02.208	0.93837				2
2025.06.10	01:14:04.296	0.93836	0.93852			6
2025.06.10	01:14:05.887		0.93853			4
2025.06.10	01:14:06.323		0.93852			4
2025.06.10	01:14:16.375	0.93837	0.93853			6
2025.06.10	01:14:16.905	0.93836	0.93852			6
2025.06.10	01:14:18.487		0.93853			4
2025.06.10	01:14:21.763	0.93835	0.93852			6
2025.06.10	01:14:27.188	0.93836				2
2025.06.10	01:14:30.213	0.93840	0.93857			6
2025.06.10	01:14:45.228	0.93839				2
2025.06.10	01:14:47.287	0.93840				2
2025.06.10	01:14:49.621	0.93839				2
2025.06.10	01:14:50.706	0.93840				2
2025.06.10	01:14:53.588	0.93839				2
2025.06.10	01:14:54.374	0.93840				2
2025.06.10	01:14:57.488	0.93839				2
2025.06.10	01:15:00.383	0.93840				2
2025.06.10	01:15:01.989	0.93841				2
2025.06.10	01:15:08.272	0.93840				2
2025.06.10	01:15:08.624	0.93841				2
2025.06.10	01:15:10.161	0.93840				2
2025.06.10	01:15:10.689	0.93841				2
2025.06.10	01:15:16.480	0.93840				2
2025.06.10	01:15:16.844	0.93841	0.93858			6
2025.06.10	01:15:18.193	0.93840	0.93857			6
2025.06.10	01:15:18.789	0.93841	0.93858			6
2025.06.10	01:15:19.795	0.93840	0.93857			6
2025.06.10	01:15:20.290	0.93841	0.93858			6
2025.06.10	01:15:23.344	0.93840	0.93857			6
2025.06.10	01:15:23.887	0.93841	0.93858			6
2025.06.10	01:15:25.224	0.93840	0.93857			6
2025.06.10	01:15:25.987	0.93841	0.93858			6
2025.06.10	01:15:26.599	0.93840	0.93857			6
2025.06.10	01:15:27.188	0.93841	0.93858			6
2025.06.10	01:15:39.253	0.93840	0.93857			6
2025.06.10	01:15:39.767	0.93841	0.93858			6
2025.06.10	01:15:46.690	0.93840	0.93857			6
2025.06.10	01:15:47.020	0.93841	0.93858			6
2025.06.10	01:15:58.363		0.93857			4
2025.06.10	01:15:58.685		0.93858			4
2025.06.10	01:16:00.089	0.93841	0.93857			6
2025.06.10	01:16:00.486		0.93858			4
2025.06.10	01:16:01.169		0.93857			4
2025.06.10	01:16:05.008	0.93840				2
2025.06.10	01:16:05.542	0.93841				2
2025.06.10	01:16:06.268	0.93840				2
2025.06.10	01:16:06.643	0.93841				2
2025.06.10	01:16:07.182	0.93840				2
2025.06.10	01:16:07.615	0.93841				2
2025.06.10	01:16:09.186	0.93840				2
2025.06.10	01:16:10.989		0.93856			4
2025.06.10	01:16:21.811	0.93841	0.93857			6
2025.06.10	01:16:50.693	0.93840	0.93856			6
2025.06.10	01:16:51.008	0.93841	0.93857			6
2025.06.10	01:16:56.596		0.93856			4
2025.06.10	01:16:56.899		0.93857			4
2025.06.10	01:16:58.673	0.93840	0.93856			6
2025.06.10	01:16:59.030	0.93841	0.93857			6
2025.06.10	01:17:00.734	0.93841				2
2025.06.10	01:17:01.104	0.93840	0.93856			6
2025.06.10	01:17:01.687	0.93841	0.93857			6
2025.06.10	01:17:02.083	0.93840	0.93856			6
2025.06.10	01:17:02.588	0.93841	0.93857			6
2025.06.10	01:17:02.929	0.93840	0.93856			6
2025.06.10	01:17:03.242	0.93841	0.93857			6
2025.06.10	01:17:04.279	0.93840	0.93856			6
2025.06.10	01:17:05.286	0.93841	0.93857			6
2025.06.10	01:17:06.011	0.93840	0.93856			6
2025.06.10	01:17:11.272	0.93841	0.93857			6
2025.06.10	01:17:11.616	0.93840	0.93856			6
2025.06.10	01:17:27.415		0.93855			4
2025.06.10	01:17:27.873		0.93856			4
2025.06.10	01:17:30.386		0.93855			4
2025.06.10	01:17:30.734		0.93856			4
2025.06.10	01:17:35.886		0.93855			4
2025.06.10	01:17:36.551		0.93856			4
2025.06.10	01:17:39.687		0.93855			4
2025.06.10	01:17:45.689		0.93856			4
2025.06.10	01:17:46.758		0.93855			4
2025.06.10	01:17:51.109		0.93856			4
2025.06.10	01:17:52.140	0.93844	0.93860			6
2025.06.10	01:17:54.190	0.93843	0.93859			6
2025.06.10	01:17:54.823	0.93845	0.93861			6
2025.06.10	01:17:57.218	0.93844	0.93860			6
2025.06.10	01:18:01.433	0.93845	0.93862			6
2025.06.10	01:18:02.518		0.93861			4
2025.06.10	01:18:03.765	0.93844	0.93860			6
2025.06.10	01:18:04.183	0.93845	0.93862			6
2025.06.10	01:18:04.886	0.93844	0.93860			6
2025.06.10	01:18:06.173	0.93845	0.93861			6
2025.06.10	01:18:07.222	0.93844	0.93860			6
2025.06.10	01:18:11.137	0.93845	0.93861			6
2025.06.10	01:18:12.206		0.93860			4
2025.06.10	01:18:16.540		0.93861			4
2025.06.10	01:18:18.472		0.93860			4
2025.06.10	01:18:19.547	0.93844	0.93861			6
2025.06.10	01:18:20.625	0.93845	0.93860			6
2025.06.10	01:18:26.790	0.93844				2
2025.06.10	01:18:27.103	0.93845				2
2025.06.10	01:18:29.350	0.93844				2
2025.06.10	01:18:52.351	0.93845				2
2025.06.10	01:18:53.393	0.93844				2
2025.06.10	01:18:55.460	0.93845				2
2025.06.10	01:19:00.703	0.93845				2
2025.06.10	01:19:03.492	0.93844				2
2025.06.10	01:19:04.725	0.93845				2
2025.06.10	01:19:21.247		0.93860			4
2025.06.10	01:19:50.298		0.93861			4
2025.06.10	01:19:51.889	0.93844				2
2025.06.10	01:19:55.688	0.93845				2
2025.06.10	01:20:00.362	0.93845				2
2025.06.10	01:20:01.679	0.93846	0.93862			6
2025.06.10	01:20:02.035	0.93847	0.93863			6
2025.06.10	01:20:02.952	0.93845	0.93860			6
2025.06.10	01:20:03.275		0.93861			4
2025.06.10	01:20:03.602		0.93860			4
2025.06.10	01:20:10.964		0.93861			4
2025.06.10	01:20:12.020		0.93860			4
2025.06.10	01:20:14.208		0.93861			4
2025.06.10	01:20:15.107		0.93860			4
2025.06.10	01:20:22.368	0.93844	0.93861			6
2025.06.10	01:20:23.416	0.93845	0.93860			6
2025.06.10	01:20:30.222	0.93844	0.93861			6
2025.06.10	01:20:30.668	0.93845	0.93860			6
2025.06.10	01:20:31.191	0.93844	0.93861			6
2025.06.10	01:20:31.687	0.93845	0.93860			6
2025.06.10	01:20:32.224	0.93844	0.93861			6
2025.06.10	01:20:32.744	0.93845	0.93860			6
2025.06.10	01:20:33.407		0.93861			4
2025.06.10	01:20:37.535		0.93862			4
2025.06.10	01:20:37.862		0.93861			4
2025.06.10	01:20:38.642	0.93846				2
2025.06.10	01:20:39.024	0.93845				2
2025.06.10	01:20:39.684	0.93846				2
2025.06.10	01:20:54.500	0.93845				2
2025.06.10	01:21:00.852	0.93845				2
2025.06.10	01:21:23.951	0.93847	0.93862			6
2025.06.10	01:21:25.088		0.93863			4
2025.06.10	01:21:26.262	0.93849				2
2025.06.10	01:21:26.608		0.93864			4
2025.06.10	01:21:27.529	0.93847	0.93863			6
2025.06.10	01:21:27.858		0.93862			4
2025.06.10	01:21:28.759		0.93863			4
2025.06.10	01:21:34.062	0.93848				2
2025.06.10	01:21:55.383	0.93847				2
2025.06.10	01:21:55.762		0.93862			4
2025.06.10	01:21:56.767	0.93846				2
2025.06.10	01:21:57.488	0.93847				2
2025.06.10	01:22:03.675	0.93846	0.93861			6
2025.06.10	01:22:13.376	0.93847	0.93862			6
2025.06.10	01:22:22.557	0.93846				2
2025.06.10	01:22:47.563		0.93861			4
2025.06.10	01:23:00.118	0.93846				2
2025.06.10	01:23:49.558		0.93861			4
2025.06.10	01:24:02.046	0.93846				2
2025.06.10	01:24:18.594	0.93839	0.93854			6
2025.06.10	01:24:20.357	0.93837	0.93851			6
2025.06.10	01:24:21.848	0.93834	0.93849			6
2025.06.10	01:24:28.352	0.93831	0.93847			6
2025.06.10	01:24:31.475	0.93830				2
2025.06.10	01:24:31.833	0.93831	0.93846			6
2025.06.10	01:24:36.377		0.93847			4
2025.06.10	01:24:37.117		0.93846			4
2025.06.10	01:24:44.374		0.93845			4
2025.06.10	01:24:45.419		0.93846			4
2025.06.10	01:24:47.507		0.93845			4
2025.06.10	01:24:48.553		0.93846			4
2025.06.10	01:24:49.498	0.93833	0.93848			6
2025.06.10	01:24:51.893	0.93834	0.93849			6
2025.06.10	01:24:52.676	0.93833				2
2025.06.10	01:24:53.215	0.93834	0.93848			6
2025.06.10	01:24:53.718	0.93833	0.93849			6
2025.06.10	01:24:54.254	0.93834	0.93848			6
2025.06.10	01:24:55.024	0.93833	0.93849			6
2025.06.10	01:24:55.718	0.93834	0.93848			6
2025.06.10	01:24:56.587	0.93833	0.93849			6
2025.06.10	01:24:56.969		0.93848			4
2025.06.10	01:24:57.359	0.93834				2
2025.06.10	01:24:58.667		0.93849			4
2025.06.10	01:24:58.976		0.93848			4
2025.06.10	01:24:59.696		0.93849			4
2025.06.10	01:25:00.298	0.93834				2
2025.06.10	01:25:00.981		0.93848			4
2025.06.10	01:25:02.348		0.93849			4
2025.06.10	01:25:02.838	0.93833				2
2025.06.10	01:25:03.614	0.93834	0.93848			6
2025.06.10	01:25:04.742		0.93849			4
2025.06.10	01:25:05.815	0.93833				2
2025.06.10	01:25:06.851	0.93834				2
2025.06.10	01:25:07.921	0.93833				2
2025.06.10	01:25:09.182	0.93834	0.93848			6
2025.06.10	01:25:12.239		0.93849			4
2025.06.10	01:25:13.348	0.93833				2
2025.06.10	01:25:15.593	0.93834				2
2025.06.10	01:25:15.912	0.93833				2
2025.06.10	01:25:16.638		0.93850			4
2025.06.10	01:25:16.970	0.93834	0.93848			6
2025.06.10	01:25:17.305	0.93833	0.93849			6
2025.06.10	01:25:18.858	0.93834				2
2025.06.10	01:25:19.837		0.93850			4
2025.06.10	01:25:20.875	0.93833	0.93848			6
2025.06.10	01:25:22.272	0.93835	0.93851			6
2025.06.10	01:25:23.007		0.93849			4
2025.06.10	01:25:24.214	0.93834				2
2025.06.10	01:25:36.612	0.93832	0.93848			6
2025.06.10	01:25:37.689	0.93831				2
2025.06.10	01:25:41.466	0.93832				2
2025.06.10	01:25:42.897	0.93833				2
2025.06.10	01:25:46.735	0.93835				2
2025.06.10	01:25:47.075		0.93847			4
2025.06.10	01:25:48.013	0.93834				2
2025.06.10	01:25:49.057		0.93848			4
2025.06.10	01:25:50.887		0.93847			4
2025.06.10	01:25:55.321		0.93848			4
2025.06.10	01:25:56.365		0.93847			4
2025.06.10	01:26:00.277	0.93834				2
2025.06.10	01:26:04.719		0.93848			4
2025.06.10	01:26:05.589		0.93847			4
2025.06.10	01:26:08.538		0.93848			4
2025.06.10	01:26:09.787		0.93847			4
2025.06.10	01:26:11.133		0.93848			4
2025.06.10	01:26:12.487		0.93847			4
2025.06.10	01:26:13.950		0.93848			4
2025.06.10	01:26:15.189		0.93847			4
2025.06.10	01:26:16.389		0.93848			4
2025.06.10	01:26:17.587		0.93847			4
2025.06.10	01:26:18.958		0.93848			4
2025.06.10	01:26:36.799	0.93832				2
2025.06.10	01:26:44.224	0.93834	0.93850			6
2025.06.10	01:26:44.926	0.93833	0.93848			6
2025.06.10	01:26:50.277		0.93849			4
2025.06.10	01:26:51.788	0.93832				2
2025.06.10	01:26:53.887		0.93848			4
2025.06.10	01:27:00.460	0.93832				2
2025.06.10	01:27:02.268	0.93833				2
2025.06.10	01:27:04.910	0.93832	0.93847			6
2025.06.10	01:27:06.220	0.93833	0.93848			6
2025.06.10	01:27:09.097	0.93834	0.93849			6
2025.06.10	01:27:14.591		0.93850			4
2025.06.10	01:27:15.487		0.93849			4
2025.06.10	01:27:19.179		0.93850			4
2025.06.10	01:27:20.506		0.93849			4
2025.06.10	01:27:24.354		0.93850			4
2025.06.10	01:27:25.086		0.93849			4
2025.06.10	01:27:25.489		0.93850			4
2025.06.10	01:27:25.986		0.93849			4
2025.06.10	01:27:28.601		0.93850			4
2025.06.10	01:27:29.286	0.93835	0.93848			6
2025.06.10	01:27:31.595	0.93833	0.93847			6
2025.06.10	01:27:33.786		0.93848			4
2025.06.10	01:27:37.322	0.93832	0.93847			6
2025.06.10	01:27:38.349		0.93848			4
2025.06.10	01:27:42.277		0.93849			4
2025.06.10	01:27:42.587		0.93848			4
2025.06.10	01:27:57.506	0.93831	0.93846			6
2025.06.10	01:27:57.845		0.93847			4
2025.06.10	01:28:00.488	0.93831				2
2025.06.10	01:28:07.629		0.93846			4
2025.06.10	01:28:08.061	0.93830				2
2025.06.10	01:28:31.407		0.93847			4
2025.06.10	01:28:35.384		0.93846			4
2025.06.10	01:28:45.527	0.93829				2
2025.06.10	01:28:48.188		0.93847			4
2025.06.10	01:28:50.375		0.93846			4
2025.06.10	01:29:01.088	0.93829				2
2025.06.10	01:29:27.451	0.93831				2
2025.06.10	01:29:27.776	0.93830				2
2025.06.10	01:29:31.497	0.93828				2
2025.06.10	01:29:41.519	0.93830				2
2025.06.10	01:29:42.787		0.93847			4
2025.06.10	01:29:43.391		0.93846			4
2025.06.10	01:29:45.791		0.93847			4
2025.06.10	01:29:46.389		0.93846			4
2025.06.10	01:29:50.978		0.93847			4
2025.06.10	01:29:56.291		0.93846			4
2025.06.10	01:29:57.187		0.93847			4
2025.06.10	01:29:57.502		0.93846			4
2025.06.10	01:30:00.304	0.93833				2
2025.06.10	01:30:01.393	0.93832	0.93845			6
2025.06.10	01:30:02.264	0.93836	0.93843			6
2025.06.10	01:30:03.503	0.93837	0.93844			6
2025.06.10	01:30:04.712	0.93832	0.93845			6
2025.06.10	01:30:09.570	0.93830	0.93843			6
2025.06.10	01:30:09.878		0.93844			4
2025.06.10	01:30:10.309		0.93843			4
2025.06.10	01:30:11.022		0.93844			4
2025.06.10	01:30:14.897		0.93843			4
2025.06.10	01:30:16.056	0.93831	0.93845			6
2025.06.10	01:30:16.361		0.93844			4
2025.06.10	01:30:24.283	0.93830	0.93843			6
2025.06.10	01:30:24.713	0.93831				2
2025.06.10	01:30:34.086		0.93842			4
2025.06.10	01:30:35.196		0.93843			4
2025.06.10	01:30:36.239	0.93830	0.93842			6
2025.06.10	01:30:39.787		0.93841			4
2025.06.10	01:30:40.615		0.93842			4
2025.06.10	01:30:41.259	0.93831	0.93843			6
2025.06.10	01:30:41.697		0.93842			4
2025.06.10	01:30:42.489		0.93843			4
2025.06.10	01:30:42.837		0.93842			4
2025.06.10	01:30:43.823		0.93841			4
2025.06.10	01:30:44.893		0.93842			4
2025.06.10	01:30:45.288	0.93829				2
2025.06.10	01:30:49.512		0.93841			4
2025.06.10	01:30:49.819	0.93830				2
2025.06.10	01:30:50.828		0.93842			4
2025.06.10	01:30:58.578		0.93843			4
2025.06.10	01:30:59.600		0.93844			4
2025.06.10	01:31:00.190	0.93830	0.93843			6
2025.06.10	01:31:02.594		0.93845			4
2025.06.10	01:31:03.039		0.93844			4
2025.06.10	01:31:03.611		0.93845			4
2025.06.10	01:31:04.570	0.93831	0.93844			6
2025.06.10	01:31:06.188		0.93843			4
2025.06.10	01:31:07.768		0.93844			4
2025.06.10	01:31:08.289		0.93843			4
2025.06.10	01:31:09.788		0.93844			4
2025.06.10	01:31:11.587		0.93843			4
2025.06.10	01:31:12.823		0.93844			4
2025.06.10	01:31:14.887		0.93843			4
2025.06.10	01:31:15.971		0.93844			4
2025.06.10	01:31:18.265		0.93843			4
2025.06.10	01:31:23.189		0.93844			4
2025.06.10	01:31:26.059	0.93830	0.93843			6
2025.06.10	01:31:27.118	0.93831	0.93844			6
2025.06.10	01:31:42.107		0.93843			4
2025.06.10	01:31:43.109		0.93844			4
2025.06.10	01:31:43.413		0.93843			4
2025.06.10	01:31:44.289		0.93844			4
2025.06.10	01:31:45.191		0.93843			4
2025.06.10	01:31:46.246		0.93844			4
2025.06.10	01:31:47.891		0.93843			4
2025.06.10	01:31:49.353		0.93844			4
2025.06.10	01:31:49.789	0.93832	0.93845			6
2025.06.10	01:32:00.548	0.93832				2
2025.06.10	01:32:04.507	0.93831	0.93844			6
2025.06.10	01:32:05.543		0.93845			4
2025.06.10	01:32:10.988		0.93844			4
2025.06.10	01:32:12.798		0.93845			4
2025.06.10	01:32:14.057		0.93844			4
2025.06.10	01:32:14.801	0.93830	0.93843			6
2025.06.10	01:32:15.787		0.93844			4
2025.06.10	01:32:16.992		0.93843			4
2025.06.10	01:32:18.186		0.93844			4
2025.06.10	01:32:21.152		0.93843			4
2025.06.10	01:32:29.697	0.93829	0.93842			6
2025.06.10	01:32:49.770	0.93831	0.93844			6
2025.06.10	01:32:53.039		0.93845			4
2025.06.10	01:32:53.427		0.93844			4
2025.06.10	01:32:58.395		0.93845			4
2025.06.10	01:33:00.187	0.93831	0.93844			6
2025.06.10	01:33:03.578		0.93845			4
2025.06.10	01:33:05.886		0.93844			4
2025.06.10	01:33:08.288		0.93845			4
2025.06.10	01:33:20.516		0.93844			4
2025.06.10	01:33:24.431		0.93845			4
2025.06.10	01:33:25.689		0.93844			4
2025.06.10	01:33:44.905	0.93830	0.93843			6
2025.06.10	01:33:45.276		0.93842			4
2025.06.10	01:33:49.563	0.93832	0.93843			6
2025.06.10	01:33:49.896		0.93844			4
2025.06.10	01:33:51.558	0.93831				2
2025.06.10	01:33:51.858		0.93843			4
2025.06.10	01:33:53.159		0.93842			4
2025.06.10	01:33:54.741		0.93843			4
2025.06.10	01:33:55.988		0.93842			4
2025.06.10	01:33:56.973	0.93830				2
2025.06.10	01:33:57.850		0.93843			4
2025.06.10	01:33:58.387		0.93842			4
2025.06.10	01:34:00.299	0.93830				2
2025.06.10	01:34:03.582	0.93832	0.93844			6
2025.06.10	01:34:04.684	0.93831	0.93843			6
2025.06.10	01:34:07.390	0.93833				2
2025.06.10	01:34:08.611		0.93844			4
2025.06.10	01:34:09.954		0.93843			4
2025.06.10	01:34:10.467		0.93844			4
2025.06.10	01:34:11.651		0.93843			4
2025.06.10	01:34:17.303	0.93831				2
2025.06.10	01:34:18.950	0.93832				2
2025.06.10	01:34:23.102		0.93844			4
2025.06.10	01:34:29.708		0.93843			4
2025.06.10	01:34:30.727		0.93844			4
2025.06.10	01:34:31.060	0.93830				2
2025.06.10	01:34:33.193		0.93843			4
2025.06.10	01:34:42.978		0.93844			4
2025.06.10	01:34:44.153		0.93843			4
2025.06.10	01:34:46.086		0.93844			4
2025.06.10	01:34:48.187		0.93843			4
2025.06.10	01:34:49.686		0.93844			4
2025.06.10	01:34:51.786		0.93843			4
2025.06.10	01:34:55.762		0.93844			4
2025.06.10	01:35:01.371	0.93830				2
2025.06.10	01:35:06.788		0.93843			4
2025.06.10	01:35:21.263	0.93831	0.93844			6
2025.06.10	01:35:49.689		0.93843			4
2025.06.10	01:35:52.068		0.93844			4
2025.06.10	01:35:53.888		0.93843			4
2025.06.10	01:35:56.287		0.93844			4
2025.06.10	01:36:00.474	0.93832				2
2025.06.10	01:36:14.785		0.93843			4
2025.06.10	01:36:15.772		0.93844			4
2025.06.10	01:36:27.026	0.93830	0.93841			6
2025.06.10	01:36:27.350		0.93843			4
2025.06.10	01:36:28.478		0.93842			4
2025.06.10	01:36:28.997		0.93843			4
2025.06.10	01:36:29.903		0.93842			4
2025.06.10	01:36:31.074		0.93843			4
2025.06.10	01:36:32.594		0.93842			4
2025.06.10	01:36:33.271		0.93843			4
2025.06.10	01:36:34.178		0.93842			4
2025.06.10	01:36:35.342		0.93843			4
2025.06.10	01:36:36.255		0.93842			4
2025.06.10	01:36:37.087		0.93843			4
2025.06.10	01:36:41.884	0.93829				2
2025.06.10	01:36:43.375		0.93842			4
2025.06.10	01:36:44.051		0.93843			4
2025.06.10	01:36:49.848	0.93830				2
2025.06.10	01:36:50.338	0.93829	0.93842			6
2025.06.10	01:36:51.271		0.93843			4
2025.06.10	01:36:52.437		0.93842			4
2025.06.10	01:36:52.933		0.93843			4
2025.06.10	01:36:54.485		0.93842			4
2025.06.10	01:36:57.327		0.93843			4
2025.06.10	01:36:58.991		0.93842			4
2025.06.10	01:36:59.887		0.93843			4
2025.06.10	01:37:01.273	0.93829				2
2025.06.10	01:37:04.845		0.93842			4
2025.06.10	01:37:05.909		0.93843			4
2025.06.10	01:37:06.917		0.93842			4
2025.06.10	01:37:09.018		0.93843			4
2025.06.10	01:37:10.021		0.93842			4
2025.06.10	01:37:11.087		0.93843			4
2025.06.10	01:37:12.100	0.93830	0.93844			6
2025.06.10	01:37:24.079	0.93831				2
2025.06.10	01:37:25.204		0.93843			4
2025.06.10	01:37:26.370		0.93844			4
2025.06.10	01:37:28.088	0.93832				2
2025.06.10	01:38:01.086	0.93832				2
2025.06.10	01:38:16.988		0.93845			4
2025.06.10	01:38:19.440		0.93844			4
2025.06.10	01:38:22.686		0.93845			4
2025.06.10	01:38:23.527	0.93831	0.93843			6
2025.06.10	01:38:25.370		0.93844			4
2025.06.10	01:38:49.621	0.93830	0.93843			6
2025.06.10	01:38:52.433		0.93844			4
2025.06.10	01:38:53.990		0.93843			4
2025.06.10	01:38:55.153		0.93844			4
2025.06.10	01:38:55.862		0.93843			4
2025.06.10	01:38:57.621		0.93844			4
2025.06.10	01:38:59.064		0.93843			4
2025.06.10	01:39:00.187	0.93830	0.93844			6
2025.06.10	01:39:00.594		0.93843			4
2025.06.10	01:39:00.996		0.93842			4
2025.06.10	01:39:03.127		0.93843			4
2025.06.10	01:39:04.690		0.93842			4
2025.06.10	01:39:11.133	0.93829				2
2025.06.10	01:39:15.640		0.93843			4
2025.06.10	01:39:20.580	0.93828	0.93842			6
2025.06.10	01:39:21.840		0.93841			4
2025.06.10	01:39:22.544		0.93842			4
2025.06.10	01:39:23.559	0.93829	0.93841			6
2025.06.10	01:39:25.687		0.93842			4
2025.06.10	01:39:26.524	0.93827	0.93840			6
2025.06.10	01:39:28.658		0.93839			4
2025.06.10	01:39:30.488		0.93840			4
2025.06.10	01:39:34.092	0.93828	0.93841			6
2025.06.10	01:39:41.224	0.93826	0.93839			6
2025.06.10	01:39:41.688		0.93840			4
2025.06.10	01:39:43.397	0.93828	0.93842			6
2025.06.10	01:39:43.703		0.93841			4
2025.06.10	01:39:49.672		0.93842			4
2025.06.10	01:39:50.887		0.93841			4
2025.06.10	01:39:54.909		0.93842			4
2025.06.10	01:39:56.327		0.93841			4
2025.06.10	01:39:56.886		0.93842			4
2025.06.10	01:39:58.988		0.93841			4
2025.06.10	01:39:59.885		0.93842			4
2025.06.10	01:40:01.387	0.93828				2
2025.06.10	01:40:02.955		0.93841			4
2025.06.10	01:40:03.862		0.93842			4
2025.06.10	01:40:19.182	0.93830	0.93843			6
2025.06.10	01:40:20.333		0.93844			4
2025.06.10	01:40:21.567		0.93842			4
2025.06.10	01:40:24.940		0.93843			4
2025.06.10	01:40:27.245		0.93842			4
2025.06.10	01:40:35.726	0.93831	0.93844			6
2025.06.10	01:40:37.273		0.93845			4
2025.06.10	01:40:38.176	0.93833				2
2025.06.10	01:40:43.578	0.93831	0.93844			6
2025.06.10	01:40:48.823		0.93843			4
2025.06.10	01:40:49.757		0.93844			4
2025.06.10	01:40:56.296	0.93832				2
2025.06.10	01:40:56.612	0.93834	0.93846			6
2025.06.10	01:40:57.577	0.93833				2
2025.06.10	01:41:00.570	0.93832	0.93844			6
2025.06.10	01:41:00.884		0.93845			4
2025.06.10	01:41:01.278	0.93826	0.93837			6
2025.06.10	01:41:15.946	0.93825				2
2025.06.10	01:41:19.991		0.93836			4
2025.06.10	01:41:22.086	0.93824	0.93835			6
2025.06.10	01:41:28.308	0.93823				2
2025.06.10	01:41:32.396		0.93834			4
2025.06.10	01:41:33.210		0.93835			4
2025.06.10	01:41:38.615	0.93824				2
2025.06.10	01:42:01.394	0.93823	0.93834			6
2025.06.10	01:42:04.298	0.93821	0.93833			6
2025.06.10	01:42:08.336	0.93823	0.93834			6
2025.06.10	01:42:12.788		0.93835			4
2025.06.10	01:42:13.244		0.93834			4
2025.06.10	01:42:13.844		0.93835			4
2025.06.10	01:42:14.230		0.93834			4
2025.06.10	01:42:15.188		0.93835			4
2025.06.10	01:42:15.539		0.93834			4
2025.06.10	01:42:21.802		0.93835			4
2025.06.10	01:42:23.008		0.93834			4
2025.06.10	01:42:24.905		0.93835			4
2025.06.10	01:42:31.282	0.93825				2
2025.06.10	01:42:31.708		0.93836			4
2025.06.10	01:42:35.362		0.93835			4
2025.06.10	01:42:41.300	0.93824				2
2025.06.10	01:42:49.836	0.93833	0.93847			6
2025.06.10	01:42:51.205	0.93834	0.93848			6
2025.06.10	01:42:52.236		0.93847			4
2025.06.10	01:42:53.077		0.93848			4
2025.06.10	01:42:54.173		0.93847			4
2025.06.10	01:42:57.213	0.93841	0.93854			6
2025.06.10	01:42:58.258		0.93853			4
2025.06.10	01:43:00.361	0.93841	0.93854			6
2025.06.10	01:43:01.427		0.93853			4
2025.06.10	01:43:02.464		0.93854			4
2025.06.10	01:43:04.100	0.93843				2
2025.06.10	01:43:08.357	0.93842	0.93853			6
2025.06.10	01:43:11.414	0.93841				2
2025.06.10	01:43:30.758		0.93854			4
2025.06.10	01:43:35.239		0.93855			4
2025.06.10	01:43:36.011		0.93854			4
2025.06.10	01:43:37.176		0.93855			4
2025.06.10	01:43:40.542		0.93854			4
2025.06.10	01:43:40.936		0.93855			4
2025.06.10	01:43:41.341		0.93854			4
2025.06.10	01:43:43.649		0.93855			4
2025.06.10	01:43:44.686		0.93854			4
2025.06.10	01:43:47.082		0.93853			4
2025.06.10	01:43:47.404		0.93855			4
2025.06.10	01:43:48.699		0.93854			4
2025.06.10	01:43:49.299		0.93855			4
2025.06.10	01:43:49.686		0.93854			4
2025.06.10	01:43:51.370		0.93855			4
2025.06.10	01:43:52.455		0.93854			4
2025.06.10	01:43:56.342		0.93853			4
2025.06.10	01:44:00.305	0.93841	0.93854			6
2025.06.10	01:44:08.820	0.93838	0.93852			6
2025.06.10	01:44:09.876		0.93851			4
2025.06.10	01:44:11.594		0.93852			4
2025.06.10	01:44:14.043		0.93851			4
2025.06.10	01:44:15.086		0.93852			4
2025.06.10	01:44:16.131		0.93851			4
2025.06.10	01:44:17.177		0.93852			4
2025.06.10	01:44:19.261		0.93851			4
2025.06.10	01:44:20.310		0.93852			4
2025.06.10	01:44:22.375		0.93851			4
2025.06.10	01:44:23.439		0.93852			4
2025.06.10	01:44:25.482		0.93851			4
2025.06.10	01:44:26.626	0.93837	0.93852			6
2025.06.10	01:44:50.352		0.93851			4
2025.06.10	01:44:53.717		0.93852			4
2025.06.10	01:44:58.614		0.93851			4
2025.06.10	01:44:58.919		0.93852			4
2025.06.10	01:45:00.061	0.93837				2
2025.06.10	01:45:00.465	0.93840	0.93855			6
2025.06.10	01:45:00.822	0.93841				2
2025.06.10	01:45:02.357		0.93856			4
2025.06.10	01:45:02.698		0.93855			4
2025.06.10	01:45:04.147		0.93856			4
2025.06.10	01:45:04.786		0.93855			4
2025.06.10	01:45:05.247		0.93856			4
2025.06.10	01:45:09.485		0.93855			4
2025.06.10	01:45:10.951	0.93842				2
2025.06.10	01:45:13.606		0.93856			4
2025.06.10	01:45:14.707		0.93855			4
2025.06.10	01:45:15.609		0.93856			4
2025.06.10	01:45:17.328	0.93844	0.93858			6
2025.06.10	01:45:18.339		0.93857			4
2025.06.10	01:45:20.153		0.93858			4
2025.06.10	01:45:20.824		0.93857			4
2025.06.10	01:45:24.285		0.93858			4
2025.06.10	01:45:24.673	0.93845				2
2025.06.10	01:45:27.450	0.93849	0.93860			6
2025.06.10	01:45:27.823	0.93848				2
2025.06.10	01:45:30.105	0.93845	0.93859			6
2025.06.10	01:45:38.423	0.93846	0.93860			6
2025.06.10	01:46:00.122	0.93846				2
2025.06.10	01:46:00.441	0.93845				2
2025.06.10	01:46:00.787		0.93859			4
2025.06.10	01:46:01.175	0.93844	0.93858			6
2025.06.10	01:46:01.492	0.93843	0.93857			6
2025.06.10	01:46:06.688		0.93856			4
2025.06.10	01:46:07.122		0.93857			4
2025.06.10	01:46:14.218		0.93856			4
2025.06.10	01:46:15.393		0.93857			4
2025.06.10	01:46:16.290	0.93841	0.93856			6
2025.06.10	01:46:19.781	0.93842	0.93857			6
2025.06.10	01:46:26.519		0.93858			4
2025.06.10	01:46:27.568		0.93857			4
2025.06.10	01:46:30.728		0.93856			4
2025.06.10	01:46:33.448		0.93857			4
2025.06.10	01:46:35.375		0.93856			4
2025.06.10	01:46:36.557		0.93857			4
2025.06.10	01:46:36.889	0.93841	0.93856			6
2025.06.10	01:46:39.668		0.93857			4
2025.06.10	01:46:41.078		0.93856			4
2025.06.10	01:46:41.843	0.93839	0.93855			6
2025.06.10	01:46:42.144		0.93854			4
2025.06.10	01:46:43.462		0.93853			4
2025.06.10	01:46:43.798		0.93854			4
2025.06.10	01:46:45.752		0.93853			4
2025.06.10	01:46:46.068		0.93854			4
2025.06.10	01:46:46.787		0.93853			4
2025.06.10	01:46:47.953		0.93854			4
2025.06.10	01:46:58.896		0.93855			4
2025.06.10	01:47:00.378	0.93839				2
2025.06.10	01:47:04.987		0.93854			4
2025.06.10	01:47:08.842	0.93840	0.93855			6
2025.06.10	01:47:09.872		0.93856			4
2025.06.10	01:47:10.808		0.93855			4
2025.06.10	01:47:16.956	0.93839				2
2025.06.10	01:47:19.261	0.93840	0.93857			6
2025.06.10	01:47:23.677		0.93856			4
2025.06.10	01:47:34.497	0.93839				2
2025.06.10	01:47:50.141	0.93841				2
2025.06.10	01:47:50.573	0.93840				2
2025.06.10	01:47:51.178	0.93839	0.93857			6
2025.06.10	01:47:57.491		0.93856			4
2025.06.10	01:48:00.195	0.93839				2
2025.06.10	01:48:00.616	0.93841	0.93857			6
2025.06.10	01:48:01.017	0.93840	0.93859			6
2025.06.10	01:48:01.320		0.93858			4
2025.06.10	01:48:01.656	0.93839				2
2025.06.10	01:48:02.546	0.93841	0.93856			6
2025.06.10	01:48:06.615	0.93840	0.93857			6
2025.06.10	01:48:07.128	0.93841				2
2025.06.10	01:48:07.514	0.93840				2
2025.06.10	01:48:19.218	0.93842				2
2025.06.10	01:48:20.238	0.93841	0.93856			6
2025.06.10	01:48:21.376		0.93857			4
2025.06.10	01:48:22.678	0.93842				2
2025.06.10	01:48:27.551	0.93841				2
2025.06.10	01:48:34.225		0.93856			4
2025.06.10	01:48:37.277	0.93840	0.93857			6
2025.06.10	01:48:38.305	0.93841	0.93856			6
2025.06.10	01:48:39.027	0.93842	0.93857			6
2025.06.10	01:48:40.116	0.93841	0.93858			6
2025.06.10	01:48:41.539	0.93842				2
2025.06.10	01:48:42.162	0.93841				2
2025.06.10	01:48:44.423		0.93856			4
2025.06.10	01:48:44.804		0.93857			4
2025.06.10	01:48:45.325	0.93843	0.93860			6
2025.06.10	01:48:53.781	0.93840	0.93858			6
2025.06.10	01:48:54.830	0.93841				2
2025.06.10	01:48:59.849		0.93857			4
2025.06.10	01:49:00.238	0.93841	0.93858			6
2025.06.10	01:49:02.600	0.93842				2
2025.06.10	01:49:02.977		0.93857			4
2025.06.10	01:49:03.301		0.93858			4
2025.06.10	01:49:07.228		0.93857			4
2025.06.10	01:49:07.532		0.93858			4
2025.06.10	01:49:08.271		0.93857			4
2025.06.10	01:49:08.578		0.93858			4
2025.06.10	01:49:09.318		0.93857			4
2025.06.10	01:49:09.619		0.93858			4
2025.06.10	01:49:17.494		0.93857			4
2025.06.10	01:49:17.897		0.93858			4
2025.06.10	01:49:24.858		0.93857			4
2025.06.10	01:49:25.168		0.93858			4
2025.06.10	01:49:26.870		0.93857			4
2025.06.10	01:49:27.232		0.93858			4
2025.06.10	01:49:27.937		0.93857			4
2025.06.10	01:49:28.266		0.93858			4
2025.06.10	01:49:28.944		0.93857			4
2025.06.10	01:49:29.257		0.93858			4
2025.06.10	01:49:29.997		0.93857			4
2025.06.10	01:49:30.301		0.93858			4
2025.06.10	01:49:31.216		0.93857			4
2025.06.10	01:49:32.061		0.93858			4
2025.06.10	01:49:45.540		0.93857			4
2025.06.10	01:49:49.358		0.93858			4
2025.06.10	01:49:50.035		0.93857			4
2025.06.10	01:49:55.258		0.93858			4
2025.06.10	01:49:57.344		0.93857			4
2025.06.10	01:49:58.391		0.93858			4
2025.06.10	01:49:59.232	0.93843	0.93859			6
2025.06.10	01:50:00.669	0.93843				2
2025.06.10	01:50:02.877	0.93842	0.93858			6
2025.06.10	01:50:03.582		0.93857			4
2025.06.10	01:50:03.907		0.93858			4
2025.06.10	01:50:13.239		0.93859			4
2025.06.10	01:50:15.180		0.93858			4
2025.06.10	01:50:17.691	0.93838				2
2025.06.10	01:50:18.076	0.93840	0.93857			6
2025.06.10	01:50:18.420	0.93838	0.93858			6
2025.06.10	01:50:18.924	0.93842	0.93859			6
2025.06.10	01:50:19.233		0.93858			4
2025.06.10	01:50:21.532		0.93859			4
2025.06.10	01:50:23.171		0.93858			4
2025.06.10	01:50:23.517		0.93859			4
2025.06.10	01:50:24.736	0.93841	0.93857			6
2025.06.10	01:50:25.062	0.93838	0.93856			6
2025.06.10	01:50:25.380	0.93840				2
2025.06.10	01:50:34.992	0.93839	0.93857			6
2025.06.10	01:50:39.191	0.93840				2
2025.06.10	01:50:49.990	0.93839				2
2025.06.10	01:50:50.555	0.93840	0.93858			6
2025.06.10	01:50:52.366	0.93839	0.93856			6
2025.06.10	01:50:54.424		0.93857			4
2025.06.10	01:50:57.529		0.93856			4
2025.06.10	01:50:58.565		0.93857			4
2025.06.10	01:51:00.613	0.93839				2
2025.06.10	01:51:01.678		0.93856			4
2025.06.10	01:51:02.907		0.93857			4
2025.06.10	01:51:06.859		0.93856			4
2025.06.10	01:51:07.241	0.93838				2
2025.06.10	01:51:07.542	0.93840				2
2025.06.10	01:51:08.023	0.93838				2
2025.06.10	01:51:08.388	0.93839	0.93855			6
2025.06.10	01:51:08.700	0.93838	0.93856			6
2025.06.10	01:51:09.012	0.93837				2
2025.06.10	01:51:16.610	0.93839				2
2025.06.10	01:51:16.958	0.93838	0.93855			6
2025.06.10	01:51:17.586		0.93856			4
2025.06.10	01:51:23.175		0.93855			4
2025.06.10	01:51:25.249		0.93856			4
2025.06.10	01:51:40.261		0.93855			4
2025.06.10	01:51:40.954		0.93856			4
2025.06.10	01:51:42.479		0.93855			4
2025.06.10	01:51:47.657		0.93856			4
2025.06.10	01:51:51.799		0.93855			4
2025.06.10	01:52:00.154	0.93838				2
2025.06.10	01:52:13.041	0.93839	0.93856			6
2025.06.10	01:52:21.289		0.93855			4
2025.06.10	01:52:33.206		0.93856			4
2025.06.10	01:53:00.524	0.93839				2
2025.06.10	01:53:01.599		0.93855			4
2025.06.10	01:53:03.643		0.93856			4
2025.06.10	01:53:04.658		0.93855			4
2025.06.10	01:53:07.699		0.93856			4
2025.06.10	01:53:20.133		0.93855			4
2025.06.10	01:53:21.170		0.93856			4
2025.06.10	01:53:22.208		0.93855			4
2025.06.10	01:53:25.251		0.93856			4
2025.06.10	01:53:32.266		0.93855			4
2025.06.10	01:53:32.569		0.93856			4
2025.06.10	01:53:37.725		0.93855			4
2025.06.10	01:53:38.765		0.93856			4
2025.06.10	01:53:48.655	0.93835				2
2025.06.10	01:53:49.001	0.93836	0.93855			6
2025.06.10	01:53:49.430	0.93835	0.93856			6
2025.06.10	01:53:55.473	0.93839				2
2025.06.10	01:53:57.166	0.93836				2
2025.06.10	01:53:57.963	0.93837	0.93854			6
2025.06.10	01:53:58.339	0.93836	0.93856			6
2025.06.10	01:53:59.243		0.93855			4
2025.06.10	01:54:00.285	0.93836	0.93856			6
2025.06.10	01:54:04.430	0.93835				2
2025.06.10	01:54:06.302	0.93837	0.93854			6
2025.06.10	01:54:06.631	0.93835	0.93856			6
2025.06.10	01:54:07.309	0.93839	0.93855			6
2025.06.10	01:54:07.696		0.93856			4
2025.06.10	01:54:09.188	0.93836				2
2025.06.10	01:54:09.574	0.93835				2
2025.06.10	01:54:12.116	0.93840	0.93857			6
2025.06.10	01:54:12.573	0.93839	0.93856			6
2025.06.10	01:54:13.235	0.93836	0.93857			6
2025.06.10	01:54:13.540	0.93835	0.93856			6
2025.06.10	01:54:16.278	0.93839				2
2025.06.10	01:54:20.827	0.93837				2
2025.06.10	01:54:21.206	0.93838				2
2025.06.10	01:54:34.743		0.93855			4
2025.06.10	01:54:35.188		0.93856			4
2025.06.10	01:54:37.117	0.93837				2
2025.06.10	01:54:38.101		0.93855			4
2025.06.10	01:54:39.333		0.93856			4
2025.06.10	01:54:43.282		0.93855			4
2025.06.10	01:54:44.511		0.93856			4
2025.06.10	01:54:51.279		0.93855			4
2025.06.10	01:54:51.766		0.93856			4
2025.06.10	01:54:53.924	0.93841				2
2025.06.10	01:55:00.214	0.93841	0.93854			6
2025.06.10	01:55:00.565		0.93856			4
2025.06.10	01:55:01.377	0.93839				2
2025.06.10	01:55:41.419	0.93838				2
2025.06.10	01:55:42.812		0.93855			4
2025.06.10	01:55:43.611	0.93839				2
2025.06.10	01:55:44.106		0.93856			4
2025.06.10	01:55:44.519	0.93840				2
2025.06.10	01:55:47.762		0.93857			4
2025.06.10	01:55:48.073	0.93839				2
2025.06.10	01:56:00.572	0.93838				2
2025.06.10	01:56:06.303		0.93858			4
2025.06.10	01:56:10.040		0.93857			4
2025.06.10	01:56:19.112	0.93840				2
2025.06.10	01:56:19.463	0.93837				2
2025.06.10	01:56:20.477	0.93838				2
2025.06.10	01:56:21.259	0.93839	0.93855			6
2025.06.10	01:56:21.562	0.93837				2
2025.06.10	01:56:25.652	0.93838				2
2025.06.10	01:56:25.971	0.93837				2
2025.06.10	01:56:26.457	0.93838				2
2025.06.10	01:56:26.781	0.93837				2
2025.06.10	01:56:29.823	0.93838	0.93854			6
2025.06.10	01:56:30.147	0.93837				2
2025.06.10	01:56:30.880	0.93838				2
2025.06.10	01:56:54.117	0.93839	0.93856			6
2025.06.10	01:56:54.470	0.93835	0.93852			6
2025.06.10	01:57:00.216	0.93835				2
2025.06.10	01:57:00.744	0.93836	0.93851			6
2025.06.10	01:57:01.047	0.93835	0.93852			6
2025.06.10	01:57:01.438	0.93836				2
2025.06.10	01:57:01.808	0.93834				2
2025.06.10	01:57:02.791	0.93835				2
2025.06.10	01:57:05.024	0.93834				2
2025.06.10	01:57:06.748	0.93835				2
2025.06.10	01:57:08.001	0.93836	0.93851			6
2025.06.10	01:57:12.116	0.93835	0.93852			6
2025.06.10	01:57:13.185	0.93834				2
2025.06.10	01:57:18.344	0.93836	0.93853			6
2025.06.10	01:57:19.399	0.93837	0.93854			6
2025.06.10	01:57:25.617	0.93836				2
2025.06.10	01:57:25.962	0.93835				2
2025.06.10	01:57:31.757	0.93836				2
2025.06.10	01:57:32.207	0.93835				2
2025.06.10	01:57:32.803	0.93837				2
2025.06.10	01:57:33.252	0.93836				2
2025.06.10	01:57:34.055	0.93835				2
2025.06.10	01:57:36.540	0.93837	0.93853			6
2025.06.10	01:57:37.391		0.93852			4
2025.06.10	01:57:37.714	0.93836	0.93853			6
2025.06.10	01:57:38.650	0.93837				2
2025.06.10	01:57:44.588		0.93852			4
2025.06.10	01:57:57.787	0.93836	0.93853			6
2025.06.10	01:57:59.269	0.93837	0.93852			6
2025.06.10	01:58:00.232	0.93837				2
2025.06.10	01:58:00.536		0.93853			4
2025.06.10	01:58:02.506	0.93838				2
2025.06.10	01:58:03.500	0.93837				2
2025.06.10	01:58:06.436	0.93839	0.93855			6
2025.06.10	01:58:07.661		0.93856			4
2025.06.10	01:58:21.760	0.93840				2
2025.06.10	01:58:23.099		0.93854			4
2025.06.10	01:58:23.435		0.93856			4
2025.06.10	01:58:23.790	0.93838	0.93854			6
2025.06.10	01:58:24.329	0.93839				2
2025.06.10	01:58:25.362	0.93837				2
2025.06.10	01:58:26.370	0.93834	0.93855			6
2025.06.10	01:58:27.089	0.93837	0.93853			6
2025.06.10	01:58:27.577		0.93854			4
2025.06.10	01:58:29.852	0.93836	0.93853			6
2025.06.10	01:58:32.517	0.93835	0.93852			6
2025.06.10	01:58:37.957	0.93834	0.93851			6
2025.06.10	01:58:38.676	0.93836	0.93852			6
2025.06.10	01:58:43.347	0.93835				2
2025.06.10	01:58:45.057	0.93836	0.93851			6
2025.06.10	01:58:45.573	0.93837	0.93852			6
2025.06.10	01:58:55.393	0.93836				2
2025.06.10	01:59:01.332	0.93836				2
2025.06.10	01:59:05.323	0.93837				2
2025.06.10	01:59:15.135	0.93838	0.93853			6
2025.06.10	01:59:20.019	0.93837				2
2025.06.10	01:59:22.358	0.93838				2
2025.06.10	01:59:30.790		0.93854			4
2025.06.10	01:59:43.683	0.93839				2
2025.06.10	01:59:47.925	0.93837				2
2025.06.10	01:59:57.612		0.93853			4
2025.06.10	02:00:00.368	0.93837				2
2025.06.10	02:00:01.991	0.93836	0.93854			6
2025.06.10	02:00:03.472	0.93837				2
2025.06.10	02:00:05.210	0.93838				2
2025.06.10	02:00:05.523	0.93837				2
2025.06.10	02:00:06.382	0.93836				2
2025.06.10	02:00:07.074	0.93837	0.93855			6
2025.06.10	02:00:07.378		0.93854			4
2025.06.10	02:00:07.748		0.93853			4
2025.06.10	02:00:12.029	0.93838	0.93854			6
2025.06.10	02:00:12.926	0.93836	0.93852			6
2025.06.10	02:00:14.662	0.93834				2
2025.06.10	02:00:17.404		0.93851			4
2025.06.10	02:00:25.452		0.93849			4
2025.06.10	02:00:25.771		0.93848			4
2025.06.10	02:00:31.140		0.93849			4
2025.06.10	02:00:35.001		0.93850			4
2025.06.10	02:00:35.313	0.93836	0.93851			6
2025.06.10	02:00:35.661	0.93835				2
2025.06.10	02:00:36.765	0.93836				2
2025.06.10	02:00:38.445	0.93835				2
2025.06.10	02:00:46.004		0.93850			4
2025.06.10	02:00:46.414	0.93834	0.93851			6
2025.06.10	02:00:51.342		0.93850			4
2025.06.10	02:00:51.660		0.93851			4
2025.06.10	02:00:52.060	0.93835				2
2025.06.10	02:01:00.250	0.93835	0.93852			6
2025.06.10	02:01:01.023	0.93840	0.93853			6
2025.06.10	02:01:05.423		0.93854			4
2025.06.10	02:01:14.064		0.93855			4
2025.06.10	02:01:21.910		0.93854			4
2025.06.10	02:01:23.239		0.93853			4
2025.06.10	02:01:23.614	0.93839				2
2025.06.10	02:01:28.243	0.93838	0.93854			6
2025.06.10	02:01:28.668	0.93839	0.93853			6
2025.06.10	02:01:30.428		0.93854			4
2025.06.10	02:01:31.087	0.93840				2
2025.06.10	02:01:35.454	0.93841				2
2025.06.10	02:01:46.388	0.93840				2
2025.06.10	02:01:57.902	0.93841				2
2025.06.10	02:02:00.633	0.93841				2
2025.06.10	02:02:01.878		0.93856			4
2025.06.10	02:02:15.586	0.93842				2
2025.06.10	02:02:22.504		0.93855			4
2025.06.10	02:02:25.790	0.93841	0.93857			6
2025.06.10	02:02:28.314	0.93847	0.93852			6
2025.06.10	02:02:29.237	0.93848	0.93853			6
2025.06.10	02:02:30.748	0.93841	0.93857			6
2025.06.10	02:02:45.383	0.93840	0.93856			6
2025.06.10	02:02:56.255	0.93842				2
2025.06.10	02:02:57.244	0.93840	0.93855			6
2025.06.10	02:02:59.496	0.93842				2
2025.06.10	02:03:00.523	0.93842				2
2025.06.10	02:03:01.514	0.93841				2
2025.06.10	02:03:01.954	0.93839				2
2025.06.10	02:03:02.473	0.93841				2
2025.06.10	02:03:03.477	0.93839				2
2025.06.10	02:03:05.466	0.93841				2
2025.06.10	02:03:06.333	0.93840				2
2025.06.10	02:03:08.820	0.93839				2
2025.06.10	02:03:09.187	0.93840				2
2025.06.10	02:03:16.690	0.93841	0.93854			6
2025.06.10	02:03:18.609	0.93842	0.93857			6
2025.06.10	02:03:20.357	0.93839	0.93854			6
2025.06.10	02:03:23.712		0.93855			4
2025.06.10	02:03:24.892	0.93842				2
2025.06.10	02:03:25.360	0.93840				2
2025.06.10	02:03:25.667	0.93841	0.93854			6
2025.06.10	02:03:25.988	0.93840				2
2025.06.10	02:03:26.359		0.93855			4
2025.06.10	02:03:26.666	0.93841	0.93854			6
2025.06.10	02:03:27.713		0.93855			4
2025.06.10	02:03:29.677	0.93840				2
2025.06.10	02:03:30.707	0.93839	0.93856			6
2025.06.10	02:03:31.096	0.93840	0.93855			6
2025.06.10	02:03:32.092		0.93854			4
2025.06.10	02:03:34.079	0.93841				2
2025.06.10	02:03:36.703	0.93839	0.93852			6
2025.06.10	02:03:37.060		0.93853			4
2025.06.10	02:03:38.964	0.93841	0.93855			6
2025.06.10	02:03:40.432	0.93843	0.93856			6
2025.06.10	02:03:52.855	0.93842	0.93857			6
2025.06.10	02:03:54.925	0.93841				2
2025.06.10	02:04:01.171	0.93841				2
2025.06.10	02:04:06.190		0.93856			4
2025.06.10	02:04:12.908	0.93839	0.93853			6
2025.06.10	02:04:13.213	0.93838				2
2025.06.10	02:04:18.384	0.93839				2
2025.06.10	02:04:18.753	0.93838				2
2025.06.10	02:04:26.871	0.93845	0.93850			6
2025.06.10	02:04:29.599	0.93839	0.93854			6
2025.06.10	02:04:30.456		0.93853			4
2025.06.10	02:04:34.207	0.93840	0.93854			6
2025.06.10	02:04:38.698	0.93839	0.93853			6
2025.06.10	02:04:40.353		0.93854			4
2025.06.10	02:04:41.762	0.93838				2
2025.06.10	02:04:47.641	0.93839				2
2025.06.10	02:04:49.139	0.93838				2
2025.06.10	02:04:54.359	0.93840				2
2025.06.10	02:04:56.856	0.93837	0.93852			6
2025.06.10	02:04:57.166	0.93836				2
2025.06.10	02:05:00.542	0.93838				2
2025.06.10	02:05:04.848	0.93839	0.93853			6
2025.06.10	02:05:08.764		0.93852			4
2025.06.10	02:05:10.658	0.93838				2
2025.06.10	02:05:11.472	0.93839				2
2025.06.10	02:06:01.490	0.93840				2
2025.06.10	02:06:09.326		0.93852			4
2025.06.10	02:06:16.585	0.93839				2
2025.06.10	02:06:20.800	0.93840	0.93855			6
2025.06.10	02:06:25.245	0.93841	0.93856			6
2025.06.10	02:06:26.587	0.93842				2
2025.06.10	02:07:00.869	0.93842				2
2025.06.10	02:07:04.046		0.93854			4
2025.06.10	02:07:04.378	0.93839				2
2025.06.10	02:07:05.377	0.93841				2
2025.06.10	02:07:15.392	0.93840	0.93853			6
2025.06.10	02:07:17.440	0.93839				2
2025.06.10	02:07:43.572	0.93840	0.93854			6
2025.06.10	02:07:45.982	0.93841	0.93853			6
2025.06.10	02:07:58.424	0.93840	0.93854			6
2025.06.10	02:08:01.597	0.93840				2
2025.06.10	02:08:03.424	0.93838	0.93853			6
2025.06.10	02:08:04.959	0.93840				2
2025.06.10	02:08:09.958	0.93839				2
2025.06.10	02:08:10.896	0.93841	0.93854			6
2025.06.10	02:08:12.003	0.93840				2
2025.06.10	02:08:13.131	0.93841				2
2025.06.10	02:08:14.663	0.93840				2
2025.06.10	02:08:17.211	0.93841				2
2025.06.10	02:08:26.534	0.93840				2
2025.06.10	02:08:28.543	0.93841				2
2025.06.10	02:08:29.644	0.93840				2
2025.06.10	02:08:52.504	0.93837	0.93850			6
2025.06.10	02:08:52.814	0.93836	0.93851			6
2025.06.10	02:08:53.832	0.93837				2
2025.06.10	02:09:05.488	0.93837				2
2025.06.10	02:09:10.344	0.93838				2
2025.06.10	02:09:16.873	0.93837				2
2025.06.10	02:09:32.094	0.93838				2
2025.06.10	02:09:45.709	0.93837				2
2025.06.10	02:09:52.079	0.93838				2
2025.06.10	02:09:53.123		0.93851			4
2025.06.10	02:09:54.156		0.93852			4
2025.06.10	02:09:54.488	0.93837				2
2025.06.10	02:10:00.623	0.93837				2
2025.06.10	02:10:02.117	0.93838				2
2025.06.10	02:10:05.551	0.93834	0.93849			6
2025.06.10	02:10:10.388		0.93850			4
2025.06.10	02:10:14.886		0.93849			4
2025.06.10	02:10:29.179	0.93835	0.93848			6
2025.06.10	02:10:29.745	0.93834				2
2025.06.10	02:10:52.977	0.93835				2
2025.06.10	02:10:54.174	0.93834				2
2025.06.10	02:11:00.575	0.93833				2
2025.06.10	02:11:06.435		0.93849			4
2025.06.10	02:11:14.170	0.93835	0.93850			6
2025.06.10	02:11:24.114	0.93834	0.93849			6
2025.06.10	02:11:31.336	0.93835				2
2025.06.10	02:11:42.518	0.93834	0.93848			6
2025.06.10	02:11:43.073		0.93846			4
2025.06.10	02:11:43.439	0.93832				2
2025.06.10	02:11:45.348	0.93834	0.93848			6
2025.06.10	02:11:46.483	0.93836	0.93849			6
2025.06.10	02:11:47.033	0.93835				2
2025.06.10	02:11:47.564	0.93834	0.93848			6
2025.06.10	02:11:47.868	0.93835	0.93849			6
2025.06.10	02:11:48.732	0.93834	0.93848			6
2025.06.10	02:11:49.561	0.93835	0.93849			6
2025.06.10	02:11:50.151	0.93834	0.93848			6
2025.06.10	02:11:52.271	0.93833	0.93847			6
2025.06.10	02:11:53.137	0.93835				2
2025.06.10	02:11:58.168		0.93848			4
2025.06.10	02:12:00.443	0.93833	0.93846			6
2025.06.10	02:12:08.030	0.93834				2
2025.06.10	02:12:16.388	0.93833	0.93845			6
2025.06.10	02:12:36.836	0.93834	0.93846			6
2025.06.10	02:13:00.187	0.93834				2
2025.06.10	02:13:03.712	0.93835				2
2025.06.10	02:13:04.746		0.93847			4
2025.06.10	02:13:14.738	0.93834	0.93846			6
2025.06.10	02:13:16.235	0.93833				2
2025.06.10	02:13:25.545	0.93834				2
2025.06.10	02:13:52.387	0.93833				2
2025.06.10	02:13:53.139	0.93834	0.93845			6
2025.06.10	02:13:53.587	0.93835	0.93847			6
2025.06.10	02:14:01.863	0.93835				2
2025.06.10	02:14:07.836	0.93834	0.93845			6
2025.06.10	02:14:13.389	0.93835				2
2025.06.10	02:14:22.686	0.93834				2
2025.06.10	02:14:39.190	0.93835				2
2025.06.10	02:14:45.137	0.93838	0.93851			6
2025.06.10	02:14:45.489	0.93839				2
2025.06.10	02:14:47.288	0.93840				2
2025.06.10	02:14:57.492	0.93839				2
2025.06.10	02:15:00.153	0.93839				2
2025.06.10	02:15:01.438	0.93835	0.93849			6
2025.06.10	02:15:04.584		0.93848			4
2025.06.10	02:15:15.156		0.93847			4
2025.06.10	02:15:29.045		0.93846			4
2025.06.10	02:15:34.389		0.93848			4
2025.06.10	02:15:34.738	0.93834				2
2025.06.10	02:15:42.778	0.93835				2
2025.06.10	02:15:45.067	0.93836				2
2025.06.10	02:15:47.540	0.93837	0.93850			6
2025.06.10	02:15:48.680	0.93838				2
2025.06.10	02:15:56.268	0.93839	0.93853			6
2025.06.10	02:15:56.572	0.93840				2
2025.06.10	02:15:58.048	0.93841				2
2025.06.10	02:16:02.591	0.93841				2
2025.06.10	02:16:03.959	0.93840				2
2025.06.10	02:16:04.663	0.93841				2
2025.06.10	02:16:04.993	0.93840				2
2025.06.10	02:16:05.698	0.93841				2
2025.06.10	02:16:10.550	0.93840				2
2025.06.10	02:16:10.885	0.93841				2
2025.06.10	02:16:11.213	0.93840				2
2025.06.10	02:16:13.851	0.93838	0.93851			6
2025.06.10	02:16:27.256	0.93837	0.93850			6
2025.06.10	02:16:27.883		0.93851			4
2025.06.10	02:16:28.345	0.93839				2
2025.06.10	02:16:42.965		0.93852			4
2025.06.10	02:16:44.967	0.93840				2
2025.06.10	02:16:46.350	0.93842	0.93854			6
2025.06.10	02:16:51.388	0.93840	0.93853			6
2025.06.10	02:16:51.826	0.93838	0.93852			6
2025.06.10	02:16:52.944	0.93839				2
2025.06.10	02:16:54.162	0.93838				2
2025.06.10	02:16:54.489	0.93839				2
2025.06.10	02:16:56.967	0.93840				2
2025.06.10	02:16:57.729	0.93839	0.93851			6
2025.06.10	02:16:58.061	0.93837	0.93850			6
2025.06.10	02:16:58.725		0.93851			4
2025.06.10	02:17:00.200	0.93837				2
2025.06.10	02:17:00.503		0.93850			4
2025.06.10	02:17:01.559		0.93851			4
2025.06.10	02:17:02.272		0.93850			4
2025.06.10	02:17:02.599		0.93851			4
2025.06.10	02:17:03.500		0.93850			4
2025.06.10	02:17:05.373		0.93851			4
2025.06.10	02:17:07.419		0.93849			4
2025.06.10	02:17:08.817		0.93850			4
2025.06.10	02:17:10.763	0.93835	0.93849			6
2025.06.10	02:17:16.048	0.93839	0.93851			6
2025.06.10	02:17:18.431	0.93837	0.93848			6
2025.06.10	02:17:18.788	0.93836				2
2025.06.10	02:17:19.102	0.93833	0.93847			6
2025.06.10	02:17:19.542	0.93836				2
2025.06.10	02:17:21.339	0.93834	0.93846			6
2025.06.10	02:17:22.354		0.93847			4
2025.06.10	02:17:22.931	0.93836				2
2025.06.10	02:17:24.176		0.93846			4
2025.06.10	02:17:26.954	0.93834				2
2025.06.10	02:17:33.847	0.93835				2
2025.06.10	02:17:37.021	0.93837				2
2025.06.10	02:17:38.564		0.93847			4
2025.06.10	02:17:40.628		0.93846			4
2025.06.10	02:17:41.225		0.93847			4
2025.06.10	02:17:41.617		0.93846			4
2025.06.10	02:17:42.675		0.93847			4
2025.06.10	02:17:43.843		0.93846			4
2025.06.10	02:17:44.810		0.93847			4
2025.06.10	02:17:45.521		0.93846			4
2025.06.10	02:17:46.914		0.93847			4
2025.06.10	02:17:47.984	0.93834	0.93846			6
2025.06.10	02:18:01.440	0.93835	0.93847			6
2025.06.10	02:18:02.346	0.93836				2
2025.06.10	02:18:03.465	0.93837				2
2025.06.10	02:18:03.862	0.93836				2
2025.06.10	02:18:08.516	0.93837				2
2025.06.10	02:18:24.714	0.93835	0.93845			6
2025.06.10	02:18:25.049	0.93834				2
2025.06.10	02:18:25.579		0.93846			4
2025.06.10	02:18:31.372		0.93847			4
2025.06.10	02:18:31.685	0.93830	0.93844			6
2025.06.10	02:18:32.345	0.93831	0.93845			6
2025.06.10	02:18:36.135	0.93835				2
2025.06.10	02:18:42.655	0.93832				2
2025.06.10	02:18:43.004	0.93834				2
2025.06.10	02:18:44.410	0.93833	0.93846			6
2025.06.10	02:18:45.078	0.93832				2
2025.06.10	02:18:49.388	0.93833				2
2025.06.10	02:18:55.763	0.93832				2
2025.06.10	02:18:59.340	0.93834				2
2025.06.10	02:18:59.817	0.93832				2
2025.06.10	02:19:00.303	0.93832				2
2025.06.10	02:19:18.314		0.93845			4
2025.06.10	02:19:20.706	0.93831				2
2025.06.10	02:19:30.579	0.93834				2
2025.06.10	02:19:31.016	0.93832				2
2025.06.10	02:19:31.545	0.93833				2
2025.06.10	02:19:32.010	0.93831				2
2025.06.10	02:19:32.374	0.93832				2
2025.06.10	02:19:37.346	0.93836	0.93848			6
2025.06.10	02:19:37.857	0.93837	0.93849			6
2025.06.10	02:19:38.969	0.93836	0.93848			6
2025.06.10	02:19:40.376	0.93835	0.93847			6
2025.06.10	02:19:41.288	0.93834	0.93848			6
2025.06.10	02:19:41.592	0.93835	0.93847			6
2025.06.10	02:19:42.662	0.93834				2
2025.06.10	02:19:43.072	0.93835				2
2025.06.10	02:19:43.380	0.93841	0.93855			6
2025.06.10	02:19:44.351	0.93843				2
2025.06.10	02:19:44.968	0.93842	0.93853			6
2025.06.10	02:19:45.990	0.93839				2
2025.06.10	02:19:46.334	0.93842	0.93854			6
2025.06.10	02:19:49.377	0.93843	0.93856			6
2025.06.10	02:19:52.370	0.93846	0.93857			6
2025.06.10	02:19:55.374	0.93847	0.93858			6
2025.06.10	02:19:57.790	0.93845	0.93857			6
2025.06.10	02:19:58.098	0.93843				2
2025.06.10	02:20:01.043	0.93844	0.93855			6
2025.06.10	02:20:05.598	0.93843				2
2025.06.10	02:20:05.899	0.93842				2
2025.06.10	02:20:06.487	0.93844				2
2025.06.10	02:20:07.937	0.93843				2
2025.06.10	02:20:08.806	0.93842				2
2025.06.10	02:20:09.219	0.93843				2
2025.06.10	02:20:11.389	0.93842				2
2025.06.10	02:20:11.742	0.93843				2
2025.06.10	02:20:13.064	0.93845				2
2025.06.10	02:20:13.394	0.93844				2
2025.06.10	02:20:14.377	0.93843				2
2025.06.10	02:20:17.555	0.93842				2
2025.06.10	02:20:18.607	0.93843				2
2025.06.10	02:20:19.282	0.93844				2
2025.06.10	02:20:19.642	0.93843				2
2025.06.10	02:20:24.324	0.93844				2
2025.06.10	02:20:26.118	0.93842				2
2025.06.10	02:20:26.590	0.93843				2
2025.06.10	02:20:29.440	0.93846	0.93857			6
2025.06.10	02:20:30.380	0.93845	0.93858			6
2025.06.10	02:20:30.747	0.93844				2
2025.06.10	02:20:37.125	0.93845				2
2025.06.10	02:20:38.034	0.93844				2
2025.06.10	02:20:45.511	0.93845				2
2025.06.10	02:20:46.388	0.93844				2
2025.06.10	02:20:50.428	0.93846				2
2025.06.10	02:20:53.385	0.93845				2
2025.06.10	02:20:55.720	0.93846				2
2025.06.10	02:21:00.535	0.93844	0.93855			6
2025.06.10	02:21:07.190	0.93841				2
2025.06.10	02:21:10.757		0.93854			4
2025.06.10	02:21:18.130	0.93842	0.93856			6
2025.06.10	02:21:19.321		0.93855			4
2025.06.10	02:21:21.574	0.93840	0.93854			6
2025.06.10	02:21:21.880	0.93842				2
2025.06.10	02:21:31.989	0.93843	0.93855			6
2025.06.10	02:21:32.308	0.93842				2
2025.06.10	02:21:47.446	0.93843				2
2025.06.10	02:21:59.058		0.93854			4
2025.06.10	02:22:00.081	0.93843				2
2025.06.10	02:22:10.317	0.93840	0.93853			6
2025.06.10	02:22:10.635	0.93841				2
2025.06.10	02:22:10.987	0.93839				2
2025.06.10	02:22:11.864	0.93840				2
2025.06.10	02:22:12.446	0.93841	0.93852			6
2025.06.10	02:22:12.767	0.93839	0.93853			6
2025.06.10	02:22:13.937	0.93840				2
2025.06.10	02:22:14.532	0.93841	0.93852			6
2025.06.10	02:22:15.166	0.93840	0.93854			6
2025.06.10	02:22:15.472	0.93839	0.93853			6
2025.06.10	02:22:18.375	0.93840	0.93852			6
2025.06.10	02:22:22.650		0.93853			4
2025.06.10	02:22:23.686	0.93839				2
2025.06.10	02:22:24.741	0.93840	0.93852			6
2025.06.10	02:22:25.784	0.93839	0.93853			6
2025.06.10	02:22:28.386	0.93840	0.93852			6
2025.06.10	02:22:29.061	0.93839	0.93853			6
2025.06.10	02:22:30.155	0.93840				2
2025.06.10	02:22:31.377	0.93839	0.93852			6
2025.06.10	02:22:43.657	0.93840				2
2025.06.10	02:22:44.345		0.93850			4
2025.06.10	02:22:47.376		0.93853			4
2025.06.10	02:22:47.680	0.93841				2
2025.06.10	02:22:50.364	0.93838	0.93852			6
2025.06.10	02:22:51.474		0.93851			4
2025.06.10	02:22:51.805		0.93852			4
2025.06.10	02:22:52.303		0.93851			4
2025.06.10	02:22:52.612		0.93852			4
2025.06.10	02:22:53.379	0.93840	0.93854			6
2025.06.10	02:22:54.668		0.93853			4
2025.06.10	02:22:54.995		0.93854			4
2025.06.10	02:22:55.658	0.93841	0.93853			6
2025.06.10	02:22:56.029	0.93840	0.93854			6
2025.06.10	02:22:58.101		0.93853			4
2025.06.10	02:22:58.416		0.93854			4
2025.06.10	02:23:00.200	0.93840	0.93853			6
2025.06.10	02:23:01.405	0.93841				2
2025.06.10	02:23:01.945	0.93840	0.93854			6
2025.06.10	02:23:03.104		0.93853			4
2025.06.10	02:23:06.789	0.93841	0.93854			6
2025.06.10	02:23:14.379	0.93840				2
2025.06.10	02:23:14.811	0.93841				2
2025.06.10	02:23:18.176	0.93840				2
2025.06.10	02:23:18.746	0.93841				2
2025.06.10	02:23:19.060	0.93840				2
2025.06.10	02:23:20.454	0.93841				2
2025.06.10	02:23:20.975	0.93840				2
2025.06.10	02:23:21.343	0.93842	0.93852			6
2025.06.10	02:23:21.651		0.93854			4
2025.06.10	02:23:22.414	0.93844	0.93855			6
2025.06.10	02:23:23.009	0.93843				2
2025.06.10	02:23:43.131	0.93841				2
2025.06.10	02:23:43.442	0.93843				2
2025.06.10	02:23:52.568		0.93856			4
2025.06.10	02:23:59.401	0.93844				2
2025.06.10	02:24:03.267	0.93844				2
2025.06.10	02:24:17.637	0.93846				2
2025.06.10	02:24:18.663	0.93844				2
2025.06.10	02:24:19.441	0.93843				2
2025.06.10	02:24:19.994	0.93842				2
2025.06.10	02:24:20.475	0.93843				2
2025.06.10	02:24:26.846	0.93844				2
2025.06.10	02:24:38.030	0.93842	0.93855			6
2025.06.10	02:24:47.418	0.93843				2
2025.06.10	02:24:50.458		0.93856			4
2025.06.10	02:24:51.566	0.93842				2
2025.06.10	02:24:58.686	0.93844				2
2025.06.10	02:25:00.487	0.93844				2
2025.06.10	02:25:14.291	0.93842				2
2025.06.10	02:25:14.603	0.93843				2
2025.06.10	02:25:15.537	0.93842				2
2025.06.10	02:25:17.664	0.93843				2
2025.06.10	02:25:19.410	0.93842				2
2025.06.10	02:25:19.912	0.93843				2
2025.06.10	02:25:31.165		0.93857			4
2025.06.10	02:25:32.233	0.93844				2
2025.06.10	02:25:33.271	0.93843				2
2025.06.10	02:25:36.962	0.93844				2
2025.06.10	02:25:42.794	0.93845				2
2025.06.10	02:25:45.313		0.93858			4
2025.06.10	02:25:48.151	0.93847	0.93859			6
2025.06.10	02:25:51.665	0.93846				2
2025.06.10	02:25:52.439		0.93858			4
2025.06.10	02:25:53.083		0.93853			4
2025.06.10	02:25:53.599	0.93845				2
2025.06.10	02:26:00.830	0.93845				2
2025.06.10	02:26:11.164	0.93846				2
2025.06.10	02:26:11.478	0.93845				2
2025.06.10	02:26:13.164	0.93846	0.93854			6
2025.06.10	02:26:13.486	0.93845				2
2025.06.10	02:26:14.898	0.93846				2
2025.06.10	02:26:23.133	0.93845	0.93852			6
2025.06.10	02:26:32.075	0.93846				2
2025.06.10	02:26:32.382	0.93845				2
2025.06.10	02:26:32.712	0.93846				2
2025.06.10	02:26:33.040	0.93845				2
2025.06.10	02:26:38.123		0.93853			4
2025.06.10	02:26:44.198	0.93846	0.93855			6
2025.06.10	02:26:51.513	0.93848				2
2025.06.10	02:26:51.815	0.93847	0.93853			6
2025.06.10	02:26:52.801	0.93846				2
2025.06.10	02:27:00.064	0.93846				2
2025.06.10	02:27:11.472	0.93847				2
2025.06.10	02:27:14.323	0.93846				2
2025.06.10	02:27:16.530		0.93852			4
2025.06.10	02:27:19.911	0.93845				2
2025.06.10	02:27:31.951	0.93844				2
2025.06.10	02:27:34.743	0.93845				2
2025.06.10	02:27:35.064	0.93846				2
2025.06.10	02:27:36.057	0.93845				2
2025.06.10	02:27:36.854	0.93846	0.93853			6
2025.06.10	02:27:37.218	0.93845				2
2025.06.10	02:27:45.241	0.93844				2
2025.06.10	02:27:46.456	0.93845				2
2025.06.10	02:27:48.347	0.93846				2
2025.06.10	02:27:48.748	0.93845				2
2025.06.10	02:27:51.725	0.93843	0.93852			6
2025.06.10	02:27:54.968	0.93844				2
2025.06.10	02:27:55.537	0.93843				2
2025.06.10	02:28:00.014	0.93843				2
2025.06.10	02:28:03.904	0.93844				2
2025.06.10	02:28:06.105	0.93843				2
2025.06.10	02:28:13.226	0.93844				2
2025.06.10	02:28:15.583	0.93843				2
2025.06.10	02:28:17.374	0.93844				2
2025.06.10	02:28:20.478	0.93843				2
2025.06.10	02:28:26.696	0.93844				2
2025.06.10	02:28:27.148	0.93843				2
2025.06.10	02:28:30.066	0.93844				2
2025.06.10	02:28:31.796	0.93845	0.93853			6
2025.06.10	02:28:32.536	0.93844				2
2025.06.10	02:28:33.249	0.93845				2
2025.06.10	02:28:33.573	0.93844				2
2025.06.10	02:28:41.945	0.93845				2
2025.06.10	02:28:42.251	0.93844				2
2025.06.10	02:28:42.559	0.93845				2
2025.06.10	02:28:42.898	0.93844				2
2025.06.10	02:28:45.243	0.93845				2
2025.06.10	02:28:45.624	0.93844				2
2025.06.10	02:28:47.559	0.93845				2
2025.06.10	02:28:47.949	0.93844				2
2025.06.10	02:28:49.113	0.93845				2
2025.06.10	02:28:49.505	0.93844				2
2025.06.10	02:28:53.045	0.93845				2
2025.06.10	02:28:53.360	0.93844				2
2025.06.10	02:29:00.511	0.93845				2
2025.06.10	02:29:01.547	0.93844				2
2025.06.10	02:29:06.570	0.93845				2
2025.06.10	02:29:07.571	0.93844				2
2025.06.10	02:29:11.844	0.93842	0.93852			6
2025.06.10	02:29:13.076	0.93843				2
2025.06.10	02:29:15.148	0.93842				2
2025.06.10	02:29:16.181	0.93843				2
2025.06.10	02:29:24.724	0.93842	0.93851			6
2025.06.10	02:29:25.075	0.93841				2
2025.06.10	02:29:25.430	0.93842				2
2025.06.10	02:29:30.635	0.93843				2
2025.06.10	02:29:31.057	0.93842				2
2025.06.10	02:29:31.680	0.93843				2
2025.06.10	02:29:34.074	0.93842				2
2025.06.10	02:29:35.374	0.93843				2
2025.06.10	02:29:36.972	0.93841				2
2025.06.10	02:29:40.548	0.93842				2
2025.06.10	02:29:44.696	0.93841				2
2025.06.10	02:29:45.728	0.93843				2
2025.06.10	02:29:46.111	0.93842				2
2025.06.10	02:29:52.717	0.93841				2
2025.06.10	02:29:54.039	0.93842				2
2025.06.10	02:30:00.288	0.93842				2
2025.06.10	02:30:02.145	0.93843				2
2025.06.10	02:30:03.422	0.93842				2
2025.06.10	02:30:21.472	0.93843				2
2025.06.10	02:30:21.781	0.93842				2
2025.06.10	02:30:22.246	0.93843	0.93850			6
2025.06.10	02:30:22.629	0.93842				2
2025.06.10	02:30:28.885	0.93843				2
2025.06.10	02:30:29.889	0.93842				2
2025.06.10	02:30:31.963	0.93843				2
2025.06.10	02:30:33.260	0.93842				2
2025.06.10	02:30:39.139	0.93843				2
2025.06.10	02:30:39.762	0.93842				2
2025.06.10	02:31:01.389	0.93842				2
2025.06.10	02:31:17.522		0.93851			4
2025.06.10	02:31:32.266	0.93843	0.93852			6
2025.06.10	02:31:32.598	0.93842				2
2025.06.10	02:31:39.335		0.93850			4
2025.06.10	02:31:41.588	0.93841				2
2025.06.10	02:31:46.191	0.93842				2
2025.06.10	02:32:02.172	0.93842				2
2025.06.10	02:32:26.051	0.93844	0.93852			6
2025.06.10	02:33:00.607	0.93844				2
2025.06.10	02:33:02.694	0.93845				2
2025.06.10	02:33:04.365	0.93844				2
2025.06.10	02:33:24.023		0.93853			4
2025.06.10	02:33:27.337	0.93843				2
2025.06.10	02:33:29.536	0.93844				2
2025.06.10	02:33:32.370		0.93852			4
2025.06.10	02:33:32.701	0.93843	0.93851			6
2025.06.10	02:33:36.917	0.93844				2
2025.06.10	02:33:46.087	0.93843				2
2025.06.10	02:33:52.857	0.93844	0.93852			6
2025.06.10	02:33:56.057	0.93843				2
2025.06.10	02:33:59.386	0.93844				2
2025.06.10	02:33:59.710	0.93843				2
2025.06.10	02:34:00.375	0.93844				2
2025.06.10	02:34:00.685	0.93843				2
2025.06.10	02:34:06.806	0.93844				2
2025.06.10	02:34:07.229	0.93843				2
2025.06.10	02:34:07.851	0.93844				2
2025.06.10	02:34:08.257	0.93843				2
2025.06.10	02:34:13.086	0.93842				2
2025.06.10	02:34:13.608	0.93843				2
2025.06.10	02:34:17.934		0.93851			4
2025.06.10	02:34:21.088		0.93852			4
2025.06.10	02:34:35.450	0.93844				2
2025.06.10	02:35:00.297	0.93844				2
2025.06.10	02:35:01.272	0.93843				2
2025.06.10	02:35:12.814	0.93842				2
2025.06.10	02:35:13.915	0.93843	0.93851			6
2025.06.10	02:35:17.925	0.93842				2
2025.06.10	02:35:20.365	0.93843				2
2025.06.10	02:35:20.685	0.93842				2
2025.06.10	02:35:21.411	0.93843				2
2025.06.10	02:35:22.432	0.93842				2
2025.06.10	02:35:22.927	0.93843				2
2025.06.10	02:35:32.829	0.93842				2
2025.06.10	02:35:52.872	0.93841				2
2025.06.10	02:35:53.301	0.93842				2
2025.06.10	02:36:00.776	0.93842				2
2025.06.10	02:36:09.891	0.93843				2
2025.06.10	02:36:11.231	0.93842				2
2025.06.10	02:36:14.392		0.93851			4
2025.06.10	02:36:20.286	0.93843				2
2025.06.10	02:36:25.878	0.93844				2
2025.06.10	02:36:26.183	0.93845	0.93853			6
2025.06.10	02:36:27.233	0.93844				2
2025.06.10	02:36:29.888		0.93852			4
2025.06.10	02:36:30.195		0.93853			4
2025.06.10	02:36:31.873	0.93843	0.93851			6
2025.06.10	02:36:33.744	0.93842				2
2025.06.10	02:36:40.392	0.93843				2
2025.06.10	02:36:41.487	0.93844				2
2025.06.10	02:36:47.288		0.93852			4
2025.06.10	02:36:47.832		0.93851			4
2025.06.10	02:36:51.479	0.93843				2
2025.06.10	02:36:54.819	0.93842				2
2025.06.10	02:36:55.127	0.93843				2
2025.06.10	02:37:01.649	0.93843				2
2025.06.10	02:37:02.415	0.93842				2
2025.06.10	02:37:03.438	0.93843				2
2025.06.10	02:37:10.273	0.93844				2
2025.06.10	02:37:11.310	0.93843				2
2025.06.10	02:37:16.902	0.93844	0.93853			6
2025.06.10	02:37:18.523	0.93843	0.93851			6
2025.06.10	02:37:21.061	0.93842				2
2025.06.10	02:37:21.707	0.93843				2
2025.06.10	02:37:23.571	0.93844				2
2025.06.10	02:37:24.091	0.93843				2
2025.06.10	02:37:32.017	0.93842				2
2025.06.10	02:37:32.343	0.93844				2
2025.06.10	02:37:32.737	0.93843				2
2025.06.10	02:37:36.357	0.93842				2
2025.06.10	02:37:36.722	0.93844				2
2025.06.10	02:38:00.948	0.93843				2
2025.06.10	02:38:02.044	0.93846	0.93853			6
2025.06.10	02:38:02.397	0.93844				2
2025.06.10	02:38:02.830		0.93852			4
2025.06.10	02:38:03.787	0.93843				2
2025.06.10	02:38:09.309		0.93853			4
2025.06.10	02:38:18.958	0.93845				2
2025.06.10	02:38:19.374	0.93843				2
2025.06.10	02:38:19.921	0.93844				2
2025.06.10	02:38:21.763	0.93845				2
2025.06.10	02:38:22.118	0.93844				2
2025.06.10	02:38:24.390	0.93843	0.93851			6
2025.06.10	02:38:32.512	0.93842				2
2025.06.10	02:38:34.386	0.93843				2
2025.06.10	02:39:00.401	0.93843				2
2025.06.10	02:39:16.281	0.93842				2
2025.06.10	02:39:26.118		0.93851			4
2025.06.10	02:39:27.219	0.93843	0.93852			6
2025.06.10	02:39:28.272	0.93842	0.93851			6
2025.06.10	02:39:58.387	0.93843				2
2025.06.10	02:39:59.922	0.93842				2
2025.06.10	02:40:03.036	0.93842				2
2025.06.10	02:40:12.973	0.93844	0.93852			6
2025.06.10	02:40:13.675	0.93843				2
2025.06.10	02:40:15.185	0.93844				2
2025.06.10	02:40:15.840	0.93843				2
2025.06.10	02:40:21.053	0.93844				2
2025.06.10	02:40:23.228	0.93843				2
2025.06.10	02:40:24.249	0.93844				2
2025.06.10	02:40:26.462	0.93843				2
2025.06.10	02:40:27.176	0.93844				2
2025.06.10	02:40:27.503	0.93843				2
2025.06.10	02:40:28.220	0.93844				2
2025.06.10	02:40:28.544	0.93843				2
2025.06.10	02:40:29.266	0.93844				2
2025.06.10	02:40:29.575	0.93843				2
2025.06.10	02:40:30.311	0.93844				2
2025.06.10	02:40:30.613	0.93843				2
2025.06.10	02:40:31.357	0.93844				2
2025.06.10	02:40:31.660	0.93843				2
2025.06.10	02:40:32.538	0.93844				2
2025.06.10	02:40:32.840	0.93843				2
2025.06.10	02:40:37.432	0.93841	0.93851			6
2025.06.10	02:40:38.110	0.93842				2
2025.06.10	02:40:39.805	0.93843				2
2025.06.10	02:40:42.487	0.93844				2
2025.06.10	02:40:54.908	0.93842				2
2025.06.10	02:40:55.622	0.93843				2
2025.06.10	02:40:56.432	0.93842				2
2025.06.10	02:40:58.496	0.93843				2
2025.06.10	02:40:59.929	0.93842				2
2025.06.10	02:41:00.351	0.93842				2
2025.06.10	02:41:01.377	0.93843				2
2025.06.10	02:41:01.750	0.93842				2
2025.06.10	02:41:02.396	0.93843				2
2025.06.10	02:41:02.732	0.93842				2
2025.06.10	02:41:03.205	0.93843				2
2025.06.10	02:41:03.952	0.93842				2
2025.06.10	02:41:04.624	0.93843				2
2025.06.10	02:41:05.688	0.93842				2
2025.06.10	02:41:06.702	0.93843				2
2025.06.10	02:41:08.464	0.93844				2
2025.06.10	02:41:08.902	0.93843				2
2025.06.10	02:41:11.655	0.93842				2
2025.06.10	02:41:13.028	0.93843				2
2025.06.10	02:41:13.511	0.93842				2
2025.06.10	02:41:14.354	0.93843				2
2025.06.10	02:41:15.355	0.93844				2
2025.06.10	02:41:32.348		0.93852			4
2025.06.10	02:42:01.387	0.93845	0.93853			6
2025.06.10	02:42:01.695	0.93844				2
2025.06.10	02:42:31.674	0.93845				2
2025.06.10	02:42:45.785	0.93844				2
2025.06.10	02:42:52.591	0.93845				2
2025.06.10	02:42:53.212	0.93844				2
2025.06.10	02:42:59.801	0.93847	0.93855			6
2025.06.10	02:43:00.189	0.93847				2
2025.06.10	02:43:00.724	0.93848				2
2025.06.10	02:43:01.080	0.93847				2
2025.06.10	02:43:02.164	0.93845	0.93853			6
2025.06.10	02:43:06.724	0.93847				2
2025.06.10	02:43:08.172	0.93848				2
2025.06.10	02:43:09.187	0.93847				2
2025.06.10	02:43:11.287	0.93848				2
2025.06.10	02:43:19.480	0.93846	0.93854			6
2025.06.10	02:43:20.249	0.93847				2
2025.06.10	02:43:25.063	0.93846	0.93853			6
2025.06.10	02:43:34.481	0.93845				2
2025.06.10	02:43:35.485	0.93846				2
2025.06.10	02:43:35.961	0.93845				2
2025.06.10	02:43:59.734	0.93846				2
2025.06.10	02:44:00.470	0.93846				2
2025.06.10	02:44:10.031	0.93845				2
2025.06.10	02:44:20.067	0.93846				2
2025.06.10	02:44:23.888	0.93845				2
2025.06.10	02:44:25.277		0.93853			4
2025.06.10	02:44:25.870	0.93846				2
2025.06.10	02:44:30.906	0.93845				2
2025.06.10	02:44:33.293	0.93844	0.93852			6
2025.06.10	02:45:00.263	0.93844				2
2025.06.10	02:45:20.578	0.93845				2
2025.06.10	02:45:21.030	0.93844				2
2025.06.10	02:45:28.460		0.93853			4
2025.06.10	02:45:34.747	0.93846				2
2025.06.10	02:45:36.187	0.93845				2
2025.06.10	02:45:49.545	0.93847	0.93854			6
2025.06.10	02:45:57.646	0.93846				2
2025.06.10	02:46:00.149	0.93846				2
2025.06.10	02:46:00.577	0.93847				2
2025.06.10	02:46:01.847	0.93848				2
2025.06.10	02:46:04.387	0.93847				2
2025.06.10	02:46:12.825	0.93848				2
2025.06.10	02:46:13.658	0.93845				2
2025.06.10	02:46:15.829	0.93846				2
2025.06.10	02:46:17.586	0.93845				2
2025.06.10	02:46:18.481	0.93846				2
2025.06.10	02:46:29.799	0.93847				2
2025.06.10	02:46:43.825	0.93846				2
2025.06.10	02:46:54.502		0.93854			4
2025.06.10	02:46:56.981	0.93845				2
2025.06.10	02:47:00.396	0.93845				2
2025.06.10	02:47:25.732	0.93846				2
2025.06.10	02:47:26.974	0.93845				2
2025.06.10	02:47:53.053	0.93846				2
2025.06.10	02:47:54.764	0.93845	0.93854			6
2025.06.10	02:47:56.284	0.93846				2
2025.06.10	02:47:57.017	0.93848	0.93855			6
2025.06.10	02:47:57.691	0.93847	0.93856			6
2025.06.10	02:47:58.018		0.93854			4
2025.06.10	02:48:00.667	0.93847				2
2025.06.10	02:48:30.188	0.93848				2
2025.06.10	02:48:31.761	0.93847				2
2025.06.10	02:48:32.236	0.93849				2
2025.06.10	02:48:32.849	0.93846				2
2025.06.10	02:48:34.685	0.93847				2
2025.06.10	02:48:39.651	0.93846				2
2025.06.10	02:48:40.175	0.93847				2
2025.06.10	02:48:42.411	0.93846				2
2025.06.10	02:48:42.818	0.93847				2
2025.06.10	02:48:47.717	0.93846				2
2025.06.10	02:48:48.934		0.93853			4
2025.06.10	02:48:49.242		0.93854			4
2025.06.10	02:48:57.561	0.93847				2
2025.06.10	02:49:00.040	0.93848	0.93853			6
2025.06.10	02:49:00.408		0.93854			4
2025.06.10	02:49:03.487	0.93849				2
2025.06.10	02:49:07.316	0.93846	0.93853			6
2025.06.10	02:49:07.765		0.93854			4
2025.06.10	02:49:08.904		0.93853			4
2025.06.10	02:49:11.184		0.93854			4
2025.06.10	02:49:11.687		0.93853			4
2025.06.10	02:49:12.927	0.93847	0.93854			6
2025.06.10	02:49:16.853	0.93848				2
2025.06.10	02:49:17.855		0.93855			4
2025.06.10	02:49:18.185	0.93849	0.93854			6
2025.06.10	02:49:19.226	0.93847				2
2025.06.10	02:49:19.978	0.93849				2
2025.06.10	02:49:20.358		0.93855			4
2025.06.10	02:49:23.860		0.93854			4
2025.06.10	02:49:24.203	0.93848				2
2025.06.10	02:49:24.739	0.93849				2
2025.06.10	02:49:30.350		0.93855			4
2025.06.10	02:49:31.095		0.93854			4
2025.06.10	02:49:32.180	0.93848				2
2025.06.10	02:49:33.661	0.93849				2
2025.06.10	02:49:42.518		0.93855			4
2025.06.10	02:49:49.738	0.93851	0.93856			6
2025.06.10	02:49:50.774	0.93850				2
2025.06.10	02:49:52.377	0.93849				2
2025.06.10	02:49:55.292	0.93848				2
2025.06.10	02:49:59.462	0.93846				2
2025.06.10	02:50:00.214	0.93846	0.93855			6
2025.06.10	02:50:04.879	0.93847				2
2025.06.10	02:50:06.422	0.93846				2
2025.06.10	02:50:09.438		0.93856			4
2025.06.10	02:50:10.358		0.93855			4
2025.06.10	02:50:13.497	0.93845	0.93854			6
2025.06.10	02:50:13.911	0.93846	0.93855			6
2025.06.10	02:50:18.750	0.93845	0.93854			6
2025.06.10	02:50:19.474		0.93855			4
2025.06.10	02:50:19.934		0.93854			4
2025.06.10	02:50:20.339	0.93846				2
2025.06.10	02:50:21.243	0.93847				2
