<DATE>	<TIME>	<BID>	<ASK>	<LAST>	<VOLUME>	<FLAGS>
2025.12.11	00:03:30.905	0.93506	0.93617			6
2025.12.11	00:04:03.317	0.93506				2
2025.12.11	00:04:09.724	0.93507				2
2025.12.11	00:04:20.805	0.93458	0.93600			6
2025.12.11	00:04:35.148	0.93456				2
2025.12.11	00:05:00.796	0.93456				2
2025.12.11	00:05:20.814	0.93453	0.93600			6
2025.12.11	00:06:05.805	0.93453				2
2025.12.11	00:06:23.805		0.93600			4
2025.12.11	00:07:01.407	0.93453				2
2025.12.11	00:07:28.796		0.93600			4
2025.12.11	00:08:00.814	0.93453				2
2025.12.11	00:08:31.463		0.93600			4
2025.12.11	00:08:39.819	0.93462				2
2025.12.11	00:08:43.070	0.93453				2
2025.12.11	00:09:00.194	0.93453				2
2025.12.11	00:09:32.281		0.93600			4
2025.12.11	00:09:42.930	0.93452				2
2025.12.11	00:10:00.382	0.93452	0.93573			6
2025.12.11	00:10:08.299	0.93442	0.93563			6
2025.12.11	00:10:08.819		0.93560			4
2025.12.11	00:10:11.651	0.93373	0.93566			6
2025.12.11	00:10:17.614	0.93383				2
2025.12.11	00:10:21.383	0.93366	0.93579			6
2025.12.11	00:10:21.688	0.93369				2
2025.12.11	00:10:22.638	0.93387	0.93562			6
2025.12.11	00:10:27.012	0.93371	0.93579			6
2025.12.11	00:10:27.942	0.93370				2
2025.12.11	00:10:32.994	0.93371				2
2025.12.11	00:10:33.927		0.93578			4
2025.12.11	00:10:39.274	0.93372				2
2025.12.11	00:10:40.508	0.93371				2
2025.12.11	00:10:42.091	0.93372				2
2025.12.11	00:10:43.951		0.93577			4
2025.12.11	00:10:53.460	0.93373				2
2025.12.11	00:10:55.024		0.93576			4
2025.12.11	00:11:00.072	0.93374	0.93575			6
2025.12.11	00:11:01.647	0.93373	0.93576			6
2025.12.11	00:11:04.781	0.93420	0.93572			6
2025.12.11	00:11:06.435	0.93445	0.93562			6
2025.12.11	00:11:09.176	0.93371	0.93575			6
2025.12.11	00:11:10.099	0.93445	0.93562			6
2025.12.11	00:11:16.513		0.93553			4
2025.12.11	00:11:21.631	0.93387	0.93558			6
2025.12.11	00:11:22.545	0.93445	0.93553			6
2025.12.11	00:11:22.975		0.93554			4
2025.12.11	00:11:24.042		0.93557			4
2025.12.11	00:11:24.536		0.93554			4
2025.12.11	00:11:27.898	0.93388	0.93558			6
2025.12.11	00:11:28.865	0.93445	0.93554			6
2025.12.11	00:11:31.076		0.93553			4
2025.12.11	00:11:31.992		0.93557			4
2025.12.11	00:11:32.692		0.93554			4
2025.12.11	00:11:34.144	0.93388	0.93558			6
2025.12.11	00:11:35.086	0.93445	0.93554			6
2025.12.11	00:11:41.899		0.93563			4
2025.12.11	00:12:01.040	0.93445				2
2025.12.11	00:12:02.539		0.93562			4
2025.12.11	00:12:25.639		0.93561			4
2025.12.11	00:12:50.317		0.93562			4
2025.12.11	00:12:53.300		0.93561			4
2025.12.11	00:13:03.499	0.93445				2
2025.12.11	00:13:25.836		0.93560			4
2025.12.11	00:14:00.441	0.93445				2
2025.12.11	00:14:20.239		0.93559			4
2025.12.11	00:14:44.600		0.93558			4
2025.12.11	00:15:01.408	0.93445				2
2025.12.11	00:15:37.339		0.93557			4
2025.12.11	00:15:43.358		0.93558			4
2025.12.11	00:16:01.340	0.93445				2
2025.12.11	00:16:03.440		0.93557			4
2025.12.11	00:16:24.440		0.93556			4
2025.12.11	00:16:24.880		0.93551			4
2025.12.11	00:16:26.663		0.93546			4
2025.12.11	00:16:34.938		0.93547			4
2025.12.11	00:16:39.027		0.93548			4
2025.12.11	00:16:39.531		0.93553			4
2025.12.11	00:16:40.028		0.93548			4
2025.12.11	00:16:40.530		0.93553			4
2025.12.11	00:16:41.027		0.93548			4
2025.12.11	00:16:41.531		0.93553			4
2025.12.11	00:16:42.027		0.93543			4
2025.12.11	00:16:42.528		0.93548			4
2025.12.11	00:16:42.839		0.93553			4
2025.12.11	00:16:43.319		0.93543			4
2025.12.11	00:16:43.819		0.93548			4
2025.12.11	00:16:44.321		0.93553			4
2025.12.11	00:16:44.628		0.93543			4
2025.12.11	00:16:45.129		0.93548			4
2025.12.11	00:16:45.440		0.93553			4
2025.12.11	00:16:45.940		0.93548			4
2025.12.11	00:16:46.438		0.93553			4
2025.12.11	00:16:46.938		0.93548			4
2025.12.11	00:16:47.438		0.93553			4
2025.12.11	00:16:47.937		0.93548			4
2025.12.11	00:16:48.440		0.93553			4
2025.12.11	00:16:48.937		0.93548			4
2025.12.11	00:16:49.438		0.93553			4
2025.12.11	00:16:49.937		0.93549			4
2025.12.11	00:16:50.439		0.93553			4
2025.12.11	00:16:50.938		0.93549			4
2025.12.11	00:16:51.439		0.93554			4
2025.12.11	00:16:51.939		0.93544			4
2025.12.11	00:16:52.440		0.93548			4
2025.12.11	00:16:52.747		0.93554			4
2025.12.11	00:16:53.240		0.93544			4
2025.12.11	00:16:53.740		0.93548			4
2025.12.11	00:16:54.138		0.93549			4
2025.12.11	00:17:00.216	0.93445	0.93554			6
2025.12.11	00:17:00.697		0.93550			4
2025.12.11	00:17:01.695		0.93554			4
2025.12.11	00:17:02.014		0.93544			4
2025.12.11	00:17:02.514		0.93549			4
2025.12.11	00:17:02.818		0.93550			4
2025.12.11	00:17:10.318		0.93554			4
2025.12.11	00:17:10.638		0.93544			4
2025.12.11	00:17:11.278		0.93551			4
2025.12.11	00:17:16.176		0.93554			4
2025.12.11	00:17:16.581		0.93550			4
2025.12.11	00:17:17.092		0.93554			4
2025.12.11	00:17:17.490		0.93550			4
2025.12.11	00:17:19.638		0.93551			4
2025.12.11	00:17:20.811	0.93443				2
2025.12.11	00:17:23.935		0.93544			4
2025.12.11	00:17:24.438		0.93550			4
2025.12.11	00:17:25.763		0.93544			4
2025.12.11	00:17:26.519		0.93551			4
2025.12.11	00:17:27.047		0.93545			4
2025.12.11	00:17:27.353		0.93543			4
2025.12.11	00:17:27.853		0.93550			4
2025.12.11	00:17:28.373		0.93545			4
2025.12.11	00:17:29.174		0.93551			4
2025.12.11	00:17:29.938		0.93545			4
2025.12.11	00:17:30.609		0.93551			4
2025.12.11	00:17:30.917		0.93545			4
2025.12.11	00:17:31.989		0.93551			4
2025.12.11	00:17:32.329		0.93545			4
2025.12.11	00:17:32.808		0.93544			4
2025.12.11	00:17:33.307		0.93551			4
2025.12.11	00:17:33.667		0.93545			4
2025.12.11	00:17:34.142		0.93544			4
2025.12.11	00:17:34.643		0.93551			4
2025.12.11	00:17:39.667		0.93546			4
2025.12.11	00:17:40.396		0.93552			4
2025.12.11	00:17:41.889		0.93546			4
2025.12.11	00:17:42.485		0.93545			4
2025.12.11	00:17:42.983		0.93552			4
2025.12.11	00:17:46.638		0.93553			4
2025.12.11	00:17:50.318		0.93557			4
2025.12.11	00:17:50.792		0.93546			4
2025.12.11	00:17:51.293		0.93553			4
2025.12.11	00:17:51.679		0.93546			4
2025.12.11	00:17:52.152		0.93545			4
2025.12.11	00:17:52.652		0.93557			4
2025.12.11	00:17:53.415		0.93546			4
2025.12.11	00:17:53.915		0.93553			4
2025.12.11	00:17:54.340		0.93557			4
2025.12.11	00:17:54.720		0.93554			4
2025.12.11	00:17:55.038	0.93495	0.93581			6
2025.12.11	00:17:58.399	0.93449	0.93560			6
2025.12.11	00:17:58.701		0.93554			4
2025.12.11	00:18:00.028	0.93449	0.93555			6
2025.12.11	00:18:01.100		0.93554			4
2025.12.11	00:18:01.639		0.93555			4
2025.12.11	00:18:02.098		0.93554			4
2025.12.11	00:18:04.938		0.93557			4
2025.12.11	00:18:08.240	0.93459	0.93564			6
2025.12.11	00:18:12.440		0.93565			4
2025.12.11	00:18:13.700		0.93564			4
2025.12.11	00:18:15.139		0.93565			4
2025.12.11	00:18:20.118		0.93568			4
2025.12.11	00:18:20.618		0.93561			4
2025.12.11	00:18:21.117		0.93568			4
2025.12.11	00:18:21.465		0.93564			4
2025.12.11	00:18:34.100		0.93565			4
2025.12.11	00:18:34.937		0.93562			4
2025.12.11	00:18:39.635		0.93572			4
2025.12.11	00:18:45.438		0.93573			4
2025.12.11	00:18:51.785		0.93581			4
2025.12.11	00:18:55.639		0.93582			4
2025.12.11	00:19:00.947	0.93459				2
2025.12.11	00:19:08.425	0.93458				2
2025.12.11	00:19:21.874		0.93583			4
2025.12.11	00:19:27.304		0.93573			4
2025.12.11	00:19:28.603		0.93572			4
2025.12.11	00:19:34.583		0.93573			4
2025.12.11	00:20:00.738	0.93458				2
2025.12.11	00:20:08.425	0.93459				2
2025.12.11	00:20:15.720		0.93572			4
2025.12.11	00:21:01.999	0.93459				2
2025.12.11	00:21:02.995		0.93574			4
2025.12.11	00:21:28.639		0.93575			4
2025.12.11	00:21:43.030		0.93585			4
2025.12.11	00:21:46.128		0.93587			4
2025.12.11	00:21:48.430		0.93573			4
2025.12.11	00:22:01.400	0.93459				2
2025.12.11	00:22:23.539		0.93574			4
2025.12.11	00:22:36.699		0.93601			4
2025.12.11	00:22:42.199		0.93600			4
2025.12.11	00:22:42.800		0.93599			4
2025.12.11	00:22:43.118		0.93598			4
2025.12.11	00:22:43.430		0.93597			4
2025.12.11	00:22:43.846		0.93596			4
2025.12.11	00:22:45.201		0.93595			4
2025.12.11	00:22:45.775		0.93594			4
2025.12.11	00:22:46.099		0.93593			4
2025.12.11	00:22:49.038		0.93592			4
2025.12.11	00:22:50.540		0.93591			4
2025.12.11	00:22:52.040		0.93588			4
2025.12.11	00:22:52.399		0.93589			4
2025.12.11	00:22:53.239		0.93588			4
2025.12.11	00:22:54.139		0.93587			4
2025.12.11	00:22:55.100		0.93586			4
2025.12.11	00:22:55.638		0.93574			4
2025.12.11	00:23:00.201	0.93459				2
2025.12.11	00:23:19.705		0.93575			4
2025.12.11	00:23:42.580		0.93573			4
2025.12.11	00:23:58.580	0.93456				2
2025.12.11	00:24:00.499	0.93456				2
2025.12.11	00:24:46.209		0.93571			4
2025.12.11	00:24:47.210		0.93573			4
2025.12.11	00:24:47.671		0.93571			4
2025.12.11	00:24:48.670		0.93573			4
2025.12.11	00:24:49.375		0.93577			4
2025.12.11	00:24:49.873		0.93571			4
2025.12.11	00:24:50.866		0.93570			4
2025.12.11	00:24:51.500		0.93568			4
2025.12.11	00:24:54.453		0.93569			4
2025.12.11	00:25:00.374	0.93456				2
2025.12.11	00:25:03.138		0.93570			4
2025.12.11	00:25:09.139		0.93571			4
2025.12.11	00:25:40.339		0.93572			4
2025.12.11	00:25:43.099		0.93571			4
2025.12.11	00:25:48.138		0.93572			4
2025.12.11	00:25:53.188		0.93571			4
2025.12.11	00:25:58.552	0.93457				2
2025.12.11	00:26:01.244	0.93457	0.93572			6
2025.12.11	00:26:09.152		0.93571			4
2025.12.11	00:26:11.300		0.93572			4
2025.12.11	00:26:23.299		0.93571			4
2025.12.11	00:26:25.137		0.93568			4
2025.12.11	00:26:26.944		0.93567			4
2025.12.11	00:26:28.077		0.93571			4
2025.12.11	00:26:41.240		0.93572			4
2025.12.11	00:26:41.775		0.93571			4
2025.12.11	00:26:48.584		0.93572			4
2025.12.11	00:26:51.917		0.93571			4
2025.12.11	00:26:53.537		0.93572			4
2025.12.11	00:26:59.818		0.93571			4
2025.12.11	00:27:01.407	0.93457				2
2025.12.11	00:27:02.000		0.93572			4
2025.12.11	00:27:09.918		0.93571			4
2025.12.11	00:27:12.196		0.93572			4
2025.12.11	00:27:20.027		0.93571			4
2025.12.11	00:27:22.340		0.93572			4
2025.12.11	00:27:50.078		0.93573			4
2025.12.11	00:27:52.399		0.93572			4
2025.12.11	00:27:52.732		0.93573			4
2025.12.11	00:27:58.392	0.93436				2
2025.12.11	00:28:00.570	0.93436				2
2025.12.11	00:28:02.848		0.93572			4
2025.12.11	00:28:04.400		0.93573			4
2025.12.11	00:28:17.299		0.93572			4
2025.12.11	00:28:19.637		0.93571			4
2025.12.11	00:28:21.340		0.93572			4
2025.12.11	00:28:31.361	0.93409				2
2025.12.11	00:28:32.110	0.93433				2
2025.12.11	00:28:47.258	0.93411				2
2025.12.11	00:28:48.007	0.93454				2
2025.12.11	00:28:50.239		0.93571			4
2025.12.11	00:29:00.569	0.93454				2
2025.12.11	00:29:05.838		0.93570			4
2025.12.11	00:29:15.029	0.93469	0.93571			6
2025.12.11	00:30:00.386	0.93469	0.93569			6
2025.12.11	00:30:07.050		0.93571			4
2025.12.11	00:30:11.383		0.93572			4
2025.12.11	00:30:13.638		0.93573			4
2025.12.11	00:30:23.186		0.93576			4
2025.12.11	00:30:24.983		0.93579			4
2025.12.11	00:30:28.049		0.93581			4
2025.12.11	00:30:33.462	0.93445	0.93580			6
2025.12.11	00:30:35.031		0.93579			4
2025.12.11	00:30:35.452	0.93438				2
2025.12.11	00:30:38.187	0.93444	0.93582			6
2025.12.11	00:30:38.956		0.93581			4
2025.12.11	00:30:42.539	0.93447				2
2025.12.11	00:30:48.580		0.93582			4
2025.12.11	00:30:50.730		0.93583			4
2025.12.11	00:30:53.186	0.93458	0.93587			6
2025.12.11	00:30:54.439		0.93588			4
2025.12.11	00:30:58.699		0.93587			4
2025.12.11	00:31:00.431	0.93458	0.93588			6
2025.12.11	00:31:04.400		0.93587			4
2025.12.11	00:31:08.188	0.93462	0.93588			6
2025.12.11	00:31:13.770	0.93457	0.93587			6
2025.12.11	00:31:15.438		0.93586			4
2025.12.11	00:31:18.435	0.93461				2
2025.12.11	00:31:21.438		0.93585			4
2025.12.11	00:31:23.188	0.93457				2
2025.12.11	00:31:24.599	0.93458				2
2025.12.11	00:31:25.089	0.93461				2
2025.12.11	00:31:29.758		0.93582			4
2025.12.11	00:31:30.501		0.93585			4
2025.12.11	00:31:31.206		0.93582			4
2025.12.11	00:31:32.184		0.93585			4
2025.12.11	00:31:32.528		0.93582			4
2025.12.11	00:31:32.970		0.93585			4
2025.12.11	00:31:34.877		0.93583			4
2025.12.11	00:31:35.839		0.93582			4
2025.12.11	00:31:38.027		0.93583			4
2025.12.11	00:31:40.126	0.93457	0.93574			6
2025.12.11	00:31:41.648		0.93575			4
2025.12.11	00:31:43.049		0.93574			4
2025.12.11	00:31:55.129		0.93573			4
2025.12.11	00:32:00.329	0.93456				2
2025.12.11	00:32:00.647	0.93458	0.93571			6
2025.12.11	00:32:10.131	0.93460	0.93570			6
2025.12.11	00:32:17.537		0.93569			4
2025.12.11	00:32:26.837		0.93568			4
2025.12.11	00:32:29.299		0.93567			4
2025.12.11	00:32:39.550	0.93459	0.93570			6
2025.12.11	00:32:41.126		0.93569			4
2025.12.11	00:32:47.839		0.93568			4
2025.12.11	00:32:49.099		0.93569			4
2025.12.11	00:32:51.437		0.93568			4
2025.12.11	00:33:00.891	0.93459				2
2025.12.11	00:33:06.336	0.93456				2
2025.12.11	00:33:16.787	0.93455				2
2025.12.11	00:33:25.128		0.93567			4
2025.12.11	00:33:33.340	0.93458				2
2025.12.11	00:33:35.276		0.93568			4
2025.12.11	00:33:36.199		0.93567			4
2025.12.11	00:33:36.888		0.93568			4
2025.12.11	00:33:37.779		0.93567			4
2025.12.11	00:33:40.776		0.93566			4
2025.12.11	00:33:56.539		0.93565			4
2025.12.11	00:33:59.898		0.93566			4
2025.12.11	00:34:00.799	0.93459				2
2025.12.11	00:34:03.799		0.93565			4
2025.12.11	00:34:08.647	0.93463				2
2025.12.11	00:34:10.089	0.93465	0.93566			6
2025.12.11	00:34:10.934	0.93467				2
2025.12.11	00:34:13.338		0.93565			4
2025.12.11	00:34:19.068	0.93468				2
2025.12.11	00:34:20.237		0.93564			4
2025.12.11	00:34:22.969		0.93565			4
2025.12.11	00:34:25.130		0.93564			4
2025.12.11	00:34:28.190	0.93465				2
2025.12.11	00:34:35.238		0.93563			4
2025.12.11	00:34:35.678	0.93469				2
2025.12.11	00:34:36.851	0.93465	0.93556			6
2025.12.11	00:34:37.518	0.93466				2
2025.12.11	00:34:39.477	0.93465				2
2025.12.11	00:34:39.969		0.93557			4
2025.12.11	00:34:40.409	0.93464				2
2025.12.11	00:34:40.778	0.93465				2
2025.12.11	00:34:49.039		0.93556			4
2025.12.11	00:34:49.976		0.93557			4
2025.12.11	00:34:50.752	0.93464				2
2025.12.11	00:34:51.774		0.93556			4
2025.12.11	00:34:53.838		0.93555			4
2025.12.11	00:35:02.238	0.93466				2
2025.12.11	00:35:04.451		0.93552			4
2025.12.11	00:35:04.957	0.93461				2
2025.12.11	00:35:05.897	0.93462				2
2025.12.11	00:35:06.856	0.93461	0.93551			6
2025.12.11	00:35:07.699	0.93460	0.93552			6
2025.12.11	00:35:09.502		0.93551			4
2025.12.11	00:35:11.428	0.93461				2
2025.12.11	00:35:12.492	0.93460				2
2025.12.11	00:35:17.053	0.93456				2
2025.12.11	00:35:22.639		0.93550			4
2025.12.11	00:35:24.617	0.93459				2
2025.12.11	00:35:25.400		0.93551			4
2025.12.11	00:35:26.810		0.93550			4
2025.12.11	00:35:29.950	0.93456	0.93549			6
2025.12.11	00:35:31.868		0.93550			4
2025.12.11	00:35:34.338		0.93549			4
2025.12.11	00:35:36.659		0.93551			4
2025.12.11	00:35:37.954	0.93459				2
2025.12.11	00:35:39.500		0.93552			4
2025.12.11	00:35:41.840		0.93551			4
2025.12.11	00:35:42.503	0.93486	0.93554			6
2025.12.11	00:35:44.942	0.93472	0.93553			6
2025.12.11	00:35:47.540		0.93554			4
2025.12.11	00:35:49.302		0.93552			4
2025.12.11	00:35:49.817	0.93462				2
2025.12.11	00:35:50.899		0.93551			4
2025.12.11	00:35:55.381	0.93460	0.93552			6
2025.12.11	00:35:55.743	0.93471				2
2025.12.11	00:35:56.237		0.93553			4
2025.12.11	00:35:59.347	0.93486	0.93554			6
2025.12.11	00:36:00.315	0.93486	0.93555			6
2025.12.11	00:36:01.618		0.93557			4
2025.12.11	00:36:05.807		0.93555			4
2025.12.11	00:36:06.812		0.93556			4
2025.12.11	00:36:08.255		0.93572			4
2025.12.11	00:36:12.507		0.93575			4
2025.12.11	00:36:14.086	0.93487				2
2025.12.11	00:36:17.016	0.93488				2
2025.12.11	00:36:19.329	0.93491				2
2025.12.11	00:36:20.538	0.93489				2
2025.12.11	00:36:21.855	0.93491				2
2025.12.11	00:36:27.735	0.93489				2
2025.12.11	00:36:28.617	0.93488				2
2025.12.11	00:36:28.938	0.93487				2
2025.12.11	00:36:29.301		0.93576			4
2025.12.11	00:36:34.163		0.93577			4
2025.12.11	00:36:35.067		0.93578			4
2025.12.11	00:36:35.389		0.93577			4
2025.12.11	00:36:35.899	0.93488	0.93576			6
2025.12.11	00:36:41.109		0.93579			4
2025.12.11	00:36:43.803	0.93485	0.93556			6
2025.12.11	00:36:44.346	0.93486				2
2025.12.11	00:36:47.135	0.93479				2
2025.12.11	00:36:47.437	0.93475	0.93554			6
2025.12.11	00:36:47.886		0.93553			4
2025.12.11	00:36:48.413		0.93554			4
2025.12.11	00:36:48.747	0.93477				2
2025.12.11	00:36:50.315		0.93555			4
2025.12.11	00:36:52.337	0.93479	0.93554			6
2025.12.11	00:36:55.600		0.93555			4
2025.12.11	00:37:01.794	0.93483	0.93557			6
2025.12.11	00:37:03.489	0.93486				2
2025.12.11	00:37:08.392		0.93556			4
2025.12.11	00:37:28.867		0.93557			4
2025.12.11	00:37:38.840		0.93556			4
2025.12.11	00:37:40.797		0.93557			4
2025.12.11	00:37:43.340		0.93556			4
2025.12.11	00:37:45.238		0.93557			4
2025.12.11	00:38:01.407	0.93486				2
2025.12.11	00:38:10.638		0.93556			4
2025.12.11	00:38:11.868		0.93560			4
2025.12.11	00:38:19.095		0.93559			4
2025.12.11	00:38:21.855		0.93558			4
2025.12.11	00:38:22.998		0.93557			4
2025.12.11	00:38:25.099		0.93558			4
2025.12.11	00:38:25.939		0.93548			4
2025.12.11	00:38:26.663		0.93547			4
2025.12.11	00:38:27.078	0.93482				2
2025.12.11	00:38:27.738		0.93548			4
2025.12.11	00:38:28.249		0.93547			4
2025.12.11	00:38:30.316	0.93483	0.93548			6
2025.12.11	00:38:30.640		0.93547			4
2025.12.11	00:38:31.407	0.93491	0.93569			6
2025.12.11	00:38:31.745	0.93489				2
2025.12.11	00:38:32.095	0.93488				2
2025.12.11	00:38:33.186	0.93484	0.93578			6
2025.12.11	00:38:33.552	0.93487				2
2025.12.11	00:38:34.223		0.93583			4
2025.12.11	00:38:35.495	0.93488	0.93580			6
2025.12.11	00:38:35.936	0.93490				2
2025.12.11	00:38:37.500	0.93489				2
2025.12.11	00:38:40.339	0.93490				2
2025.12.11	00:38:40.862		0.93578			4
2025.12.11	00:38:43.645		0.93569			4
2025.12.11	00:38:44.838	0.93491				2
2025.12.11	00:38:48.552	0.93492				2
2025.12.11	00:38:49.112		0.93568			4
2025.12.11	00:38:51.438	0.93493				2
2025.12.11	00:38:58.857		0.93570			4
2025.12.11	00:39:00.440	0.93493				2
2025.12.11	00:39:03.555	0.93494	0.93567			6
2025.12.11	00:39:08.839	0.93492				2
2025.12.11	00:39:09.145	0.93494				2
2025.12.11	00:39:10.018	0.93496				2
2025.12.11	00:39:13.671		0.93576			4
2025.12.11	00:39:15.471	0.93499	0.93578			6
2025.12.11	00:39:18.556	0.93496	0.93580			6
2025.12.11	00:39:19.157	0.93495				2
2025.12.11	00:39:24.140	0.93493				2
2025.12.11	00:39:25.063	0.93494				2
2025.12.11	00:39:28.255	0.93496				2
2025.12.11	00:39:28.756	0.93494	0.93579			6
2025.12.11	00:39:29.831	0.93502	0.93577			6
2025.12.11	00:39:30.496	0.93494				2
2025.12.11	00:39:33.554	0.93495				2
2025.12.11	00:39:34.258		0.93572			4
2025.12.11	00:39:35.331	0.93497	0.93573			6
2025.12.11	00:39:35.936		0.93574			4
2025.12.11	00:39:37.700	0.93496				2
2025.12.11	00:39:38.240	0.93497				2
2025.12.11	00:39:38.776	0.93498				2
2025.12.11	00:39:43.700	0.93500				2
2025.12.11	00:39:48.553	0.93498				2
2025.12.11	00:39:49.664		0.93576			4
2025.12.11	00:39:56.540	0.93497				2
2025.12.11	00:39:57.200	0.93498				2
2025.12.11	00:39:58.700	0.93497				2
2025.12.11	00:40:00.469	0.93498				2
2025.12.11	00:40:11.216	0.93497				2
2025.12.11	00:40:12.258	0.93495				2
2025.12.11	00:40:13.701	0.93496				2
2025.12.11	00:40:19.790	0.93495				2
2025.12.11	00:40:23.734	0.93498				2
2025.12.11	00:40:33.556	0.93496				2
2025.12.11	00:40:36.739	0.93497				2
2025.12.11	00:40:39.439	0.93496				2
2025.12.11	00:40:40.520	0.93495				2
2025.12.11	00:40:41.020	0.93497				2
2025.12.11	00:40:42.138	0.93496				2
2025.12.11	00:40:42.723	0.93497				2
2025.12.11	00:40:44.240	0.93498				2
2025.12.11	00:40:47.888		0.93572			4
2025.12.11	00:40:48.437	0.93497				2
2025.12.11	00:40:58.167		0.93576			4
2025.12.11	00:41:05.938	0.93515	0.93578			6
2025.12.11	00:41:06.257	0.93512	0.93587			6
2025.12.11	00:41:06.561	0.93514				2
2025.12.11	00:41:07.432		0.93589			4
2025.12.11	00:41:08.102		0.93581			4
2025.12.11	00:41:08.677	0.93515	0.93580			6
2025.12.11	00:41:10.443	0.93514	0.93589			6
2025.12.11	00:41:10.798	0.93513				2
2025.12.11	00:41:11.407	0.93511				2
2025.12.11	00:41:12.344	0.93514				2
2025.12.11	00:41:12.649	0.93515	0.93586			6
2025.12.11	00:41:13.421	0.93509	0.93573			6
2025.12.11	00:41:13.977	0.93510				2
2025.12.11	00:41:15.499	0.93509				2
2025.12.11	00:41:18.256	0.93508	0.93574			6
2025.12.11	00:41:32.952	0.93509				2
2025.12.11	00:41:37.969		0.93573			4
2025.12.11	00:41:44.929	0.93507	0.93575			6
2025.12.11	00:41:51.737	0.93508				2
2025.12.11	00:41:58.782	0.93507				2
2025.12.11	00:42:00.670	0.93507				2
2025.12.11	00:42:02.662		0.93574			4
2025.12.11	00:42:08.249	0.93508				2
2025.12.11	00:42:11.000	0.93509				2
2025.12.11	00:42:19.605		0.93585			4
2025.12.11	00:42:20.900	0.93508				2
2025.12.11	00:42:23.263	0.93509				2
2025.12.11	00:42:32.538	0.93510				2
2025.12.11	00:42:38.256		0.93588			4
2025.12.11	00:42:49.293	0.93511				2
2025.12.11	00:42:58.252	0.93509	0.93586			6
2025.12.11	00:43:00.231	0.93509				2
2025.12.11	00:43:01.937	0.93510				2
2025.12.11	00:43:11.540	0.93511				2
2025.12.11	00:43:13.937	0.93512				2
2025.12.11	00:43:19.970	0.93511				2
2025.12.11	00:43:35.900	0.93512				2
2025.12.11	00:43:36.438	0.93511				2
2025.12.11	00:43:38.252	0.93510				2
2025.12.11	00:43:41.268	0.93511				2
2025.12.11	00:43:48.198	0.93512				2
2025.12.11	00:43:50.597		0.93582			4
2025.12.11	00:44:00.411	0.93512				2
2025.12.11	00:44:02.706	0.93511				2
2025.12.11	00:44:04.594	0.93512				2
2025.12.11	00:44:17.706	0.93511				2
2025.12.11	00:44:28.256	0.93512				2
2025.12.11	00:44:30.215	0.93511				2
2025.12.11	00:44:34.326	0.93512				2
2025.12.11	00:44:45.248	0.93514	0.93588			6
2025.12.11	00:44:51.396	0.93513				2
2025.12.11	00:44:53.256	0.93512				2
2025.12.11	00:44:53.761	0.93511				2
2025.12.11	00:44:58.331		0.93586			4
2025.12.11	00:44:59.361	0.93513				2
2025.12.11	00:45:01.098	0.93512				2
2025.12.11	00:45:01.406	0.93513				2
2025.12.11	00:45:02.637	0.93514				2
2025.12.11	00:45:03.041	0.93488	0.93600			6
2025.12.11	00:45:06.487	0.93515	0.93586			6
2025.12.11	00:45:08.256		0.93588			4
2025.12.11	00:45:08.598	0.93516				2
2025.12.11	00:45:11.738	0.93534	0.93570			6
2025.12.11	00:45:14.607	0.93533				2
2025.12.11	00:45:16.394	0.93534				2
2025.12.11	00:45:16.783	0.93533				2
2025.12.11	00:45:17.188	0.93535				2
2025.12.11	00:45:22.385	0.93534				2
2025.12.11	00:45:22.825	0.93535				2
2025.12.11	00:45:23.400	0.93533				2
2025.12.11	00:45:24.917	0.93535				2
2025.12.11	00:45:26.448	0.93533				2
2025.12.11	00:45:27.784	0.93534				2
2025.12.11	00:45:28.249	0.93536				2
2025.12.11	00:45:29.842	0.93535				2
2025.12.11	00:45:32.281	0.93534				2
2025.12.11	00:45:35.643	0.93535				2
2025.12.11	00:45:36.553	0.93537				2
2025.12.11	00:45:37.794	0.93536				2
2025.12.11	00:45:38.810	0.93537				2
2025.12.11	00:45:43.440	0.93538				2
2025.12.11	00:45:47.636	0.93539				2
2025.12.11	00:45:54.081	0.93538				2
2025.12.11	00:46:00.906	0.93539				2
2025.12.11	00:46:02.302	0.93538				2
2025.12.11	00:46:02.637	0.93535				2
2025.12.11	00:46:03.406		0.93562			4
2025.12.11	00:46:04.306	0.93536				2
2025.12.11	00:46:07.534	0.93535				2
2025.12.11	00:46:08.548	0.93536				2
2025.12.11	00:46:10.384		0.93561			4
2025.12.11	00:46:11.600	0.93535				2
2025.12.11	00:46:11.917	0.93536				2
2025.12.11	00:46:15.431	0.93504				2
2025.12.11	00:46:18.255		0.93564			4
2025.12.11	00:46:18.687		0.93565			4
2025.12.11	00:46:19.807		0.93566			4
2025.12.11	00:46:28.244		0.93562			4
2025.12.11	00:46:29.364		0.93560			4
2025.12.11	00:46:31.784		0.93558			4
2025.12.11	00:46:32.790		0.93559			4
2025.12.11	00:46:33.785		0.93558			4
2025.12.11	00:46:37.893		0.93559			4
2025.12.11	00:46:39.726		0.93558			4
2025.12.11	00:46:46.535		0.93565			4
2025.12.11	00:46:54.475		0.93564			4
2025.12.11	00:46:58.255		0.93563			4
2025.12.11	00:47:02.281	0.93504				2
2025.12.11	00:47:03.208	0.93482	0.93568			6
2025.12.11	00:47:06.636	0.93504	0.93563			6
2025.12.11	00:47:11.538		0.93562			4
2025.12.11	00:47:29.367		0.93556			4
2025.12.11	00:47:29.727		0.93553			4
2025.12.11	00:47:38.247		0.93557			4
2025.12.11	00:47:44.364		0.93560			4
2025.12.11	00:47:48.250		0.93559			4
2025.12.11	00:48:00.602	0.93504	0.93560			6
2025.12.11	00:48:04.117		0.93559			4
2025.12.11	00:48:28.040		0.93560			4
2025.12.11	00:48:34.300	0.93529	0.93568			6
2025.12.11	00:48:34.739	0.93528	0.93559			6
2025.12.11	00:48:35.299	0.93494	0.93556			6
2025.12.11	00:48:35.684	0.93498				2
2025.12.11	00:48:38.901		0.93557			4
2025.12.11	00:48:41.794	0.93504				2
2025.12.11	00:48:49.399		0.93556			4
2025.12.11	00:48:59.365		0.93555			4
2025.12.11	00:48:59.866		0.93554			4
2025.12.11	00:49:02.539	0.93504				2
2025.12.11	00:49:17.321		0.93556			4
2025.12.11	00:49:29.365		0.93555			4
2025.12.11	00:49:30.912		0.93556			4
2025.12.11	00:49:46.497		0.93557			4
2025.12.11	00:49:48.252		0.93556			4
2025.12.11	00:49:51.301	0.93528	0.93557			6
2025.12.11	00:49:52.401	0.93504				2
2025.12.11	00:50:01.068	0.93504				2
2025.12.11	00:50:11.910	0.93530				2
2025.12.11	00:50:12.910	0.93528				2
2025.12.11	00:50:13.264	0.93527	0.93559			6
2025.12.11	00:50:14.034	0.93504	0.93558			6
2025.12.11	00:50:14.362		0.93557			4
2025.12.11	00:50:15.141		0.93560			4
2025.12.11	00:50:15.608		0.93563			4
2025.12.11	00:50:15.917		0.93565			4
2025.12.11	00:50:17.645		0.93566			4
2025.12.11	00:50:17.986		0.93567			4
2025.12.11	00:50:18.648		0.93566			4
2025.12.11	00:50:19.386		0.93567			4
2025.12.11	00:50:29.366		0.93563			4
2025.12.11	00:50:29.798		0.93560			4
2025.12.11	00:50:55.508		0.93561			4
2025.12.11	00:51:02.525	0.93528	0.93557			6
2025.12.11	00:51:02.831		0.93559			4
2025.12.11	00:51:03.590	0.93504	0.93561			6
2025.12.11	00:51:03.918	0.93527	0.93562			6
2025.12.11	00:51:04.221		0.93561			4
2025.12.11	00:51:06.239	0.93504	0.93558			6
2025.12.11	00:51:06.591	0.93503	0.93561			6
2025.12.11	00:51:06.898		0.93558			4
2025.12.11	00:51:07.321	0.93504				2
2025.12.11	00:51:07.831		0.93557			4
2025.12.11	00:51:09.825		0.93558			4
2025.12.11	00:51:10.318		0.93559			4
2025.12.11	00:51:12.813		0.93561			4
2025.12.11	00:51:17.244		0.93557			4
2025.12.11	00:51:26.180	0.93532	0.93565			6
2025.12.11	00:51:27.178	0.93504	0.93560			6
2025.12.11	00:51:27.679		0.93561			4
2025.12.11	00:51:28.181		0.93562			4
2025.12.11	00:51:29.398		0.93561			4
2025.12.11	00:51:33.747		0.93562			4
2025.12.11	00:51:37.985		0.93563			4
2025.12.11	00:51:38.307		0.93562			4
2025.12.11	00:51:41.261		0.93563			4
2025.12.11	00:51:43.573	0.93533	0.93568			6
2025.12.11	00:51:44.011		0.93565			4
2025.12.11	00:51:45.577	0.93532				2
2025.12.11	00:51:46.952	0.93531				2
2025.12.11	00:51:49.386	0.93532				2
2025.12.11	00:51:54.371	0.93535				2
2025.12.11	00:51:58.245		0.93567			4
2025.12.11	00:52:01.409	0.93535				2
2025.12.11	00:52:06.757	0.93534				2
2025.12.11	00:52:09.139	0.93535				2
2025.12.11	00:52:14.367		0.93573			4
2025.12.11	00:52:38.254	0.93536				2
2025.12.11	00:52:39.615	0.93537				2
2025.12.11	00:52:44.368	0.93538				2
2025.12.11	00:52:50.057	0.93504	0.93566			6
2025.12.11	00:52:51.724		0.93564			4
2025.12.11	00:52:56.840		0.93563			4
2025.12.11	00:52:57.602		0.93562			4
2025.12.11	00:53:00.440	0.93504				2
2025.12.11	00:53:09.729		0.93563			4
2025.12.11	00:53:22.938		0.93562			4
2025.12.11	00:53:28.002		0.93564			4
2025.12.11	00:53:29.373		0.93562			4
2025.12.11	00:53:30.200		0.93561			4
2025.12.11	00:53:30.894		0.93560			4
2025.12.11	00:53:31.284		0.93561			4
2025.12.11	00:53:44.369		0.93560			4
2025.12.11	00:53:50.335		0.93561			4
2025.12.11	00:53:51.104		0.93562			4
2025.12.11	00:53:54.728		0.93560			4
2025.12.11	00:53:56.231		0.93561			4
2025.12.11	00:54:00.485	0.93504	0.93562			6
2025.12.11	00:54:04.888		0.93563			4
2025.12.11	00:54:08.387		0.93562			4
2025.12.11	00:54:09.731		0.93563			4
2025.12.11	00:54:26.540		0.93565			4
2025.12.11	00:54:39.728		0.93561			4
2025.12.11	00:54:50.532		0.93560			4
2025.12.11	00:54:51.617		0.93559			4
2025.12.11	00:54:54.731		0.93558			4
2025.12.11	00:55:02.280	0.93504				2
2025.12.11	00:55:04.495		0.93556			4
2025.12.11	00:55:05.689		0.93558			4
2025.12.11	00:55:06.712		0.93559			4
2025.12.11	00:55:08.244		0.93557			4
2025.12.11	00:55:09.367		0.93556			4
2025.12.11	00:55:14.370		0.93555			4
2025.12.11	00:55:20.560		0.93558			4
2025.12.11	00:55:21.365		0.93559			4
2025.12.11	00:55:24.727		0.93557			4
2025.12.11	00:55:26.041		0.93558			4
2025.12.11	00:55:35.280		0.93562			4
2025.12.11	00:55:47.408		0.93561			4
2025.12.11	00:56:00.374	0.93504	0.93560			6
2025.12.11	00:56:03.933		0.93561			4
2025.12.11	00:56:07.122		0.93562			4
2025.12.11	00:56:16.099		0.93561			4
2025.12.11	00:56:17.538		0.93562			4
2025.12.11	00:56:18.255		0.93564			4
2025.12.11	00:56:18.811		0.93565			4
2025.12.11	00:56:44.559		0.93566			4
2025.12.11	00:56:47.000		0.93567			4
2025.12.11	00:57:00.411	0.93504				2
2025.12.11	00:57:05.480		0.93566			4
2025.12.11	00:57:27.500		0.93567			4
2025.12.11	00:57:30.463		0.93566			4
2025.12.11	00:57:30.779		0.93559			4
2025.12.11	00:57:31.177		0.93563			4
2025.12.11	00:57:31.772		0.93564			4
2025.12.11	00:57:33.257		0.93565			4
2025.12.11	00:57:44.424		0.93567			4
2025.12.11	00:57:45.826		0.93566			4
2025.12.11	00:57:52.682		0.93569			4
2025.12.11	00:57:53.783		0.93570			4
2025.12.11	00:57:57.249		0.93571			4
2025.12.11	00:57:57.848	0.93505	0.93570			6
2025.12.11	00:58:00.315	0.93505				2
2025.12.11	00:58:02.384	0.93504				2
2025.12.11	00:58:03.075		0.93572			4
2025.12.11	00:58:03.478		0.93573			4
2025.12.11	00:58:04.278		0.93574			4
2025.12.11	00:58:04.677		0.93573			4
2025.12.11	00:58:05.075		0.93574			4
2025.12.11	00:58:05.474		0.93571			4
2025.12.11	00:58:05.873		0.93573			4
2025.12.11	00:58:06.273		0.93571			4
2025.12.11	00:58:06.674		0.93566			4
2025.12.11	00:58:07.052	0.93505				2
2025.12.11	00:58:07.373	0.93504	0.93568			6
2025.12.11	00:58:07.677	0.93505	0.93567			6
2025.12.11	00:58:07.978	0.93504	0.93566			6
2025.12.11	00:58:08.672	0.93505	0.93564			6
2025.12.11	00:58:09.473		0.93566			4
2025.12.11	00:58:10.278	0.93504	0.93567			6
2025.12.11	00:58:10.672		0.93563			4
2025.12.11	00:58:11.072		0.93567			4
2025.12.11	00:58:11.391		0.93563			4
2025.12.11	00:58:11.775		0.93567			4
2025.12.11	00:58:12.273		0.93564			4
2025.12.11	00:58:12.673		0.93563			4
2025.12.11	00:58:13.872	0.93505	0.93566			6
2025.12.11	00:58:14.273		0.93563			4
2025.12.11	00:58:14.672	0.93504	0.93564			6
2025.12.11	00:58:15.073	0.93505	0.93563			6
2025.12.11	00:58:16.321	0.93504	0.93571			6
2025.12.11	00:58:19.083		0.93572			4
2025.12.11	00:58:19.586		0.93571			4
2025.12.11	00:58:20.083		0.93572			4
2025.12.11	00:58:20.585		0.93570			4
2025.12.11	00:58:21.084		0.93572			4
2025.12.11	00:58:22.854		0.93571			4
2025.12.11	00:58:26.302		0.93572			4
2025.12.11	00:58:27.548		0.93571			4
2025.12.11	00:58:27.857	0.93507				2
2025.12.11	00:58:30.431	0.93506	0.93572			6
2025.12.11	00:58:31.602	0.93505	0.93573			6
2025.12.11	00:58:32.375	0.93508				2
2025.12.11	00:58:32.746	0.93509				2
2025.12.11	00:58:34.384	0.93504				2
2025.12.11	00:58:35.481	0.93508	0.93569			6
2025.12.11	00:58:35.984	0.93509	0.93563			6
2025.12.11	00:58:39.487	0.93510				2
2025.12.11	00:58:43.419	0.93511	0.93564			6
2025.12.11	00:58:45.138	0.93509				2
2025.12.11	00:58:45.455		0.93567			4
2025.12.11	00:58:45.776	0.93510	0.93568			6
2025.12.11	00:58:46.123	0.93511	0.93566			6
2025.12.11	00:58:46.445	0.93512	0.93568			6
2025.12.11	00:58:46.752	0.93514	0.93566			6
2025.12.11	00:58:47.374		0.93567			4
2025.12.11	00:58:47.676	0.93512	0.93564			6
2025.12.11	00:58:47.977	0.93515				2
2025.12.11	00:58:48.280	0.93511	0.93570			6
2025.12.11	00:58:48.672	0.93510	0.93571			6
2025.12.11	00:58:48.977	0.93513	0.93570			6
2025.12.11	00:58:49.681	0.93510				2
2025.12.11	00:58:49.999	0.93514				2
2025.12.11	00:58:50.372	0.93513	0.93571			6
2025.12.11	00:58:50.680	0.93514	0.93570			6
2025.12.11	00:58:51.872	0.93513	0.93571			6
2025.12.11	00:58:52.672		0.93569			4
2025.12.11	00:58:52.978		0.93571			4
2025.12.11	00:58:53.774	0.93512				2
2025.12.11	00:58:54.173	0.93513	0.93568			6
2025.12.11	00:58:54.574	0.93524	0.93570			6
2025.12.11	00:58:54.912	0.93519	0.93571			6
2025.12.11	00:58:55.289		0.93572			4
2025.12.11	00:59:00.138	0.93518	0.93573			6
2025.12.11	00:59:00.481	0.93527	0.93578			6
2025.12.11	00:59:00.799	0.93524				2
2025.12.11	00:59:04.499	0.93523	0.93580			6
2025.12.11	00:59:05.379	0.93525	0.93581			6
2025.12.11	00:59:05.809	0.93527	0.93580			6
2025.12.11	00:59:08.392		0.93581			4
2025.12.11	00:59:14.372	0.93526				2
2025.12.11	00:59:15.576	0.93525	0.93582			6
2025.12.11	00:59:23.679	0.93528	0.93585			6
2025.12.11	00:59:23.996	0.93527				2
2025.12.11	00:59:28.100	0.93525				2
2025.12.11	00:59:29.540	0.93527				2
2025.12.11	00:59:30.426	0.93526				2
2025.12.11	00:59:31.379	0.93530				2
2025.12.11	00:59:42.339		0.93586			4
2025.12.11	00:59:44.980	0.93531	0.93591			6
2025.12.11	00:59:45.299	0.93536	0.93587			6
2025.12.11	00:59:45.639		0.93586			4
2025.12.11	00:59:48.673	0.93533	0.93590			6
2025.12.11	00:59:50.121	0.93531	0.93593			6
2025.12.11	00:59:52.700		0.93592			4
2025.12.11	00:59:55.342	0.93532	0.93591			6
2025.12.11	00:59:59.406	0.93529	0.93587			6
2025.12.11	00:59:59.720	0.93534	0.93586			6
2025.12.11	01:00:00.297	0.93536	0.93601			6
2025.12.11	01:00:00.601	0.93538				2
2025.12.11	01:00:00.906	0.93529				2
2025.12.11	01:00:01.240	0.93527	0.93594			6
2025.12.11	01:00:01.554	0.93533	0.93598			6
2025.12.11	01:00:01.867	0.93536	0.93597			6
2025.12.11	01:00:02.224		0.93599			4
2025.12.11	01:00:02.529	0.93509	0.93597			6
2025.12.11	01:00:02.839		0.93594			4
2025.12.11	01:00:03.218	0.93536	0.93587			6
2025.12.11	01:00:03.574	0.93522	0.93600			6
2025.12.11	01:00:03.896	0.93520	0.93599			6
2025.12.11	01:00:04.213	0.93522	0.93600			6
2025.12.11	01:00:04.527	0.93523	0.93601			6
2025.12.11	01:00:04.846		0.93600			4
2025.12.11	01:00:05.154	0.93524	0.93599			6
2025.12.11	01:00:05.460	0.93525				2
2025.12.11	01:00:06.086	0.93524	0.93600			6
2025.12.11	01:00:06.419	0.93525				2
2025.12.11	01:00:07.046		0.93599			4
2025.12.11	01:00:07.359	0.93527	0.93588			6
2025.12.11	01:00:07.778	0.93526				2
2025.12.11	01:00:09.145	0.93525	0.93586			6
2025.12.11	01:00:10.008		0.93588			4
2025.12.11	01:00:10.328	0.93533	0.93589			6
2025.12.11	01:00:10.658	0.93532	0.93591			6
2025.12.11	01:00:10.986	0.93539	0.93584			6
2025.12.11	01:00:12.151	0.93536	0.93586			6
2025.12.11	01:00:12.693		0.93587			4
2025.12.11	01:00:13.019		0.93588			4
2025.12.11	01:00:13.775	0.93534	0.93590			6
2025.12.11	01:00:14.139		0.93588			4
2025.12.11	01:00:14.461	0.93537	0.93587			6
2025.12.11	01:00:14.779	0.93536				2
2025.12.11	01:00:16.659	0.93537				2
2025.12.11	01:00:18.603	0.93538				2
2025.12.11	01:00:19.853	0.93537				2
2025.12.11	01:00:20.374	0.93538				2
2025.12.11	01:00:20.766	0.93539	0.93586			6
2025.12.11	01:00:21.801	0.93540	0.93585			6
2025.12.11	01:00:22.984		0.93584			4
2025.12.11	01:00:24.438	0.93541				2
2025.12.11	01:00:25.336	0.93542	0.93583			6
2025.12.11	01:00:26.539	0.93543	0.93582			6
2025.12.11	01:00:28.372	0.93544				2
2025.12.11	01:00:29.646	0.93545	0.93581			6
2025.12.11	01:00:30.430	0.93547	0.93580			6
2025.12.11	01:00:30.731	0.93546	0.93579			6
2025.12.11	01:00:31.331	0.93547				2
2025.12.11	01:00:32.212	0.93548	0.93578			6
2025.12.11	01:00:32.628		0.93579			4
2025.12.11	01:00:33.438	0.93549				2
2025.12.11	01:00:33.800	0.93555	0.93578			6
2025.12.11	01:00:34.108	0.93556	0.93581			6
2025.12.11	01:00:37.100	0.93555				2
2025.12.11	01:00:37.419	0.93554				2
2025.12.11	01:00:38.561	0.93555	0.93582			6
2025.12.11	01:00:38.974	0.93556	0.93583			6
2025.12.11	01:00:39.372	0.93555				2
2025.12.11	01:00:40.173	0.93553	0.93580			6
2025.12.11	01:00:40.478	0.93554	0.93584			6
2025.12.11	01:00:40.814	0.93553	0.93581			6
2025.12.11	01:00:41.229	0.93555	0.93582			6
2025.12.11	01:00:41.579	0.93556				2
2025.12.11	01:00:42.775	0.93555	0.93584			6
2025.12.11	01:00:45.874	0.93554				2
2025.12.11	01:00:48.250	0.93552	0.93577			6
2025.12.11	01:00:49.495	0.93550				2
2025.12.11	01:00:50.460	0.93547	0.93573			6
2025.12.11	01:00:50.813	0.93550	0.93574			6
2025.12.11	01:00:51.125	0.93551				2
2025.12.11	01:00:52.310	0.93549	0.93570			6
2025.12.11	01:00:52.623		0.93568			4
2025.12.11	01:00:55.123	0.93547	0.93567			6
2025.12.11	01:00:55.500	0.93546	0.93564			6
2025.12.11	01:00:56.191	0.93549	0.93578			6
2025.12.11	01:00:56.522		0.93577			4
2025.12.11	01:00:58.247	0.93544	0.93567			6
2025.12.11	01:00:59.133	0.93550	0.93583			6
2025.12.11	01:01:00.308	0.93552	0.93582			6
2025.12.11	01:01:00.651	0.93553				2
2025.12.11	01:01:00.957		0.93586			4
2025.12.11	01:01:01.444	0.93551	0.93580			6
2025.12.11	01:01:01.753	0.93554	0.93584			6
2025.12.11	01:01:03.464		0.93583			4
2025.12.11	01:01:03.873	0.93553	0.93582			6
2025.12.11	01:01:04.638		0.93583			4
2025.12.11	01:01:08.625		0.93582			4
2025.12.11	01:01:10.841	0.93552				2
2025.12.11	01:01:12.500	0.93553				2
2025.12.11	01:01:15.390	0.93552				2
2025.12.11	01:01:15.714		0.93581			4
2025.12.11	01:01:17.343	0.93550				2
2025.12.11	01:01:18.255	0.93544	0.93567			6
2025.12.11	01:01:18.924	0.93549	0.93580			6
2025.12.11	01:01:19.941	0.93543	0.93567			6
2025.12.11	01:01:20.252	0.93544	0.93566			6
2025.12.11	01:01:20.608	0.93548	0.93579			6
2025.12.11	01:01:21.819	0.93549				2
2025.12.11	01:01:25.469		0.93580			4
2025.12.11	01:01:26.795	0.93529	0.93574			6
2025.12.11	01:01:27.459	0.93537	0.93573			6
2025.12.11	01:01:28.758	0.93539				2
2025.12.11	01:01:29.462	0.93540				2
2025.12.11	01:01:30.434	0.93539				2
2025.12.11	01:01:31.827	0.93536				2
2025.12.11	01:01:33.200		0.93574			4
2025.12.11	01:01:34.148		0.93573			4
2025.12.11	01:01:42.685	0.93537	0.93572			6
2025.12.11	01:01:42.998	0.93538				2
2025.12.11	01:01:43.844	0.93537	0.93573			6
2025.12.11	01:01:49.376	0.93544				2
2025.12.11	01:01:49.772	0.93543				2
2025.12.11	01:01:50.494		0.93574			4
2025.12.11	01:01:50.872	0.93550	0.93567			6
2025.12.11	01:01:51.299	0.93549				2
2025.12.11	01:01:57.125	0.93550	0.93568			6
2025.12.11	01:01:59.239	0.93551				2
2025.12.11	01:02:00.373	0.93551				2
2025.12.11	01:02:01.638		0.93569			4
2025.12.11	01:02:04.938	0.93552	0.93568			6
2025.12.11	01:02:05.405	0.93551				2
2025.12.11	01:02:06.276	0.93553	0.93571			6
2025.12.11	01:02:06.580		0.93570			4
2025.12.11	01:02:09.520	0.93552				2
2025.12.11	01:02:13.399	0.93553	0.93569			6
2025.12.11	01:02:17.000		0.93570			4
2025.12.11	01:02:18.404		0.93571			4
2025.12.11	01:02:21.738		0.93570			4
2025.12.11	01:02:26.676		0.93571			4
2025.12.11	01:02:27.376		0.93570			4
2025.12.11	01:02:27.976		0.93571			4
2025.12.11	01:02:28.674		0.93570			4
2025.12.11	01:02:29.776		0.93571			4
2025.12.11	01:02:30.430		0.93569			4
2025.12.11	01:02:30.763		0.93570			4
2025.12.11	01:02:31.070		0.93571			4
2025.12.11	01:02:31.408	0.93552	0.93570			6
2025.12.11	01:02:31.874	0.93553				2
2025.12.11	01:02:32.180		0.93571			4
2025.12.11	01:02:32.674	0.93552	0.93568			6
2025.12.11	01:02:33.073		0.93569			4
2025.12.11	01:02:36.673	0.93553	0.93568			6
2025.12.11	01:02:37.874	0.93552				2
2025.12.11	01:02:40.674	0.93550				2
2025.12.11	01:02:42.468	0.93551				2
2025.12.11	01:02:50.735		0.93567			4
2025.12.11	01:02:58.338		0.93566			4
2025.12.11	01:03:00.379	0.93551				2
2025.12.11	01:03:01.377		0.93567			4
2025.12.11	01:03:01.709	0.93550	0.93566			6
2025.12.11	01:03:03.717	0.93549				2
2025.12.11	01:03:09.415	0.93550				2
2025.12.11	01:03:11.874	0.93552	0.93567			6
2025.12.11	01:03:15.017		0.93568			4
2025.12.11	01:03:15.388	0.93554	0.93569			6
2025.12.11	01:03:35.652	0.93552	0.93567			6
2025.12.11	01:03:38.900		0.93566			4
2025.12.11	01:03:50.526	0.93551	0.93565			6
2025.12.11	01:03:50.831		0.93564			4
2025.12.11	01:03:53.899		0.93565			4
2025.12.11	01:03:58.100	0.93550	0.93564			6
2025.12.11	01:03:58.773	0.93556	0.93571			6
2025.12.11	01:04:00.415	0.93556				2
2025.12.11	01:04:11.539		0.93570			4
2025.12.11	01:04:12.154	0.93560	0.93565			6
2025.12.11	01:04:15.252	0.93559	0.93564			6
2025.12.11	01:04:15.570	0.93555	0.93570			6
2025.12.11	01:04:16.038	0.93554				2
2025.12.11	01:04:18.424		0.93569			4
2025.12.11	01:04:19.116	0.93556	0.93571			6
2025.12.11	01:04:22.400		0.93570			4
2025.12.11	01:04:30.428	0.93557				2
2025.12.11	01:04:33.985	0.93556				2
2025.12.11	01:04:36.097	0.93560	0.93565			6
2025.12.11	01:04:39.788	0.93556	0.93570			6
2025.12.11	01:04:42.006	0.93557				2
2025.12.11	01:04:43.831		0.93569			4
2025.12.11	01:04:47.538		0.93570			4
2025.12.11	01:04:48.553	0.93558	0.93571			6
2025.12.11	01:05:00.359	0.93556	0.93569			6
2025.12.11	01:05:05.238		0.93570			4
2025.12.11	01:05:15.363	0.93557				2
2025.12.11	01:05:15.769		0.93571			4
2025.12.11	01:05:17.839		0.93570			4
2025.12.11	01:05:20.406	0.93558	0.93572			6
2025.12.11	01:05:23.000		0.93571			4
2025.12.11	01:05:27.558		0.93572			4
2025.12.11	01:05:29.418	0.93559	0.93573			6
2025.12.11	01:05:32.538	0.93558				2
2025.12.11	01:05:37.339		0.93572			4
2025.12.11	01:05:41.238	0.93559				2
2025.12.11	01:05:43.733	0.93558	0.93573			6
2025.12.11	01:05:47.300	0.93559	0.93572			6
2025.12.11	01:05:54.160	0.93560	0.93571			6
2025.12.11	01:05:54.951	0.93559				2
2025.12.11	01:05:55.256	0.93560				2
2025.12.11	01:05:55.633	0.93559				2
2025.12.11	01:05:56.396	0.93560				2
2025.12.11	01:05:56.844	0.93559				2
2025.12.11	01:05:58.948		0.93572			4
2025.12.11	01:06:00.426	0.93560				2
2025.12.11	01:06:37.614	0.93563	0.93576			6
2025.12.11	01:06:38.733		0.93574			4
2025.12.11	01:06:39.826		0.93575			4
2025.12.11	01:06:45.575	0.93564				2
2025.12.11	01:07:01.408	0.93564				2
2025.12.11	01:07:17.093		0.93576			4
2025.12.11	01:07:19.525	0.93566	0.93578			6
2025.12.11	01:07:20.747	0.93565	0.93579			6
2025.12.11	01:07:31.566	0.93566				2
2025.12.11	01:07:56.798	0.93567				2
2025.12.11	01:08:01.037	0.93567				2
2025.12.11	01:08:03.200		0.93580			4
2025.12.11	01:08:17.899	0.93568	0.93581			6
2025.12.11	01:08:18.241	0.93569	0.93582			6
2025.12.11	01:08:20.524	0.93570	0.93583			6
2025.12.11	01:08:22.079	0.93568	0.93582			6
2025.12.11	01:08:34.699		0.93581			4
2025.12.11	01:08:35.450	0.93567	0.93580			6
2025.12.11	01:08:37.039	0.93568				2
2025.12.11	01:08:49.938	0.93567				2
2025.12.11	01:08:51.498		0.93579			4
2025.12.11	01:08:52.489	0.93565	0.93580			6
2025.12.11	01:09:00.588	0.93565	0.93578			6
2025.12.11	01:09:02.610	0.93567	0.93579			6
2025.12.11	01:09:03.887	0.93566	0.93577			6
2025.12.11	01:09:08.539	0.93565				2
2025.12.11	01:09:15.367		0.93576			4
2025.12.11	01:09:16.638		0.93577			4
2025.12.11	01:09:20.437	0.93564	0.93576			6
2025.12.11	01:09:23.054	0.93561	0.93575			6
2025.12.11	01:09:23.407		0.93574			4
2025.12.11	01:09:29.238	0.93562				2
2025.12.11	01:09:30.415	0.93561				2
2025.12.11	01:09:39.830		0.93573			4
2025.12.11	01:09:40.400		0.93572			4
2025.12.11	01:09:44.523	0.93560				2
2025.12.11	01:09:45.089	0.93561				2
2025.12.11	01:09:50.579	0.93559	0.93570			6
2025.12.11	01:09:57.738	0.93558	0.93569			6
2025.12.11	01:10:00.386	0.93558	0.93570			6
2025.12.11	01:10:00.713	0.93559				2
2025.12.11	01:10:02.844	0.93560				2
2025.12.11	01:10:03.961	0.93558	0.93572			6
2025.12.11	01:10:04.338	0.93559	0.93571			6
2025.12.11	01:10:08.001	0.93560	0.93572			6
2025.12.11	01:10:16.937	0.93559				2
2025.12.11	01:10:24.888	0.93558	0.93570			6
2025.12.11	01:10:25.939		0.93569			4
2025.12.11	01:10:47.997	0.93559	0.93570			6
2025.12.11	01:10:54.204		0.93569			4
2025.12.11	01:10:54.973	0.93558	0.93570			6
2025.12.11	01:10:56.736		0.93569			4
2025.12.11	01:10:57.524	0.93559	0.93572			6
2025.12.11	01:10:58.940	0.93558	0.93571			6
2025.12.11	01:11:00.095	0.93558				2
2025.12.11	01:11:00.506	0.93555	0.93569			6
2025.12.11	01:11:02.866	0.93554	0.93568			6
2025.12.11	01:11:03.632	0.93556	0.93567			6
2025.12.11	01:11:07.638	0.93555				2
2025.12.11	01:11:10.386	0.93556				2
2025.12.11	01:11:15.380	0.93555				2
2025.12.11	01:11:16.998		0.93566			4
2025.12.11	01:11:18.278	0.93554				2
2025.12.11	01:11:22.399		0.93565			4
2025.12.11	01:11:23.540		0.93566			4
2025.12.11	01:11:28.817		0.93565			4
2025.12.11	01:11:29.900		0.93566			4
2025.12.11	01:11:35.239	0.93555	0.93565			6
2025.12.11	01:11:45.868	0.93556	0.93566			6
2025.12.11	01:11:48.561	0.93555	0.93565			6
2025.12.11	01:11:50.288		0.93566			4
2025.12.11	01:12:00.468	0.93554				2
2025.12.11	01:12:07.131		0.93565			4
2025.12.11	01:12:28.638	0.93553				2
2025.12.11	01:12:29.900	0.93554				2
2025.12.11	01:12:31.175	0.93553				2
2025.12.11	01:12:31.507	0.93554				2
2025.12.11	01:12:32.137	0.93553	0.93562			6
2025.12.11	01:12:32.439	0.93554	0.93564			6
2025.12.11	01:12:33.439		0.93565			4
2025.12.11	01:12:45.438	0.93555				2
2025.12.11	01:12:57.718	0.93554	0.93566			6
2025.12.11	01:13:00.422	0.93554				2
2025.12.11	01:13:03.462	0.93555				2
2025.12.11	01:13:08.838	0.93556				2
2025.12.11	01:13:15.372	0.93557	0.93567			6
2025.12.11	01:13:18.996	0.93556	0.93566			6
2025.12.11	01:13:31.456	0.93555	0.93567			6
2025.12.11	01:13:34.619		0.93566			4
2025.12.11	01:13:37.536		0.93567			4
2025.12.11	01:13:38.463	0.93553	0.93563			6
2025.12.11	01:13:39.478	0.93555	0.93567			6
2025.12.11	01:13:39.889	0.93554	0.93564			6
2025.12.11	01:13:40.412	0.93555	0.93567			6
2025.12.11	01:13:42.526	0.93556	0.93566			6
2025.12.11	01:13:43.190	0.93554	0.93565			6
2025.12.11	01:13:44.066	0.93555				2
2025.12.11	01:13:46.411	0.93556	0.93566			6
2025.12.11	01:13:47.208	0.93555				2
2025.12.11	01:13:49.305	0.93556				2
2025.12.11	01:13:56.530	0.93555				2
2025.12.11	01:13:59.166	0.93556				2
2025.12.11	01:14:00.008	0.93555				2
2025.12.11	01:14:01.582	0.93556				2
2025.12.11	01:14:02.110	0.93555				2
2025.12.11	01:14:03.896	0.93554				2
2025.12.11	01:14:07.193	0.93555				2
2025.12.11	01:14:15.383		0.93565			4
2025.12.11	01:14:15.790	0.93553				2
2025.12.11	01:14:16.319	0.93554	0.93564			6
2025.12.11	01:14:16.639		0.93566			4
2025.12.11	01:14:18.169	0.93555				2
2025.12.11	01:14:18.495	0.93553	0.93565			6
2025.12.11	01:14:19.913	0.93552	0.93564			6
2025.12.11	01:14:20.680	0.93553				2
2025.12.11	01:14:29.740	0.93554				2
2025.12.11	01:14:30.370	0.93553				2
2025.12.11	01:14:32.970		0.93563			4
2025.12.11	01:14:40.802	0.93554	0.93564			6
2025.12.11	01:14:42.769		0.93563			4
2025.12.11	01:14:47.477	0.93552	0.93565			6
2025.12.11	01:14:47.826	0.93553	0.93564			6
2025.12.11	01:14:49.495	0.93554				2
2025.12.11	01:14:54.180	0.93553	0.93563			6
2025.12.11	01:14:55.252	0.93552				2
2025.12.11	01:14:57.738	0.93551	0.93564			6
2025.12.11	01:14:58.618	0.93553	0.93565			6
2025.12.11	01:14:59.433	0.93552	0.93564			6
2025.12.11	01:15:00.393	0.93552				2
2025.12.11	01:15:01.344	0.93553	0.93565			6
2025.12.11	01:15:02.651		0.93564			4
2025.12.11	01:15:04.417		0.93565			4
2025.12.11	01:15:06.813		0.93564			4
2025.12.11	01:15:08.887	0.93554	0.93563			6
2025.12.11	01:15:10.891		0.93564			4
2025.12.11	01:15:12.997	0.93549	0.93562			6
2025.12.11	01:15:13.898	0.93550	0.93561			6
2025.12.11	01:15:17.057	0.93549				2
2025.12.11	01:15:19.503	0.93548	0.93560			6
2025.12.11	01:15:21.650		0.93561			4
2025.12.11	01:15:23.257	0.93549	0.93560			6
2025.12.11	01:15:31.018	0.93548	0.93558			6
2025.12.11	01:15:33.333		0.93557			4
2025.12.11	01:15:34.129	0.93547	0.93558			6
2025.12.11	01:15:38.797	0.93548				2
2025.12.11	01:15:41.000	0.93547				2
2025.12.11	01:15:43.909	0.93548				2
2025.12.11	01:15:44.962		0.93557			4
2025.12.11	01:15:46.000	0.93549	0.93559			6
2025.12.11	01:15:46.305	0.93548	0.93560			6
2025.12.11	01:15:53.351	0.93552	0.93561			6
2025.12.11	01:15:53.660	0.93549				2
2025.12.11	01:15:54.591	0.93550				2
2025.12.11	01:15:54.918	0.93551				2
2025.12.11	01:15:55.387	0.93549				2
2025.12.11	01:15:55.931	0.93550				2
2025.12.11	01:15:56.476	0.93549				2
2025.12.11	01:15:57.439	0.93550				2
2025.12.11	01:15:58.152	0.93549				2
2025.12.11	01:15:58.737	0.93550	0.93560			6
2025.12.11	01:15:59.057	0.93549	0.93561			6
2025.12.11	01:16:00.445	0.93549				2
2025.12.11	01:16:00.807	0.93550				2
2025.12.11	01:16:01.129	0.93549				2
2025.12.11	01:16:01.830	0.93550	0.93560			6
2025.12.11	01:16:02.741	0.93549	0.93561			6
2025.12.11	01:16:04.725	0.93550	0.93560			6
2025.12.11	01:16:05.258	0.93551				2
2025.12.11	01:16:05.662	0.93550	0.93561			6
2025.12.11	01:16:08.599		0.93560			4
2025.12.11	01:16:10.688	0.93548	0.93559			6
2025.12.11	01:16:11.685	0.93549				2
2025.12.11	01:16:12.252	0.93547	0.93558			6
2025.12.11	01:16:13.201	0.93546				2
2025.12.11	01:16:14.407	0.93548	0.93559			6
2025.12.11	01:16:15.138	0.93547	0.93558			6
2025.12.11	01:16:15.503	0.93546				2
2025.12.11	01:16:16.473	0.93547				2
2025.12.11	01:16:17.574	0.93546				2
2025.12.11	01:16:19.645	0.93548				2
2025.12.11	01:16:21.391	0.93547				2
2025.12.11	01:16:21.716	0.93546				2
2025.12.11	01:16:22.288	0.93549				2
2025.12.11	01:16:22.688	0.93547				2
2025.12.11	01:16:24.241		0.93559			4
2025.12.11	01:16:26.058	0.93548				2
2025.12.11	01:16:26.414	0.93547	0.93558			6
2025.12.11	01:16:27.602		0.93559			4
2025.12.11	01:16:31.750	0.93546	0.93558			6
2025.12.11	01:16:32.067	0.93547				2
2025.12.11	01:16:33.111	0.93546				2
2025.12.11	01:16:34.148	0.93547				2
2025.12.11	01:16:36.219	0.93548				2
2025.12.11	01:16:36.800	0.93547				2
2025.12.11	01:16:39.738	0.93546				2
2025.12.11	01:16:43.404	0.93548				2
2025.12.11	01:16:44.572	0.93546				2
2025.12.11	01:16:47.390	0.93547				2
2025.12.11	01:16:48.517	0.93548				2
2025.12.11	01:16:49.017	0.93547				2
2025.12.11	01:16:49.523	0.93548	0.93559			6
2025.12.11	01:16:49.872	0.93552	0.93561			6
2025.12.11	01:16:50.177	0.93550				2
2025.12.11	01:16:52.255	0.93551				2
2025.12.11	01:16:55.399		0.93562			4
2025.12.11	01:16:58.336	0.93552				2
2025.12.11	01:16:59.426	0.93551				2
2025.12.11	01:17:00.521	0.93552				2
2025.12.11	01:17:03.673	0.93551	0.93561			6
2025.12.11	01:17:05.544	0.93550				2
2025.12.11	01:17:05.928	0.93552	0.93562			6
2025.12.11	01:17:08.363	0.93548	0.93560			6
2025.12.11	01:17:08.789		0.93559			4
2025.12.11	01:17:09.253	0.93549				2
2025.12.11	01:17:10.313	0.93547				2
2025.12.11	01:17:10.656		0.93560			4
2025.12.11	01:17:11.122	0.93548	0.93559			6
2025.12.11	01:17:12.242	0.93547				2
2025.12.11	01:17:22.995	0.93550	0.93563			6
2025.12.11	01:17:23.628		0.93562			4
2025.12.11	01:17:25.583	0.93549				2
2025.12.11	01:17:28.765	0.93550				2
2025.12.11	01:17:32.861	0.93551				2
2025.12.11	01:17:38.133	0.93549				2
2025.12.11	01:17:40.811	0.93550				2
2025.12.11	01:17:55.682	0.93551				2
2025.12.11	01:18:00.539	0.93550				2
2025.12.11	01:18:04.030	0.93551	0.93563			6
2025.12.11	01:18:05.102	0.93552				2
2025.12.11	01:18:05.840	0.93553				2
2025.12.11	01:18:07.700		0.93564			4
2025.12.11	01:18:10.174	0.93554				2
2025.12.11	01:18:12.738		0.93563			4
2025.12.11	01:18:15.183	0.93548	0.93560			6
2025.12.11	01:18:16.544	0.93550	0.93561			6
2025.12.11	01:18:19.361	0.93548	0.93560			6
2025.12.11	01:18:23.240	0.93549				2
2025.12.11	01:18:26.701	0.93550	0.93559			6
2025.12.11	01:18:28.835	0.93549	0.93560			6
2025.12.11	01:18:30.392	0.93548				2
2025.12.11	01:18:30.738	0.93549				2
2025.12.11	01:18:32.937		0.93559			4
2025.12.11	01:18:35.610	0.93550	0.93561			6
2025.12.11	01:18:37.477		0.93560			4
2025.12.11	01:18:38.133	0.93549				2
2025.12.11	01:18:40.508	0.93550				2
2025.12.11	01:18:43.159		0.93561			4
2025.12.11	01:18:46.227	0.93551				2
2025.12.11	01:18:54.499	0.93550				2
2025.12.11	01:18:59.239	0.93549				2
2025.12.11	01:18:59.738	0.93550				2
2025.12.11	01:19:00.124	0.93550				2
2025.12.11	01:19:04.838	0.93551				2
2025.12.11	01:19:09.776	0.93550	0.93560			6
2025.12.11	01:19:10.878	0.93549	0.93561			6
2025.12.11	01:19:12.000	0.93551				2
2025.12.11	01:19:12.307	0.93549				2
2025.12.11	01:19:12.774	0.93551				2
2025.12.11	01:19:15.409	0.93549	0.93560			6
2025.12.11	01:19:17.472	0.93550				2
2025.12.11	01:19:18.394		0.93561			4
2025.12.11	01:19:20.574	0.93551				2
2025.12.11	01:19:22.220	0.93549	0.93560			6
2025.12.11	01:19:24.535		0.93561			4
2025.12.11	01:19:27.152	0.93551				2
2025.12.11	01:19:29.193	0.93550				2
2025.12.11	01:19:29.524	0.93551				2
2025.12.11	01:19:30.982	0.93549				2
2025.12.11	01:19:32.794	0.93550				2
2025.12.11	01:19:35.806	0.93552	0.93560			6
2025.12.11	01:19:36.270	0.93550	0.93561			6
2025.12.11	01:19:39.038	0.93551	0.93560			6
2025.12.11	01:19:40.378		0.93561			4
2025.12.11	01:19:42.876	0.93549	0.93560			6
2025.12.11	01:19:50.181	0.93548				2
2025.12.11	01:19:51.800	0.93549	0.93559			6
2025.12.11	01:19:57.365		0.93560			4
2025.12.11	01:20:00.371	0.93549				2
2025.12.11	01:20:02.995	0.93548				2
2025.12.11	01:20:06.726	0.93552	0.93561			6
2025.12.11	01:20:07.043	0.93551				2
2025.12.11	01:20:07.764	0.93550	0.93562			6
2025.12.11	01:20:14.059	0.93552	0.93561			6
2025.12.11	01:20:15.800	0.93551	0.93562			6
2025.12.11	01:20:18.202	0.93550				2
2025.12.11	01:20:20.275	0.93551				2
2025.12.11	01:20:21.203	0.93552				2
2025.12.11	01:20:23.814		0.93561			4
2025.12.11	01:20:24.769	0.93551				2
2025.12.11	01:20:25.959	0.93555	0.93564			6
2025.12.11	01:20:31.647	0.93552	0.93562			6
2025.12.11	01:20:32.480	0.93553	0.93564			6
2025.12.11	01:20:35.900		0.93563			4
2025.12.11	01:20:37.474	0.93554				2
2025.12.11	01:20:38.269	0.93553				2
2025.12.11	01:20:40.914	0.93554				2
2025.12.11	01:20:42.162	0.93553	0.93562			6
2025.12.11	01:20:43.448	0.93552				2
2025.12.11	01:20:44.751	0.93553				2
2025.12.11	01:20:45.915	0.93552				2
2025.12.11	01:20:48.109	0.93553				2
2025.12.11	01:20:48.630	0.93554	0.93563			6
2025.12.11	01:20:51.426	0.93553	0.93562			6
2025.12.11	01:20:51.871	0.93552	0.93563			6
2025.12.11	01:20:56.510		0.93564			4
2025.12.11	01:20:57.272	0.93553	0.93563			6
2025.12.11	01:21:00.268	0.93553				2
2025.12.11	01:21:00.709	0.93551				2
2025.12.11	01:21:04.467		0.93562			4
2025.12.11	01:21:08.435	0.93550				2
2025.12.11	01:21:09.163	0.93551				2
2025.12.11	01:21:14.537	0.93550				2
2025.12.11	01:21:15.713	0.93551				2
2025.12.11	01:21:17.899	0.93550				2
2025.12.11	01:21:26.060	0.93552				2
2025.12.11	01:21:26.429	0.93551				2
2025.12.11	01:21:30.431	0.93552				2
2025.12.11	01:21:31.688	0.93551				2
2025.12.11	01:21:45.738	0.93552				2
2025.12.11	01:22:01.714	0.93552				2
2025.12.11	01:22:04.587		0.93562			4
2025.12.11	01:22:08.000	0.93551				2
2025.12.11	01:22:08.538		0.93561			4
2025.12.11	01:22:08.899		0.93562			4
2025.12.11	01:22:11.716	0.93550	0.93560			6
2025.12.11	01:22:26.539	0.93551				2
2025.12.11	01:22:30.891	0.93550				2
2025.12.11	01:22:31.933	0.93554	0.93563			6
2025.12.11	01:22:33.656	0.93553				2
2025.12.11	01:22:35.929	0.93552	0.93562			6
2025.12.11	01:22:40.947	0.93551				2
2025.12.11	01:22:44.541		0.93563			4
2025.12.11	01:22:50.539	0.93552	0.93562			6
2025.12.11	01:22:52.015	0.93551				2
2025.12.11	01:22:58.401		0.93563			4
2025.12.11	01:23:01.408	0.93551				2
2025.12.11	01:23:03.525	0.93552	0.93562			6
2025.12.11	01:23:14.538		0.93563			4
2025.12.11	01:23:18.410		0.93562			4
2025.12.11	01:23:28.801	0.93551	0.93563			6
2025.12.11	01:23:37.243	0.93553				2
2025.12.11	01:23:46.647		0.93562			4
2025.12.11	01:23:46.961		0.93563			4
2025.12.11	01:23:47.703	0.93554				2
2025.12.11	01:23:52.699	0.93553				2
2025.12.11	01:23:53.537	0.93554				2
2025.12.11	01:23:58.080	0.93553				2
2025.12.11	01:24:00.479	0.93553				2
2025.12.11	01:24:00.792	0.93551	0.93562			6
2025.12.11	01:24:04.938	0.93550				2
2025.12.11	01:24:07.107	0.93552	0.93563			6
2025.12.11	01:24:07.914	0.93550				2
2025.12.11	01:24:08.336	0.93551				2
2025.12.11	01:24:11.314		0.93562			4
2025.12.11	01:24:25.008	0.93549	0.93559			6
2025.12.11	01:24:25.949	0.93548	0.93560			6
2025.12.11	01:24:29.132		0.93559			4
2025.12.11	01:24:35.874	0.93550				2
2025.12.11	01:24:38.996		0.93558			4
2025.12.11	01:24:40.557	0.93549	0.93559			6
2025.12.11	01:24:44.657	0.93550				2
2025.12.11	01:24:45.652	0.93549	0.93558			6
2025.12.11	01:24:48.391		0.93559			4
2025.12.11	01:24:49.072	0.93548	0.93558			6
2025.12.11	01:24:49.680	0.93549				2
2025.12.11	01:24:52.790	0.93548	0.93559			6
2025.12.11	01:24:53.985	0.93549				2
2025.12.11	01:24:57.168	0.93547	0.93558			6
2025.12.11	01:24:57.946	0.93546	0.93557			6
2025.12.11	01:25:00.096	0.93546				2
2025.12.11	01:25:00.448		0.93558			4
2025.12.11	01:25:03.735	0.93545				2
2025.12.11	01:25:13.731	0.93548	0.93560			6
2025.12.11	01:25:22.342	0.93549				2
2025.12.11	01:25:27.802		0.93561			4
2025.12.11	01:25:28.887	0.93550				2
2025.12.11	01:25:29.413	0.93549	0.93560			6
2025.12.11	01:25:34.425	0.93550	0.93561			6
2025.12.11	01:25:34.792	0.93549				2
2025.12.11	01:25:36.202	0.93550				2
2025.12.11	01:25:36.528		0.93560			4
2025.12.11	01:25:37.941		0.93561			4
2025.12.11	01:25:43.033	0.93549				2
2025.12.11	01:25:45.139	0.93550	0.93560			6
2025.12.11	01:25:46.985	0.93548				2
2025.12.11	01:25:47.947	0.93549				2
2025.12.11	01:25:50.929	0.93550	0.93559			6
2025.12.11	01:25:51.894	0.93549	0.93560			6
2025.12.11	01:25:54.789	0.93548				2
2025.12.11	01:25:55.584	0.93549				2
2025.12.11	01:25:57.738		0.93559			4
2025.12.11	01:26:00.495	0.93553	0.93561			6
2025.12.11	01:26:01.309		0.93560			4
2025.12.11	01:26:02.337	0.93549				2
2025.12.11	01:26:05.104	0.93552				2
2025.12.11	01:26:12.015	0.93553				2
2025.12.11	01:26:13.087	0.93552				2
2025.12.11	01:26:17.257	0.93553				2
2025.12.11	01:26:20.705	0.93551				2
2025.12.11	01:26:21.071	0.93553				2
2025.12.11	01:26:21.530	0.93551				2
2025.12.11	01:26:22.113	0.93553				2
2025.12.11	01:26:22.841	0.93552				2
2025.12.11	01:26:24.299	0.93551				2
2025.12.11	01:26:25.040	0.93552				2
2025.12.11	01:26:25.593	0.93551	0.93561			6
2025.12.11	01:26:26.667	0.93553				2
2025.12.11	01:26:27.440	0.93552				2
2025.12.11	01:26:29.901		0.93560			4
2025.12.11	01:26:35.015	0.93551				2
2025.12.11	01:26:40.704	0.93552				2
2025.12.11	01:26:49.257		0.93559			4
2025.12.11	01:26:54.639	0.93551	0.93558			6
2025.12.11	01:26:57.175	0.93550				2
2025.12.11	01:27:00.221	0.93551	0.93559			6
2025.12.11	01:27:01.841		0.93558			4
2025.12.11	01:27:03.739	0.93550				2
2025.12.11	01:27:15.017		0.93559			4
2025.12.11	01:27:15.381	0.93549	0.93558			6
2025.12.11	01:27:15.821	0.93550	0.93559			6
2025.12.11	01:27:17.945		0.93558			4
2025.12.11	01:27:21.738		0.93559			4
2025.12.11	01:27:23.123		0.93558			4
2025.12.11	01:27:29.278	0.93549				2
2025.12.11	01:27:29.987	0.93550				2
2025.12.11	01:27:42.787	0.93551	0.93559			6
2025.12.11	01:27:43.835		0.93558			4
2025.12.11	01:27:48.788		0.93560			4
2025.12.11	01:27:50.048		0.93558			4
2025.12.11	01:27:52.123		0.93559			4
2025.12.11	01:27:59.038		0.93558			4
2025.12.11	01:27:59.981		0.93559			4
2025.12.11	01:28:00.784	0.93551				2
2025.12.11	01:28:03.072		0.93560			4
2025.12.11	01:28:05.195		0.93559			4
2025.12.11	01:28:07.139		0.93558			4
2025.12.11	01:28:11.623		0.93559			4
2025.12.11	01:28:11.971	0.93552				2
2025.12.11	01:28:12.459	0.93551	0.93558			6
2025.12.11	01:28:16.572	0.93550				2
2025.12.11	01:28:20.899		0.93557			4
2025.12.11	01:28:21.239	0.93549				2
2025.12.11	01:28:27.324	0.93550				2
2025.12.11	01:28:32.539	0.93549				2
2025.12.11	01:28:46.437	0.93550				2
2025.12.11	01:28:49.832		0.93556			4
2025.12.11	01:28:50.139	0.93549				2
2025.12.11	01:28:52.938	0.93550				2
2025.12.11	01:29:00.610	0.93550				2
2025.12.11	01:29:05.403	0.93551	0.93558			6
2025.12.11	01:29:08.209	0.93552	0.93559			6
2025.12.11	01:29:13.527	0.93551				2
2025.12.11	01:29:16.670		0.93558			4
2025.12.11	01:29:20.258	0.93552				2
2025.12.11	01:29:28.262		0.93559			4
2025.12.11	01:29:31.998	0.93551	0.93560			6
2025.12.11	01:29:38.838	0.93552	0.93559			6
2025.12.11	01:29:41.329	0.93551				2
2025.12.11	01:29:41.800	0.93552				2
2025.12.11	01:29:42.438		0.93560			4
2025.12.11	01:29:45.364		0.93559			4
2025.12.11	01:29:53.538	0.93551				2
2025.12.11	01:29:55.563	0.93547	0.93554			6
2025.12.11	01:30:00.119	0.93547				2
2025.12.11	01:30:00.427	0.93545				2
2025.12.11	01:30:01.112	0.93546				2
2025.12.11	01:30:03.260		0.93552			4
2025.12.11	01:30:06.690		0.93553			4
2025.12.11	01:30:10.939		0.93554			4
2025.12.11	01:30:15.358	0.93545	0.93553			6
2025.12.11	01:30:16.882	0.93544				2
2025.12.11	01:30:18.993	0.93545				2
2025.12.11	01:30:26.280	0.93544				2
2025.12.11	01:30:28.031	0.93545	0.93552			6
2025.12.11	01:30:30.431		0.93553			4
2025.12.11	01:30:35.214		0.93552			4
2025.12.11	01:30:38.014	0.93546	0.93553			6
2025.12.11	01:30:41.538	0.93545				2
2025.12.11	01:30:42.467		0.93552			4
2025.12.11	01:30:43.100	0.93546	0.93553			6
2025.12.11	01:30:45.096		0.93554			4
2025.12.11	01:30:46.933	0.93547				2
2025.12.11	01:30:48.305	0.93545				2
2025.12.11	01:30:50.709	0.93544	0.93553			6
2025.12.11	01:30:53.109		0.93554			4
2025.12.11	01:30:54.581	0.93545				2
2025.12.11	01:30:57.500	0.93546				2
2025.12.11	01:31:01.606	0.93546				2
2025.12.11	01:31:02.373	0.93545	0.93553			6
2025.12.11	01:31:05.899		0.93554			4
2025.12.11	01:31:23.900		0.93553			4
2025.12.11	01:31:24.441	0.93544	0.93554			6
2025.12.11	01:31:35.538	0.93545				2
2025.12.11	01:31:49.639		0.93553			4
2025.12.11	01:31:53.805		0.93554			4
2025.12.11	01:31:58.711		0.93553			4
2025.12.11	01:32:00.509	0.93545				2
2025.12.11	01:32:23.293	0.93548	0.93557			6
2025.12.11	01:32:25.938	0.93549	0.93556			6
2025.12.11	01:32:30.311	0.93548				2
2025.12.11	01:32:35.918	0.93547				2
2025.12.11	01:32:36.810	0.93548				2
2025.12.11	01:33:00.138	0.93548				2
2025.12.11	01:33:02.679	0.93549	0.93557			6
2025.12.11	01:33:05.901		0.93556			4
2025.12.11	01:33:06.220		0.93557			4
2025.12.11	01:33:11.406	0.93548	0.93556			6
2025.12.11	01:33:15.360	0.93547				2
2025.12.11	01:33:17.953	0.93548				2
2025.12.11	01:33:41.172		0.93555			4
2025.12.11	01:33:43.186	0.93549	0.93556			6
2025.12.11	01:33:47.899		0.93555			4
2025.12.11	01:33:48.473		0.93556			4
2025.12.11	01:34:01.408	0.93549				2
2025.12.11	01:34:02.516	0.93547	0.93554			6
2025.12.11	01:34:03.756		0.93555			4
2025.12.11	01:34:04.613		0.93554			4
2025.12.11	01:34:12.583	0.93546				2
2025.12.11	01:34:14.702	0.93545	0.93553			6
2025.12.11	01:34:39.815		0.93554			4
2025.12.11	01:34:41.920		0.93553			4
2025.12.11	01:34:46.039		0.93554			4
2025.12.11	01:34:53.001		0.93553			4
2025.12.11	01:34:53.530		0.93554			4
2025.12.11	01:34:54.050	0.93547				2
2025.12.11	01:34:54.359	0.93545				2
2025.12.11	01:34:59.194	0.93546	0.93553			6
2025.12.11	01:35:00.068	0.93544				2
2025.12.11	01:35:00.696	0.93547	0.93555			6
2025.12.11	01:35:05.964	0.93546				2
2025.12.11	01:35:10.411	0.93547	0.93554			6
2025.12.11	01:35:11.583		0.93555			4
2025.12.11	01:35:16.693	0.93546	0.93553			6
2025.12.11	01:35:17.014		0.93555			4
2025.12.11	01:35:17.988	0.93548				2
2025.12.11	01:35:19.051	0.93545	0.93551			6
2025.12.11	01:35:19.865	0.93543				2
2025.12.11	01:35:20.822	0.93542				2
2025.12.11	01:35:24.839		0.93550			4
2025.12.11	01:35:29.371		0.93549			4
2025.12.11	01:35:30.035		0.93550			4
2025.12.11	01:35:37.224	0.93543	0.93551			6
2025.12.11	01:35:49.849	0.93542	0.93549			6
2025.12.11	01:35:55.736	0.93541				2
2025.12.11	01:36:00.535	0.93546	0.93552			6
2025.12.11	01:36:01.451	0.93545				2
2025.12.11	01:36:02.756	0.93546				2
2025.12.11	01:36:03.098	0.93547	0.93553			6
2025.12.11	01:36:08.837	0.93546				2
2025.12.11	01:36:13.719	0.93544	0.93552			6
2025.12.11	01:36:15.382	0.93546	0.93553			6
2025.12.11	01:36:15.893	0.93545	0.93552			6
2025.12.11	01:36:17.135	0.93544				2
2025.12.11	01:36:19.238	0.93540	0.93550			6
2025.12.11	01:36:20.179	0.93542				2
2025.12.11	01:36:26.545	0.93544	0.93551			6
2025.12.11	01:36:26.916	0.93543				2
2025.12.11	01:36:28.333	0.93541				2
2025.12.11	01:36:28.676	0.93543	0.93552			6
2025.12.11	01:36:29.506	0.93540	0.93550			6
2025.12.11	01:36:30.624	0.93541	0.93551			6
2025.12.11	01:36:31.178	0.93542				2
2025.12.11	01:36:33.385	0.93541				2
2025.12.11	01:36:34.540	0.93542				2
2025.12.11	01:36:39.190	0.93541				2
2025.12.11	01:36:44.493	0.93542				2
2025.12.11	01:36:49.068	0.93543				2
2025.12.11	01:36:52.229	0.93544	0.93553			6
2025.12.11	01:36:52.650	0.93538	0.93545			6
2025.12.11	01:36:53.737	0.93537	0.93544			6
2025.12.11	01:36:55.077		0.93545			4
2025.12.11	01:36:59.538		0.93544			4
2025.12.11	01:37:00.097	0.93537				2
2025.12.11	01:37:01.800	0.93536	0.93545			6
2025.12.11	01:37:07.303		0.93544			4
2025.12.11	01:37:08.697		0.93545			4
2025.12.11	01:37:09.916	0.93537				2
2025.12.11	01:37:48.458		0.93546			4
2025.12.11	01:37:48.830		0.93545			4
2025.12.11	01:37:51.738		0.93546			4
2025.12.11	01:37:54.607	0.93539				2
2025.12.11	01:38:00.582	0.93539				2
2025.12.11	01:38:15.392	0.93541	0.93547			6
2025.12.11	01:38:16.321		0.93548			4
2025.12.11	01:38:22.377	0.93542	0.93549			6
2025.12.11	01:38:22.697	0.93543				2
2025.12.11	01:38:23.655	0.93541	0.93548			6
2025.12.11	01:38:26.109	0.93540	0.93546			6
2025.12.11	01:38:31.006		0.93547			4
2025.12.11	01:38:31.310	0.93538	0.93546			6
2025.12.11	01:38:33.692		0.93545			4
2025.12.11	01:38:37.572		0.93546			4
2025.12.11	01:38:49.132		0.93545			4
2025.12.11	01:38:53.472		0.93546			4
2025.12.11	01:38:56.712	0.93539	0.93547			6
2025.12.11	01:38:58.406		0.93546			4
2025.12.11	01:39:00.423	0.93539	0.93547			6
2025.12.11	01:39:05.092		0.93546			4
2025.12.11	01:39:16.930	0.93538	0.93547			6
2025.12.11	01:39:17.839	0.93539				2
2025.12.11	01:39:20.889	0.93538	0.93546			6
2025.12.11	01:39:36.427	0.93536				2
2025.12.11	01:39:36.897	0.93535	0.93544			6
2025.12.11	01:39:37.245	0.93534	0.93542			6
2025.12.11	01:39:37.580	0.93533	0.93541			6
2025.12.11	01:39:41.104	0.93532	0.93539			6
2025.12.11	01:39:42.268	0.93529	0.93536			6
2025.12.11	01:39:43.112	0.93531	0.93538			6
2025.12.11	01:39:45.387	0.93532				2
2025.12.11	01:39:45.990	0.93531				2
2025.12.11	01:40:01.041	0.93531				2
2025.12.11	01:40:08.245	0.93530				2
2025.12.11	01:40:13.203	0.93531	0.93540			6
2025.12.11	01:40:15.373	0.93534	0.93542			6
2025.12.11	01:40:19.626	0.93536	0.93544			6
2025.12.11	01:40:20.439	0.93537				2
2025.12.11	01:40:20.756	0.93536				2
2025.12.11	01:40:22.076	0.93537	0.93545			6
2025.12.11	01:40:50.423	0.93536				2
2025.12.11	01:40:50.729		0.93544			4
2025.12.11	01:40:52.618		0.93545			4
2025.12.11	01:41:00.504	0.93540	0.93547			6
2025.12.11	01:41:04.329		0.93548			4
2025.12.11	01:41:15.372	0.93538	0.93547			6
2025.12.11	01:41:19.364	0.93537	0.93546			6
2025.12.11	01:41:22.762		0.93545			4
2025.12.11	01:41:23.245	0.93536				2
2025.12.11	01:41:29.539	0.93535				2
2025.12.11	01:41:30.997	0.93536	0.93543			6
2025.12.11	01:41:40.238	0.93537				2
2025.12.11	01:41:41.251	0.93536				2
2025.12.11	01:42:01.411	0.93536				2
2025.12.11	01:42:02.994		0.93542			4
2025.12.11	01:42:04.271	0.93535				2
2025.12.11	01:42:05.629	0.93534				2
2025.12.11	01:42:08.296	0.93536				2
2025.12.11	01:42:13.395	0.93535				2
2025.12.11	01:42:13.929	0.93533	0.93540			6
2025.12.11	01:42:17.898	0.93534				2
2025.12.11	01:42:20.404	0.93533				2
2025.12.11	01:42:22.121	0.93534				2
2025.12.11	01:42:23.777	0.93532	0.93539			6
2025.12.11	01:42:27.009	0.93534	0.93540			6
2025.12.11	01:42:27.320	0.93532	0.93539			6
2025.12.11	01:42:35.326	0.93531	0.93538			6
2025.12.11	01:42:40.712	0.93533	0.93541			6
2025.12.11	01:42:41.947		0.93540			4
2025.12.11	01:42:46.566		0.93541			4
2025.12.11	01:42:47.758	0.93534				2
2025.12.11	01:42:55.280	0.93533	0.93540			6
2025.12.11	01:42:57.293	0.93534	0.93542			6
2025.12.11	01:42:58.248	0.93537	0.93544			6
2025.12.11	01:43:00.375	0.93539	0.93546			6
2025.12.11	01:43:02.999	0.93538	0.93545			6
2025.12.11	01:43:04.481	0.93537				2
2025.12.11	01:43:04.921	0.93536	0.93544			6
2025.12.11	01:43:08.538		0.93543			4
2025.12.11	01:43:09.580		0.93544			4
2025.12.11	01:43:11.776		0.93543			4
2025.12.11	01:43:17.613	0.93537	0.93544			6
2025.12.11	01:43:41.323	0.93538	0.93546			6
2025.12.11	01:43:44.196	0.93539				2
2025.12.11	01:43:59.574	0.93538				2
2025.12.11	01:44:02.281	0.93538				2
2025.12.11	01:44:03.402	0.93539				2
2025.12.11	01:44:17.088	0.93538				2
2025.12.11	01:44:17.728	0.93539				2
2025.12.11	01:44:18.132	0.93537	0.93544			6
2025.12.11	01:44:22.410	0.93536	0.93543			6
2025.12.11	01:44:25.639	0.93537	0.93544			6
2025.12.11	01:44:32.684		0.93545			4
2025.12.11	01:44:33.996		0.93544			4
2025.12.11	01:44:40.287		0.93545			4
2025.12.11	01:44:44.384		0.93544			4
2025.12.11	01:44:54.437		0.93543			4
2025.12.11	01:44:56.900		0.93544			4
2025.12.11	01:44:59.416		0.93543			4
2025.12.11	01:44:59.900		0.93544			4
2025.12.11	01:45:00.251	0.93537	0.93543			6
2025.12.11	01:45:01.807		0.93545			4
2025.12.11	01:45:02.783	0.93536	0.93544			6
2025.12.11	01:45:04.939	0.93537				2
2025.12.11	01:45:06.737	0.93539	0.93546			6
2025.12.11	01:45:09.624		0.93547			4
2025.12.11	01:45:11.297		0.93546			4
2025.12.11	01:45:13.698	0.93538	0.93545			6
2025.12.11	01:45:15.533		0.93546			4
2025.12.11	01:45:17.233		0.93547			4
2025.12.11	01:45:19.100	0.93539	0.93546			6
2025.12.11	01:45:25.911		0.93547			4
2025.12.11	01:45:26.781	0.93541	0.93548			6
2025.12.11	01:45:28.939	0.93542	0.93549			6
2025.12.11	01:45:39.720	0.93543	0.93550			6
2025.12.11	01:45:46.492	0.93542	0.93549			6
2025.12.11	01:45:47.690	0.93543	0.93550			6
2025.12.11	01:45:53.128		0.93551			4
2025.12.11	01:46:02.413	0.93543				2
2025.12.11	01:46:04.370	0.93540	0.93548			6
2025.12.11	01:46:06.800	0.93541				2
2025.12.11	01:46:09.921	0.93542	0.93550			6
2025.12.11	01:46:13.123	0.93540	0.93548			6
2025.12.11	01:46:16.754		0.93547			4
2025.12.11	01:46:26.534		0.93548			4
2025.12.11	01:46:31.483	0.93541	0.93550			6
2025.12.11	01:46:33.746	0.93540	0.93547			6
2025.12.11	01:46:35.026	0.93537	0.93544			6
2025.12.11	01:46:38.225	0.93539	0.93545			6
2025.12.11	01:46:43.760	0.93538	0.93546			6
2025.12.11	01:46:45.231	0.93539	0.93545			6
2025.12.11	01:46:55.277	0.93538				2
2025.12.11	01:46:55.924	0.93539	0.93547			6
2025.12.11	01:46:58.484	0.93538	0.93544			6
2025.12.11	01:47:00.785	0.93538				2
2025.12.11	01:47:06.267	0.93539	0.93547			6
2025.12.11	01:47:09.145	0.93538	0.93545			6
2025.12.11	01:47:14.124	0.93539	0.93546			6
2025.12.11	01:47:20.598		0.93545			4
2025.12.11	01:47:22.317		0.93547			4
2025.12.11	01:47:29.544	0.93538	0.93546			6
2025.12.11	01:47:30.534		0.93547			4
2025.12.11	01:47:33.918		0.93545			4
2025.12.11	01:47:42.129	0.93539	0.93546			6
2025.12.11	01:47:47.579	0.93541	0.93547			6
2025.12.11	01:47:53.538		0.93548			4
2025.12.11	01:48:02.900	0.93542				2
2025.12.11	01:48:08.973		0.93549			4
2025.12.11	01:48:15.922	0.93541	0.93548			6
2025.12.11	01:48:26.888	0.93542				2
2025.12.11	01:48:30.434		0.93549			4
2025.12.11	01:48:48.296		0.93548			4
2025.12.11	01:48:50.539		0.93549			4
2025.12.11	01:48:53.731		0.93550			4
2025.12.11	01:48:55.100		0.93549			4
2025.12.11	01:48:56.350	0.93541	0.93548			6
2025.12.11	01:49:00.799	0.93541				2
2025.12.11	01:49:05.539	0.93542				2
2025.12.11	01:49:09.302	0.93541				2
2025.12.11	01:49:13.996	0.93544	0.93551			6
2025.12.11	01:49:28.448	0.93545	0.93552			6
2025.12.11	01:49:30.450	0.93546	0.93553			6
2025.12.11	01:49:35.238	0.93545	0.93552			6
2025.12.11	01:49:53.489	0.93544				2
2025.12.11	01:49:55.479	0.93538	0.93545			6
2025.12.11	01:50:00.156	0.93538				2
2025.12.11	01:50:02.716		0.93546			4
2025.12.11	01:50:04.064		0.93547			4
2025.12.11	01:50:04.758	0.93536	0.93543			6
2025.12.11	01:50:05.617		0.93544			4
2025.12.11	01:50:10.276	0.93535				2
2025.12.11	01:50:15.452	0.93536				2
2025.12.11	01:50:18.142	0.93535	0.93542			6
2025.12.11	01:50:18.481	0.93533	0.93541			6
2025.12.11	01:50:21.466		0.93540			4
2025.12.11	01:50:28.406	0.93532	0.93539			6
2025.12.11	01:50:41.407	0.93533				2
2025.12.11	01:50:42.287	0.93534	0.93541			6
2025.12.11	01:50:48.218	0.93533	0.93540			6
2025.12.11	01:50:49.027	0.93532				2
2025.12.11	01:50:51.061		0.93539			4
2025.12.11	01:50:53.159	0.93533				2
2025.12.11	01:50:53.561	0.93532				2
2025.12.11	01:50:58.395	0.93533				2
2025.12.11	01:51:00.480	0.93533				2
2025.12.11	01:51:02.539	0.93532				2
2025.12.11	01:51:03.063	0.93531	0.93538			6
2025.12.11	01:51:03.541		0.93537			4
2025.12.11	01:51:10.419	0.93528	0.93536			6
2025.12.11	01:51:10.987	0.93529	0.93537			6
2025.12.11	01:51:12.202	0.93527	0.93534			6
2025.12.11	01:51:13.058	0.93525	0.93532			6
2025.12.11	01:51:15.841	0.93524	0.93530			6
2025.12.11	01:51:20.178	0.93523				2
2025.12.11	01:51:40.198	0.93524	0.93531			6
2025.12.11	01:51:41.652	0.93523	0.93530			6
2025.12.11	01:51:44.388	0.93521	0.93528			6
2025.12.11	01:51:52.962	0.93520				2
2025.12.11	01:52:05.429	0.93521				2
2025.12.11	01:52:14.537	0.93520	0.93527			6
2025.12.11	01:52:24.213	0.93521	0.93528			6
2025.12.11	01:52:27.273	0.93520				2
2025.12.11	01:52:30.572	0.93521				2
2025.12.11	01:52:35.449		0.93529			4
2025.12.11	01:52:48.977	0.93522	0.93528			6
2025.12.11	01:52:56.056	0.93521	0.93529			6
2025.12.11	01:53:00.023	0.93522				2
2025.12.11	01:53:01.121		0.93531			4
2025.12.11	01:53:01.423		0.93529			4
2025.12.11	01:53:03.475		0.93528			4
2025.12.11	01:53:05.660		0.93530			4
2025.12.11	01:53:13.411		0.93529			4
2025.12.11	01:53:15.387		0.93530			4
2025.12.11	01:53:20.842		0.93529			4
2025.12.11	01:53:22.114		0.93528			4
2025.12.11	01:53:22.829	0.93520				2
2025.12.11	01:53:24.199		0.93527			4
2025.12.11	01:53:25.264	0.93521	0.93529			6
2025.12.11	01:53:25.584	0.93520	0.93527			6
2025.12.11	01:53:27.461	0.93521	0.93529			6
2025.12.11	01:53:28.463		0.93528			4
2025.12.11	01:53:29.209	0.93520	0.93527			6
2025.12.11	01:53:33.402	0.93521	0.93528			6
2025.12.11	01:53:41.270	0.93524	0.93531			6
2025.12.11	01:54:00.289	0.93522	0.93530			6
2025.12.11	01:54:02.283	0.93523				2
2025.12.11	01:54:03.473		0.93529			4
2025.12.11	01:54:04.411		0.93530			4
2025.12.11	01:54:14.610	0.93522				2
2025.12.11	01:54:19.137		0.93531			4
2025.12.11	01:54:22.945		0.93530			4
2025.12.11	01:54:24.172		0.93529			4
2025.12.11	01:54:27.070	0.93523	0.93530			6
2025.12.11	01:54:30.423		0.93531			4
2025.12.11	01:54:33.479	0.93522	0.93529			6
2025.12.11	01:54:34.331	0.93521				2
2025.12.11	01:54:39.104	0.93524	0.93531			6
2025.12.11	01:54:42.790		0.93532			4
2025.12.11	01:54:48.678		0.93531			4
2025.12.11	01:54:53.056	0.93523				2
2025.12.11	01:54:54.671	0.93524				2
2025.12.11	01:54:59.566	0.93523				2
2025.12.11	01:55:00.162	0.93523				2
2025.12.11	01:55:11.014	0.93524				2
2025.12.11	01:55:11.355	0.93523	0.93532			6
2025.12.11	01:55:12.920	0.93526	0.93533			6
2025.12.11	01:55:13.337	0.93525	0.93534			6
2025.12.11	01:55:14.204	0.93526				2
2025.12.11	01:55:14.518	0.93527				2
2025.12.11	01:55:15.370	0.93526	0.93533			6
2025.12.11	01:55:15.831		0.93535			4
2025.12.11	01:55:16.150	0.93525				2
2025.12.11	01:55:16.451	0.93526				2
2025.12.11	01:55:18.875	0.93529	0.93538			6
2025.12.11	01:55:20.046	0.93528	0.93536			6
2025.12.11	01:55:30.700		0.93537			4
2025.12.11	01:55:35.538		0.93536			4
2025.12.11	01:55:38.450		0.93535			4
2025.12.11	01:55:41.350	0.93527				2
2025.12.11	01:55:44.539	0.93528				2
2025.12.11	01:55:52.393	0.93529	0.93536			6
2025.12.11	01:56:00.519	0.93531	0.93539			6
2025.12.11	01:56:06.755		0.93538			4
2025.12.11	01:56:10.065		0.93539			4
2025.12.11	01:56:15.191	0.93530	0.93537			6
2025.12.11	01:56:16.642	0.93531	0.93540			6
2025.12.11	01:56:34.222	0.93532				2
2025.12.11	01:56:40.789	0.93533	0.93541			6
2025.12.11	01:56:46.136	0.93531	0.93539			6
2025.12.11	01:56:49.560	0.93532	0.93540			6
2025.12.11	01:56:55.369	0.93533	0.93541			6
2025.12.11	01:56:57.439	0.93532				2
2025.12.11	01:57:00.314	0.93532				2
2025.12.11	01:57:00.617	0.93525	0.93533			6
2025.12.11	01:57:01.359		0.93532			4
2025.12.11	01:57:02.838		0.93533			4
2025.12.11	01:57:07.027	0.93524	0.93532			6
2025.12.11	01:57:07.752	0.93527	0.93534			6
2025.12.11	01:57:15.118	0.93528	0.93536			6
2025.12.11	01:57:28.197	0.93529				2
2025.12.11	01:57:30.431	0.93528	0.93535			6
2025.12.11	01:57:35.429		0.93536			4
2025.12.11	01:57:40.034		0.93535			4
2025.12.11	01:57:47.351	0.93531	0.93539			6
2025.12.11	01:57:52.749	0.93532				2
2025.12.11	01:58:00.772	0.93532				2
2025.12.11	01:58:02.372	0.93534	0.93542			6
2025.12.11	01:58:02.703	0.93533	0.93541			6
2025.12.11	01:58:03.153	0.93534				2
2025.12.11	01:58:05.151	0.93533	0.93540			6
2025.12.11	01:58:14.608	0.93531				2
2025.12.11	01:58:15.029	0.93532				2
2025.12.11	01:58:15.790	0.93534	0.93542			6
2025.12.11	01:58:21.690	0.93535				2
2025.12.11	01:58:22.541		0.93543			4
2025.12.11	01:58:35.540	0.93536	0.93542			6
2025.12.11	01:58:37.603		0.93543			4
2025.12.11	01:58:44.538		0.93542			4
2025.12.11	01:58:47.898		0.93543			4
2025.12.11	01:58:50.538		0.93542			4
2025.12.11	01:58:55.339	0.93535				2
2025.12.11	01:58:56.147		0.93543			4
2025.12.11	01:58:56.910	0.93534	0.93542			6
2025.12.11	01:58:58.650	0.93533				2
2025.12.11	01:58:58.973	0.93532	0.93540			6
2025.12.11	01:58:59.986	0.93531	0.93541			6
2025.12.11	01:59:00.779	0.93531				2
2025.12.11	01:59:03.934		0.93540			4
2025.12.11	01:59:05.918		0.93541			4
2025.12.11	01:59:06.220		0.93540			4
2025.12.11	01:59:10.976		0.93539			4
2025.12.11	01:59:13.613	0.93532				2
2025.12.11	01:59:15.366	0.93530	0.93538			6
2025.12.11	01:59:23.476	0.93531				2
2025.12.11	01:59:24.982		0.93539			4
2025.12.11	01:59:26.007	0.93530				2
2025.12.11	01:59:40.186	0.93532				2
2025.12.11	01:59:40.553	0.93533				2
2025.12.11	01:59:55.746	0.93532				2
2025.12.11	02:00:00.318	0.93532				2
2025.12.11	02:00:00.731	0.93531				2
2025.12.11	02:00:01.448		0.93540			4
2025.12.11	02:00:02.608	0.93532				2
2025.12.11	02:00:04.064		0.93539			4
2025.12.11	02:00:04.971	0.93531	0.93540			6
2025.12.11	02:00:05.587	0.93533				2
2025.12.11	02:00:05.984	0.93531	0.93539			6
2025.12.11	02:00:06.501	0.93530	0.93537			6
2025.12.11	02:00:06.979	0.93528				2
2025.12.11	02:00:15.370	0.93527	0.93536			6
2025.12.11	02:00:15.822	0.93526	0.93535			6
2025.12.11	02:00:16.352	0.93528	0.93536			6
2025.12.11	02:00:20.010	0.93529				2
2025.12.11	02:00:21.137	0.93530	0.93538			6
2025.12.11	02:00:23.535	0.93528	0.93536			6
2025.12.11	02:00:29.166	0.93527				2
2025.12.11	02:00:31.387	0.93526	0.93535			6
2025.12.11	02:00:31.699	0.93525	0.93534			6
2025.12.11	02:00:34.251	0.93524	0.93533			6
2025.12.11	02:00:41.538	0.93525				2
2025.12.11	02:00:41.900	0.93522	0.93532			6
2025.12.11	02:00:43.437	0.93523				2
2025.12.11	02:00:43.764	0.93524	0.93533			6
2025.12.11	02:00:44.081	0.93525				2
2025.12.11	02:00:46.192	0.93524	0.93532			6
2025.12.11	02:00:46.509	0.93526				2
2025.12.11	02:00:46.851	0.93525	0.93533			6
2025.12.11	02:00:47.155		0.93532			4
2025.12.11	02:00:48.721	0.93526	0.93533			6
2025.12.11	02:00:49.200	0.93525	0.93532			6
2025.12.11	02:00:50.733		0.93533			4
2025.12.11	02:00:51.538		0.93532			4
2025.12.11	02:00:53.001		0.93533			4
2025.12.11	02:00:56.730		0.93532			4
2025.12.11	02:01:01.051	0.93519	0.93527			6
2025.12.11	02:01:01.390	0.93516	0.93525			6
2025.12.11	02:01:02.028		0.93524			4
2025.12.11	02:01:02.359		0.93525			4
2025.12.11	02:01:03.426		0.93524			4
2025.12.11	02:01:04.361		0.93525			4
2025.12.11	02:01:04.912	0.93517	0.93524			6
2025.12.11	02:01:05.762	0.93516				2
2025.12.11	02:01:06.613		0.93523			4
2025.12.11	02:01:08.900		0.93524			4
2025.12.11	02:01:09.231	0.93517				2
2025.12.11	02:01:11.376	0.93516	0.93523			6
2025.12.11	02:01:13.117		0.93522			4
2025.12.11	02:01:13.425	0.93514	0.93521			6
2025.12.11	02:01:14.441		0.93520			4
2025.12.11	02:01:15.373		0.93521			4
2025.12.11	02:01:19.405		0.93520			4
2025.12.11	02:01:21.340	0.93512				2
2025.12.11	02:01:24.672	0.93513	0.93519			6
2025.12.11	02:01:28.410	0.93512	0.93520			6
2025.12.11	02:01:29.434		0.93519			4
2025.12.11	02:01:31.334	0.93511				2
2025.12.11	02:01:34.727	0.93512	0.93520			6
2025.12.11	02:01:36.159	0.93514	0.93522			6
2025.12.11	02:01:36.479		0.93521			4
2025.12.11	02:01:37.120	0.93515				2
2025.12.11	02:01:38.025	0.93513				2
2025.12.11	02:01:38.463		0.93520			4
2025.12.11	02:01:40.208	0.93512				2
2025.12.11	02:01:40.889	0.93513	0.93521			6
2025.12.11	02:01:42.207	0.93515	0.93522			6
2025.12.11	02:01:42.698		0.93524			4
2025.12.11	02:01:48.916	0.93516	0.93523			6
2025.12.11	02:01:50.088	0.93515	0.93522			6
2025.12.11	02:01:50.401	0.93516	0.93524			6
2025.12.11	02:01:51.888		0.93523			4
2025.12.11	02:01:52.427	0.93514				2
2025.12.11	02:01:58.273		0.93521			4
2025.12.11	02:02:00.429	0.93514	0.93522			6
2025.12.11	02:02:03.473		0.93521			4
2025.12.11	02:02:03.999		0.93522			4
2025.12.11	02:02:09.365	0.93518	0.93525			6
2025.12.11	02:02:10.258	0.93517				2
2025.12.11	02:02:11.873		0.93526			4
2025.12.11	02:02:13.203	0.93518	0.93525			6
2025.12.11	02:02:16.638	0.93520	0.93528			6
2025.12.11	02:02:17.653	0.93518	0.93527			6
2025.12.11	02:02:18.163		0.93525			4
2025.12.11	02:02:21.177		0.93526			4
2025.12.11	02:02:21.505		0.93524			4
2025.12.11	02:02:22.076	0.93517	0.93525			6
2025.12.11	02:02:25.317	0.93519	0.93526			6
2025.12.11	02:02:31.386	0.93518				2
2025.12.11	02:02:35.372	0.93519	0.93527			6
2025.12.11	02:02:39.927	0.93521	0.93528			6
2025.12.11	02:02:41.466	0.93520	0.93527			6
2025.12.11	02:02:42.511		0.93526			4
2025.12.11	02:02:43.466	0.93516	0.93522			6
2025.12.11	02:02:43.822	0.93514	0.93521			6
2025.12.11	02:02:49.094		0.93522			4
2025.12.11	02:02:53.326		0.93521			4
2025.12.11	02:02:54.093		0.93520			4
2025.12.11	02:02:55.848	0.93516	0.93525			6
2025.12.11	02:02:59.537	0.93518				2
2025.12.11	02:03:00.858	0.93517	0.93526			6
2025.12.11	02:03:01.166		0.93525			4
2025.12.11	02:03:05.538		0.93524			4
2025.12.11	02:03:06.428	0.93516				2
2025.12.11	02:03:10.482	0.93517				2
2025.12.11	02:03:11.252	0.93516	0.93523			6
2025.12.11	02:03:15.664	0.93518	0.93525			6
2025.12.11	02:03:16.409	0.93514	0.93521			6
2025.12.11	02:03:16.892	0.93515	0.93523			6
2025.12.11	02:03:18.317	0.93517	0.93524			6
2025.12.11	02:03:24.375	0.93515	0.93522			6
2025.12.11	02:03:29.961	0.93516				2
2025.12.11	02:03:31.139	0.93517	0.93524			6
2025.12.11	02:03:32.050		0.93525			4
2025.12.11	02:03:34.151	0.93518	0.93524			6
2025.12.11	02:03:37.081	0.93519	0.93525			6
2025.12.11	02:03:40.683		0.93526			4
2025.12.11	02:03:42.714		0.93525			4
2025.12.11	02:03:44.602	0.93518	0.93524			6
2025.12.11	02:03:46.581	0.93516	0.93523			6
2025.12.11	02:03:49.017	0.93517				2
2025.12.11	02:03:49.677		0.93522			4
2025.12.11	02:03:49.982	0.93515	0.93521			6
2025.12.11	02:03:54.144	0.93516	0.93523			6
2025.12.11	02:03:55.276	0.93517	0.93524			6
2025.12.11	02:04:02.471	0.93517				2
2025.12.11	02:04:05.975	0.93516	0.93523			6
2025.12.11	02:04:09.000	0.93517	0.93524			6
2025.12.11	02:04:09.907	0.93518	0.93525			6
2025.12.11	02:04:10.242	0.93516	0.93523			6
2025.12.11	02:04:13.377		0.93524			4
2025.12.11	02:04:14.864	0.93517	0.93525			6
2025.12.11	02:04:20.538	0.93516				2
2025.12.11	02:04:23.677		0.93523			4
2025.12.11	02:04:24.793		0.93522			4
2025.12.11	02:04:26.398	0.93515				2
2025.12.11	02:04:28.898	0.93517	0.93524			6
2025.12.11	02:04:29.272	0.93515	0.93523			6
2025.12.11	02:04:29.701	0.93514	0.93522			6
2025.12.11	02:04:31.602	0.93513				2
2025.12.11	02:04:32.406	0.93514	0.93521			6
2025.12.11	02:04:33.390	0.93515	0.93522			6
2025.12.11	02:04:34.037	0.93513	0.93520			6
2025.12.11	02:04:34.448	0.93512				2
2025.12.11	02:04:36.398	0.93513				2
2025.12.11	02:04:36.942	0.93514	0.93521			6
2025.12.11	02:04:38.748	0.93515				2
2025.12.11	02:04:40.568		0.93522			4
2025.12.11	02:04:43.383	0.93516	0.93523			6
2025.12.11	02:04:44.404	0.93514	0.93522			6
2025.12.11	02:04:47.096	0.93513	0.93521			6
2025.12.11	02:04:48.728	0.93515	0.93522			6
2025.12.11	02:04:50.510	0.93514				2
2025.12.11	02:04:52.422	0.93515				2
2025.12.11	02:04:55.535	0.93516				2
2025.12.11	02:05:00.377	0.93516				2
2025.12.11	02:05:01.045		0.93523			4
2025.12.11	02:05:02.474	0.93518	0.93525			6
2025.12.11	02:05:02.846	0.93516	0.93523			6
2025.12.11	02:05:04.800	0.93515				2
2025.12.11	02:05:05.361		0.93522			4
2025.12.11	02:05:17.634	0.93514				2
2025.12.11	02:05:18.157	0.93515				2
2025.12.11	02:05:19.727	0.93517	0.93523			6
2025.12.11	02:05:23.188	0.93516	0.93524			6
2025.12.11	02:05:23.508		0.93523			4
2025.12.11	02:05:32.427		0.93522			4
2025.12.11	02:05:33.585		0.93523			4
2025.12.11	02:05:33.900		0.93524			4
2025.12.11	02:05:36.869	0.93518	0.93523			6
2025.12.11	02:05:37.900		0.93524			4
2025.12.11	02:05:41.784	0.93517				2
2025.12.11	02:05:47.791		0.93523			4
2025.12.11	02:05:53.037	0.93516				2
2025.12.11	02:05:57.502	0.93517	0.93524			6
2025.12.11	02:05:59.733	0.93516	0.93523			6
2025.12.11	02:06:00.058	0.93516				2
2025.12.11	02:06:00.431	0.93514	0.93521			6
2025.12.11	02:06:00.739	0.93515	0.93523			6
2025.12.11	02:06:01.072	0.93516				2
2025.12.11	02:06:10.085	0.93517	0.93524			6
2025.12.11	02:06:10.938	0.93519	0.93526			6
2025.12.11	02:06:17.900	0.93518				2
2025.12.11	02:06:18.522	0.93519				2
2025.12.11	02:06:18.847	0.93516	0.93524			6
2025.12.11	02:06:20.391	0.93520	0.93526			6
2025.12.11	02:06:23.899	0.93519	0.93527			6
2025.12.11	02:06:25.855		0.93526			4
2025.12.11	02:06:31.811	0.93518	0.93525			6
2025.12.11	02:06:33.536	0.93520	0.93528			6
2025.12.11	02:06:34.300		0.93526			4
2025.12.11	02:06:35.208	0.93519	0.93527			6
2025.12.11	02:06:40.930	0.93518	0.93526			6
2025.12.11	02:06:42.283	0.93519	0.93527			6
2025.12.11	02:06:44.733		0.93528			4
2025.12.11	02:06:45.384	0.93520	0.93527			6
2025.12.11	02:06:45.765	0.93519	0.93526			6
2025.12.11	02:06:46.174		0.93527			4
2025.12.11	02:06:46.872		0.93526			4
2025.12.11	02:06:47.976	0.93520	0.93527			6
2025.12.11	02:06:48.283	0.93519	0.93528			6
2025.12.11	02:06:50.614		0.93526			4
2025.12.11	02:06:50.962		0.93527			4
2025.12.11	02:06:52.431	0.93520				2
2025.12.11	02:06:58.391	0.93519				2
2025.12.11	02:06:59.900		0.93526			4
2025.12.11	02:07:00.526	0.93519	0.93527			6
2025.12.11	02:07:01.926	0.93520				2
2025.12.11	02:07:04.408	0.93522	0.93529			6
2025.12.11	02:07:06.420	0.93521	0.93528			6
2025.12.11	02:07:08.124	0.93520	0.93527			6
2025.12.11	02:07:11.048		0.93528			4
2025.12.11	02:07:15.199	0.93519	0.93527			6
2025.12.11	02:07:20.489		0.93526			4
2025.12.11	02:07:20.969	0.93520				2
2025.12.11	02:07:28.547	0.93519				2
2025.12.11	02:07:28.947	0.93518				2
2025.12.11	02:07:34.685	0.93520	0.93528			6
2025.12.11	02:07:34.992		0.93529			4
2025.12.11	02:07:36.405	0.93522				2
2025.12.11	02:07:42.892	0.93520	0.93528			6
2025.12.11	02:07:43.271	0.93519	0.93527			6
2025.12.11	02:07:46.706	0.93520				2
2025.12.11	02:07:57.722	0.93519				2
2025.12.11	02:07:58.624		0.93528			4
2025.12.11	02:08:00.039	0.93519				2
2025.12.11	02:08:15.363	0.93520	0.93529			6
2025.12.11	02:08:16.058		0.93527			4
2025.12.11	02:08:27.828	0.93519	0.93526			6
2025.12.11	02:08:29.900	0.93518	0.93524			6
2025.12.11	02:08:30.413	0.93516				2
2025.12.11	02:08:30.726		0.93523			4
2025.12.11	02:08:35.345	0.93517				2
2025.12.11	02:08:38.870	0.93516				2
2025.12.11	02:08:44.538	0.93515				2
2025.12.11	02:08:48.381		0.93522			4
2025.12.11	02:08:50.127		0.93525			4
2025.12.11	02:08:52.427		0.93524			4
2025.12.11	02:08:54.042	0.93518	0.93527			6
2025.12.11	02:08:54.658		0.93528			4
2025.12.11	02:08:55.400	0.93519				2
2025.12.11	02:08:59.539		0.93529			4
2025.12.11	02:09:00.559	0.93520				2
2025.12.11	02:09:02.681	0.93521				2
2025.12.11	02:09:08.539	0.93520				2
2025.12.11	02:09:11.782	0.93521	0.93530			6
2025.12.11	02:09:15.385	0.93520	0.93528			6
2025.12.11	02:09:16.402	0.93521	0.93529			6
2025.12.11	02:09:21.275		0.93530			4
2025.12.11	02:09:22.114	0.93516	0.93523			6
2025.12.11	02:09:25.152	0.93517				2
2025.12.11	02:09:26.570		0.93525			4
2025.12.11	02:09:30.115		0.93524			4
2025.12.11	02:09:35.363	0.93515	0.93522			6
2025.12.11	02:09:37.124		0.93525			4
2025.12.11	02:09:37.471	0.93516	0.93524			6
2025.12.11	02:09:39.368	0.93515	0.93523			6
2025.12.11	02:09:42.910		0.93524			4
2025.12.11	02:09:43.615		0.93522			4
2025.12.11	02:09:46.173	0.93516	0.93523			6
2025.12.11	02:09:51.958	0.93515	0.93522			6
2025.12.11	02:09:52.458	0.93516	0.93523			6
2025.12.11	02:09:54.196	0.93515	0.93522			6
2025.12.11	02:09:59.904	0.93516				2
2025.12.11	02:10:06.645	0.93516				2
2025.12.11	02:10:07.082	0.93515				2
2025.12.11	02:10:07.726	0.93516				2
2025.12.11	02:10:15.366	0.93517	0.93525			6
2025.12.11	02:10:16.404	0.93516	0.93524			6
2025.12.11	02:10:16.766		0.93523			4
2025.12.11	02:10:21.260	0.93518	0.93525			6
2025.12.11	02:10:24.038	0.93519	0.93526			6
2025.12.11	02:10:24.471	0.93520				2
2025.12.11	02:10:26.929		0.93527			4
2025.12.11	02:10:33.198		0.93529			4
2025.12.11	02:10:34.238		0.93527			4
2025.12.11	02:10:41.947	0.93521				2
2025.12.11	02:10:43.184	0.93520				2
2025.12.11	02:10:56.539		0.93526			4
2025.12.11	02:10:56.899		0.93527			4
2025.12.11	02:11:00.076	0.93520				2
2025.12.11	02:11:00.525	0.93521	0.93529			6
2025.12.11	02:11:01.386	0.93519	0.93526			6
2025.12.11	02:11:02.112	0.93518	0.93525			6
2025.12.11	02:11:02.420	0.93519	0.93526			6
2025.12.11	02:11:07.441		0.93525			4
2025.12.11	02:11:08.899		0.93526			4
2025.12.11	02:11:09.928	0.93516	0.93523			6
2025.12.11	02:11:14.485		0.93524			4
2025.12.11	02:11:21.451	0.93517	0.93525			6
2025.12.11	02:11:26.353		0.93524			4
2025.12.11	02:11:27.386		0.93523			4
2025.12.11	02:11:27.808		0.93524			4
2025.12.11	02:11:28.567	0.93516	0.93525			6
2025.12.11	02:11:30.261	0.93517	0.93527			6
2025.12.11	02:11:31.117	0.93518	0.93526			6
2025.12.11	02:11:31.639		0.93525			4
2025.12.11	02:11:38.679	0.93517	0.93526			6
2025.12.11	02:11:40.095	0.93518	0.93527			6
2025.12.11	02:11:40.746		0.93526			4
2025.12.11	02:11:44.213		0.93527			4
2025.12.11	02:11:50.868	0.93516	0.93525			6
2025.12.11	02:11:51.195		0.93527			4
2025.12.11	02:11:58.683	0.93517	0.93528			6
2025.12.11	02:12:00.161	0.93515	0.93526			6
2025.12.11	02:12:12.776	0.93516				2
2025.12.11	02:12:13.113		0.93527			4
2025.12.11	02:12:15.300	0.93517	0.93526			6
2025.12.11	02:12:16.857		0.93527			4
2025.12.11	02:12:21.000	0.93518	0.93529			6
2025.12.11	02:12:28.422		0.93528			4
2025.12.11	02:12:32.888	0.93517	0.93527			6
2025.12.11	02:12:39.239		0.93526			4
2025.12.11	02:12:39.706		0.93525			4
2025.12.11	02:12:40.830		0.93526			4
2025.12.11	02:12:44.326	0.93516				2
2025.12.11	02:12:48.334	0.93515	0.93527			6
2025.12.11	02:12:50.197		0.93526			4
2025.12.11	02:12:50.599	0.93514	0.93525			6
2025.12.11	02:12:52.609	0.93515	0.93526			6
2025.12.11	02:13:00.425	0.93515				2
2025.12.11	02:13:02.330	0.93514	0.93524			6
2025.12.11	02:13:13.002		0.93525			4
2025.12.11	02:13:22.024	0.93515				2
2025.12.11	02:13:25.608	0.93514				2
2025.12.11	02:13:26.271		0.93523			4
2025.12.11	02:13:28.397		0.93524			4
2025.12.11	02:13:34.899	0.93515	0.93525			6
2025.12.11	02:13:35.579		0.93526			4
2025.12.11	02:13:36.822		0.93525			4
2025.12.11	02:13:40.071	0.93514	0.93523			6
2025.12.11	02:13:53.363	0.93515				2
2025.12.11	02:13:55.420	0.93517	0.93526			6
2025.12.11	02:13:56.419		0.93525			4
2025.12.11	02:13:57.039		0.93527			4
2025.12.11	02:14:00.481	0.93517				2
2025.12.11	02:14:03.244		0.93526			4
2025.12.11	02:14:05.437		0.93525			4
2025.12.11	02:14:08.581	0.93516				2
2025.12.11	02:14:08.902	0.93517	0.93527			6
2025.12.11	02:14:12.314		0.93525			4
2025.12.11	02:14:13.405	0.93518	0.93528			6
2025.12.11	02:14:14.454	0.93521	0.93530			6
2025.12.11	02:14:21.073	0.93520				2
2025.12.11	02:14:21.705	0.93519	0.93527			6
2025.12.11	02:14:22.011		0.93528			4
2025.12.11	02:14:22.319		0.93529			4
2025.12.11	02:14:32.309		0.93530			4
2025.12.11	02:14:41.680	0.93518	0.93528			6
2025.12.11	02:14:44.901		0.93527			4
2025.12.11	02:14:46.355	0.93520	0.93530			6
2025.12.11	02:14:47.872		0.93529			4
2025.12.11	02:14:53.539	0.93521	0.93531			6
2025.12.11	02:14:53.846		0.93530			4
2025.12.11	02:14:57.145	0.93522	0.93531			6
2025.12.11	02:14:57.945		0.93530			4
2025.12.11	02:14:59.400	0.93524	0.93533			6
2025.12.11	02:14:59.718	0.93523	0.93534			6
2025.12.11	02:15:00.024	0.93522	0.93533			6
2025.12.11	02:15:00.366	0.93521	0.93529			6
2025.12.11	02:15:01.390	0.93522	0.93532			6
2025.12.11	02:15:01.966	0.93521	0.93530			6
2025.12.11	02:15:02.349	0.93522	0.93531			6
2025.12.11	02:15:02.652	0.93523				2
2025.12.11	02:15:02.985	0.93522				2
2025.12.11	02:15:08.105		0.93530			4
2025.12.11	02:15:09.283		0.93531			4
2025.12.11	02:15:10.824		0.93532			4
2025.12.11	02:15:11.475	0.93523				2
2025.12.11	02:15:12.419	0.93524	0.93534			6
2025.12.11	02:15:15.641		0.93532			4
2025.12.11	02:15:18.411	0.93523	0.93535			6
2025.12.11	02:15:18.735	0.93524	0.93534			6
2025.12.11	02:15:21.230	0.93523	0.93533			6
2025.12.11	02:15:22.522	0.93524	0.93532			6
2025.12.11	02:15:25.882	0.93523				2
2025.12.11	02:15:26.425	0.93524	0.93531			6
2025.12.11	02:15:27.452	0.93523	0.93532			6
2025.12.11	02:15:28.750		0.93531			4
2025.12.11	02:15:29.170		0.93532			4
2025.12.11	02:15:31.936		0.93531			4
2025.12.11	02:15:32.951	0.93524				2
2025.12.11	02:15:33.259	0.93523	0.93532			6
2025.12.11	02:15:35.606		0.93531			4
2025.12.11	02:15:35.929		0.93532			4
2025.12.11	02:15:38.616	0.93524				2
2025.12.11	02:15:38.987		0.93533			4
2025.12.11	02:15:41.958	0.93522	0.93532			6
2025.12.11	02:15:43.436		0.93531			4
2025.12.11	02:15:44.113	0.93524	0.93535			6
2025.12.11	02:15:45.007		0.93534			4
2025.12.11	02:15:54.013	0.93526	0.93536			6
2025.12.11	02:15:55.338	0.93527				2
2025.12.11	02:16:00.128	0.93527	0.93537			6
2025.12.11	02:16:05.479	0.93528				2
2025.12.11	02:16:08.042	0.93516	0.93527			6
2025.12.11	02:16:09.273	0.93517	0.93526			6
2025.12.11	02:16:13.775	0.93518	0.93527			6
2025.12.11	02:16:14.088	0.93517				2
2025.12.11	02:16:15.388	0.93518	0.93526			6
2025.12.11	02:16:16.409		0.93527			4
2025.12.11	02:16:20.400	0.93519	0.93528			6
2025.12.11	02:16:22.031	0.93518	0.93525			6
2025.12.11	02:16:22.336	0.93517	0.93526			6
2025.12.11	02:16:24.796	0.93518	0.93529			6
2025.12.11	02:16:26.399	0.93519	0.93528			6
2025.12.11	02:16:32.961	0.93518	0.93527			6
2025.12.11	02:16:35.891		0.93528			4
2025.12.11	02:16:38.631	0.93517				2
2025.12.11	02:16:39.403	0.93518				2
2025.12.11	02:16:40.069	0.93517				2
2025.12.11	02:16:41.713		0.93526			4
2025.12.11	02:16:42.142		0.93527			4
2025.12.11	02:16:46.854		0.93526			4
2025.12.11	02:16:47.577		0.93525			4
2025.12.11	02:16:48.423	0.93516	0.93526			6
2025.12.11	02:16:48.756	0.93517				2
2025.12.11	02:16:49.993		0.93527			4
2025.12.11	02:16:54.488	0.93518	0.93528			6
2025.12.11	02:16:59.518	0.93517	0.93526			6
2025.12.11	02:16:59.831	0.93516				2
2025.12.11	02:17:00.176	0.93516				2
2025.12.11	02:17:05.950	0.93515	0.93524			6
2025.12.11	02:17:06.322	0.93516	0.93525			6
2025.12.11	02:17:07.550		0.93524			4
2025.12.11	02:17:08.666	0.93515	0.93525			6
2025.12.11	02:17:10.638		0.93524			4
2025.12.11	02:17:13.510	0.93516	0.93526			6
2025.12.11	02:17:16.561	0.93518	0.93528			6
2025.12.11	02:17:17.458	0.93517				2
2025.12.11	02:17:17.960	0.93518				2
2025.12.11	02:17:18.264	0.93516	0.93525			6
2025.12.11	02:17:34.637	0.93518	0.93527			6
2025.12.11	02:17:35.111	0.93519	0.93528			6
2025.12.11	02:17:36.235	0.93518	0.93527			6
2025.12.11	02:17:38.259	0.93519	0.93528			6
2025.12.11	02:17:43.206		0.93529			4
2025.12.11	02:17:44.616	0.93518	0.93527			6
2025.12.11	02:17:45.448	0.93520	0.93529			6
2025.12.11	02:17:46.726	0.93522	0.93531			6
2025.12.11	02:17:47.457	0.93520				2
2025.12.11	02:17:51.677		0.93530			4
2025.12.11	02:17:55.764		0.93529			4
2025.12.11	02:17:58.102	0.93519				2
2025.12.11	02:17:59.784	0.93520				2
2025.12.11	02:18:00.188	0.93518				2
2025.12.11	02:18:00.493	0.93519				2
2025.12.11	02:18:01.276	0.93516	0.93526			6
2025.12.11	02:18:03.531	0.93517	0.93527			6
2025.12.11	02:18:06.444	0.93516	0.93526			6
2025.12.11	02:18:07.344	0.93517	0.93527			6
2025.12.11	02:18:11.897	0.93515	0.93525			6
2025.12.11	02:18:13.513	0.93514				2
2025.12.11	02:18:15.075	0.93515				2
2025.12.11	02:18:20.308	0.93516	0.93526			6
2025.12.11	02:18:27.833		0.93527			4
2025.12.11	02:18:34.557	0.93517				2
2025.12.11	02:18:45.426	0.93516				2
2025.12.11	02:18:46.726		0.93526			4
2025.12.11	02:18:47.984	0.93515	0.93525			6
2025.12.11	02:18:48.299	0.93516				2
2025.12.11	02:18:49.112		0.93526			4
2025.12.11	02:18:59.559		0.93525			4
2025.12.11	02:19:00.837	0.93516				2
2025.12.11	02:19:01.969		0.93524			4
2025.12.11	02:19:03.075		0.93525			4
2025.12.11	02:19:03.462		0.93526			4
2025.12.11	02:19:07.364	0.93515	0.93525			6
2025.12.11	02:19:14.083		0.93523			4
2025.12.11	02:19:14.905	0.93514				2
2025.12.11	02:19:15.387	0.93515	0.93525			6
2025.12.11	02:19:19.372		0.93523			4
2025.12.11	02:19:19.795	0.93514	0.93524			6
2025.12.11	02:19:20.891		0.93523			4
2025.12.11	02:19:23.900		0.93524			4
2025.12.11	02:19:25.055		0.93523			4
2025.12.11	02:19:30.360		0.93524			4
2025.12.11	02:19:38.364	0.93513	0.93523			6
2025.12.11	02:19:48.428		0.93521			4
2025.12.11	02:19:49.592		0.93522			4
2025.12.11	02:19:50.397	0.93512				2
2025.12.11	02:19:51.596	0.93513				2
2025.12.11	02:20:00.380	0.93513				2
2025.12.11	02:20:06.847	0.93512	0.93523			6
2025.12.11	02:20:11.408	0.93513	0.93522			6
2025.12.11	02:20:12.196		0.93521			4
2025.12.11	02:20:15.730	0.93512	0.93522			6
2025.12.11	02:20:17.411		0.93523			4
2025.12.11	02:20:20.474	0.93513	0.93522			6
2025.12.11	02:20:21.807	0.93512				2
2025.12.11	02:20:22.164		0.93521			4
2025.12.11	02:20:23.236	0.93514	0.93523			6
2025.12.11	02:20:26.388	0.93513	0.93522			6
2025.12.11	02:20:27.977		0.93523			4
2025.12.11	02:20:30.353	0.93514				2
2025.12.11	02:20:30.917	0.93513				2
2025.12.11	02:20:32.541	0.93514				2
2025.12.11	02:20:34.773	0.93513				2
2025.12.11	02:20:44.539	0.93514				2
2025.12.11	02:20:47.559	0.93512				2
2025.12.11	02:20:49.903	0.93513				2
2025.12.11	02:20:51.210		0.93522			4
2025.12.11	02:20:54.579	0.93514				2
2025.12.11	02:21:00.165	0.93512	0.93521			6
2025.12.11	02:21:07.044	0.93511				2
2025.12.11	02:21:09.370	0.93510	0.93520			6
2025.12.11	02:21:12.506		0.93521			4
2025.12.11	02:21:12.855		0.93520			4
2025.12.11	02:21:13.252		0.93521			4
2025.12.11	02:21:13.940		0.93520			4
2025.12.11	02:21:14.313	0.93511				2
2025.12.11	02:21:14.951		0.93521			4
2025.12.11	02:21:16.138	0.93512				2
2025.12.11	02:21:24.374	0.93511	0.93520			6
2025.12.11	02:21:25.710	0.93512	0.93521			6
2025.12.11	02:21:26.059	0.93511	0.93520			6
2025.12.11	02:21:27.067		0.93521			4
2025.12.11	02:21:30.153	0.93512				2
2025.12.11	02:21:31.331	0.93516	0.93525			6
2025.12.11	02:21:37.317		0.93523			4
2025.12.11	02:21:38.334		0.93524			4
2025.12.11	02:21:39.413	0.93515	0.93523			6
2025.12.11	02:21:47.375		0.93524			4
2025.12.11	02:21:48.566		0.93523			4
2025.12.11	02:21:49.503		0.93522			4
2025.12.11	02:21:50.508		0.93523			4
2025.12.11	02:22:00.757	0.93515				2
2025.12.11	02:22:01.892		0.93524			4
2025.12.11	02:22:09.222	0.93514				2
2025.12.11	02:22:10.633	0.93515				2
2025.12.11	02:22:20.487		0.93523			4
2025.12.11	02:22:22.258		0.93524			4
2025.12.11	02:22:24.337	0.93514				2
2025.12.11	02:22:25.912	0.93512	0.93520			6
2025.12.11	02:22:38.219		0.93521			4
2025.12.11	02:22:45.421	0.93509	0.93518			6
2025.12.11	02:22:54.470	0.93511	0.93520			6
