<DATE>	<TIME>	<BID>	<ASK>	<LAST>	<VOLUME>	<FLAGS>
2025.10.15	00:03:30.932	0.92810	0.93041			6
2025.10.15	00:04:06.827	0.92810				2
2025.10.15	00:04:31.537		0.93041			4
2025.10.15	00:05:05.742	0.92810				2
2025.10.15	00:05:31.929		0.93041			4
2025.10.15	00:06:01.181	0.92810				2
2025.10.15	00:06:46.349		0.93041			4
2025.10.15	00:07:05.279	0.92810				2
2025.10.15	00:07:51.503		0.93041			4
2025.10.15	00:08:00.888	0.92810				2
2025.10.15	00:08:54.343		0.93041			4
2025.10.15	00:09:05.103	0.92810				2
2025.10.15	00:10:00.104	0.92810	0.93032			6
2025.10.15	00:10:01.371		0.93031			4
2025.10.15	00:10:11.630	0.92889	0.93042			6
2025.10.15	00:10:14.608	0.92890				2
2025.10.15	00:10:53.371		0.93043			4
2025.10.15	00:10:55.029	0.92891				2
2025.10.15	00:10:59.642	0.92890				2
2025.10.15	00:11:00.297	0.92890				2
2025.10.15	00:11:05.711	0.92809	0.93041			6
2025.10.15	00:11:11.594	0.92890	0.93042			6
2025.10.15	00:11:12.578	0.92809	0.93041			6
2025.10.15	00:11:18.284	0.92890	0.93042			6
2025.10.15	00:11:19.201	0.92810	0.93036			6
2025.10.15	00:11:24.964	0.92891	0.93042			6
2025.10.15	00:11:25.577	0.92810	0.93036			6
2025.10.15	00:11:31.562	0.92891	0.93042			6
2025.10.15	00:11:32.207	0.92810	0.93036			6
2025.10.15	00:12:00.586	0.92810	0.93035			6
2025.10.15	00:12:07.206		0.93036			4
2025.10.15	00:12:08.441		0.93035			4
2025.10.15	00:12:38.329		0.93036			4
2025.10.15	00:13:00.355	0.92810				2
2025.10.15	00:13:20.038		0.93037			4
2025.10.15	00:13:31.580		0.93036			4
2025.10.15	00:13:44.629		0.93035			4
2025.10.15	00:13:49.148		0.93036			4
2025.10.15	00:14:01.967	0.92810				2
2025.10.15	00:14:35.110		0.93035			4
2025.10.15	00:15:01.835	0.92810				2
2025.10.15	00:15:07.815		0.93040			4
2025.10.15	00:15:15.506		0.93039			4
2025.10.15	00:15:18.226		0.93036			4
2025.10.15	00:15:19.089	0.92818	0.93040			6
2025.10.15	00:15:20.041		0.93037			4
2025.10.15	00:15:30.797		0.93036			4
2025.10.15	00:15:54.533		0.93035			4
2025.10.15	00:16:00.451	0.92818				2
2025.10.15	00:16:08.190		0.93034			4
2025.10.15	00:16:09.851		0.93033			4
2025.10.15	00:16:13.132		0.93032			4
2025.10.15	00:16:20.030	0.92811	0.93031			6
2025.10.15	00:16:20.635	0.92818				2
2025.10.15	00:16:50.936		0.93030			4
2025.10.15	00:16:57.416	0.92835				2
2025.10.15	00:17:02.413	0.92835				2
2025.10.15	00:17:31.194		0.93029			4
2025.10.15	00:17:33.314		0.93027			4
2025.10.15	00:17:39.798		0.93028			4
2025.10.15	00:17:46.605	0.92815	0.93029			6
2025.10.15	00:17:52.051		0.93028			4
2025.10.15	00:18:00.938	0.92815				2
2025.10.15	00:18:34.436		0.93030			4
2025.10.15	00:18:34.820		0.93029			4
2025.10.15	00:18:52.731		0.93028			4
2025.10.15	00:19:05.936	0.92815	0.93029			6
2025.10.15	00:19:19.416	0.92832				2
2025.10.15	00:19:20.930		0.93028			4
2025.10.15	00:19:48.134	0.92810				2
2025.10.15	00:19:48.764	0.92814				2
2025.10.15	00:20:05.115	0.92814				2
2025.10.15	00:20:21.536		0.93028			4
2025.10.15	00:20:32.047	0.92810	0.93024			6
2025.10.15	00:20:32.429		0.93027			4
2025.10.15	00:20:38.426		0.93026			4
2025.10.15	00:21:00.117	0.92810				2
2025.10.15	00:21:27.424	0.92833	0.93030			6
2025.10.15	00:21:33.191	0.92810	0.93026			6
2025.10.15	00:22:03.808	0.92810				2
2025.10.15	00:22:38.484		0.93026			4
2025.10.15	00:22:54.709		0.93027			4
2025.10.15	00:23:11.425	0.92833	0.93030			6
2025.10.15	00:23:18.489	0.92810	0.93027			6
2025.10.15	00:24:03.421	0.92810				2
2025.10.15	00:24:22.846		0.93027			4
2025.10.15	00:24:51.709	0.92813	0.93030			6
2025.10.15	00:24:53.052		0.93026			4
2025.10.15	00:24:54.836	0.92825				2
2025.10.15	00:24:58.267	0.92836				2
2025.10.15	00:25:00.314	0.92836				2
2025.10.15	00:25:00.877	0.92825				2
2025.10.15	00:25:01.945		0.93028			4
2025.10.15	00:25:04.347		0.93024			4
2025.10.15	00:25:05.051		0.93026			4
2025.10.15	00:25:58.429		0.93027			4
2025.10.15	00:26:01.100	0.92825				2
2025.10.15	00:26:06.066		0.93021			4
2025.10.15	00:26:07.051		0.93022			4
2025.10.15	00:26:34.129		0.93023			4
2025.10.15	00:27:02.345	0.92825				2
2025.10.15	00:27:03.459		0.93024			4
2025.10.15	00:27:04.250	0.92810	0.93018			6
2025.10.15	00:27:05.257		0.93021			4
2025.10.15	00:27:08.514		0.93024			4
2025.10.15	00:27:09.112		0.93023			4
2025.10.15	00:27:13.200		0.93021			4
2025.10.15	00:27:14.055		0.93018			4
2025.10.15	00:27:28.129		0.93017			4
2025.10.15	00:27:30.832		0.93018			4
2025.10.15	00:27:41.029		0.93017			4
2025.10.15	00:27:44.928		0.93018			4
2025.10.15	00:27:58.431		0.93019			4
2025.10.15	00:28:02.029	0.92810	0.93018			6
2025.10.15	00:28:04.248	0.92815				2
2025.10.15	00:28:05.337	0.92855	0.93023			6
2025.10.15	00:28:05.866		0.93025			4
2025.10.15	00:28:09.229		0.93024			4
2025.10.15	00:28:19.911	0.92823	0.93014			6
2025.10.15	00:28:20.359	0.92870	0.93019			6
2025.10.15	00:28:20.910	0.92815	0.93006			6
2025.10.15	00:28:21.409	0.92870	0.93020			6
2025.10.15	00:28:21.908	0.92823	0.93006			6
2025.10.15	00:28:22.407	0.92872	0.93021			6
2025.10.15	00:28:22.910	0.92821	0.93007			6
2025.10.15	00:28:23.407	0.92872	0.93024			6
2025.10.15	00:28:23.909	0.92821	0.93008			6
2025.10.15	00:28:24.409	0.92872	0.93022			6
2025.10.15	00:28:24.909	0.92825	0.93018			6
2025.10.15	00:28:25.407	0.92870	0.93023			6
2025.10.15	00:28:25.907	0.92820	0.93009			6
2025.10.15	00:28:26.410	0.92872	0.93023			6
2025.10.15	00:28:26.911	0.92821	0.93018			6
2025.10.15	00:28:27.408	0.92870	0.93023			6
2025.10.15	00:28:27.908	0.92821	0.93010			6
2025.10.15	00:28:28.413	0.92870	0.93024			6
2025.10.15	00:28:28.907	0.92823	0.93010			6
2025.10.15	00:28:29.410	0.92871	0.93024			6
2025.10.15	00:28:29.909	0.92820	0.93019			6
2025.10.15	00:28:30.360	0.92872	0.93023			6
2025.10.15	00:28:30.910	0.92820	0.93009			6
2025.10.15	00:28:31.408	0.92869	0.93023			6
2025.10.15	00:28:31.910	0.92821	0.93019			6
2025.10.15	00:28:32.409	0.92870	0.93024			6
2025.10.15	00:28:32.907	0.92821	0.93010			6
2025.10.15	00:28:33.409	0.92869	0.93024			6
2025.10.15	00:28:33.909	0.92819	0.93019			6
2025.10.15	00:28:34.410	0.92870	0.93024			6
2025.10.15	00:28:34.909	0.92820	0.93019			6
2025.10.15	00:28:35.410	0.92869	0.93025			6
2025.10.15	00:28:35.909	0.92823	0.93010			6
2025.10.15	00:28:36.408	0.92870	0.93024			6
2025.10.15	00:28:36.910	0.92823	0.93011			6
2025.10.15	00:28:37.409	0.92871	0.93026			6
2025.10.15	00:28:37.829	0.92819	0.93012			6
2025.10.15	00:28:38.410	0.92870	0.93028			6
2025.10.15	00:28:38.909	0.92820	0.93019			6
2025.10.15	00:28:39.408	0.92869	0.93024			6
2025.10.15	00:28:39.909	0.92818	0.93012			6
2025.10.15	00:28:40.407	0.92871	0.93026			6
2025.10.15	00:28:40.910	0.92818	0.93012			6
2025.10.15	00:28:41.410	0.92870	0.93031			6
2025.10.15	00:28:41.910	0.92823	0.93012			6
2025.10.15	00:28:42.409	0.92871	0.93027			6
2025.10.15	00:28:42.911	0.92819	0.93013			6
2025.10.15	00:28:43.285	0.92870	0.93029			6
2025.10.15	00:28:43.910	0.92825	0.93022			6
2025.10.15	00:28:44.408	0.92870	0.93027			6
2025.10.15	00:28:44.909	0.92847	0.93024			6
2025.10.15	00:28:45.407	0.92868	0.93027			6
2025.10.15	00:28:45.909	0.92847	0.93022			6
2025.10.15	00:28:46.408	0.92871	0.93025			6
2025.10.15	00:28:46.839	0.92819	0.93019			6
2025.10.15	00:28:47.410	0.92874	0.93026			6
2025.10.15	00:28:47.911	0.92823	0.93020			6
2025.10.15	00:28:48.409	0.92874	0.93027			6
2025.10.15	00:28:48.910	0.92828	0.93028			6
2025.10.15	00:28:49.409	0.92874	0.93027			6
2025.10.15	00:28:49.910	0.92829	0.93022			6
2025.10.15	00:28:50.409	0.92874				2
2025.10.15	00:28:50.906	0.92821	0.93020			6
2025.10.15	00:28:51.408	0.92875	0.93032			6
2025.10.15	00:28:51.819	0.92821	0.93019			6
2025.10.15	00:28:52.407	0.92875	0.93026			6
2025.10.15	00:28:52.910	0.92832	0.93027			6
2025.10.15	00:28:53.409	0.92870				2
2025.10.15	00:28:53.907	0.92817	0.93021			6
2025.10.15	00:28:54.408	0.92871	0.93029			6
2025.10.15	00:28:54.909	0.92819	0.93019			6
2025.10.15	00:28:55.408	0.92872	0.93026			6
2025.10.15	00:28:55.908	0.92815	0.93019			6
2025.10.15	00:28:56.409	0.92873	0.93030			6
2025.10.15	00:28:56.908	0.92821	0.93019			6
2025.10.15	00:28:57.408	0.92872	0.93026			6
2025.10.15	00:28:57.911	0.92820	0.93019			6
2025.10.15	00:28:58.407	0.92872	0.93027			6
2025.10.15	00:28:58.909	0.92819	0.93019			6
2025.10.15	00:28:59.408	0.92872	0.93028			6
2025.10.15	00:28:59.907	0.92815	0.93019			6
2025.10.15	00:29:00.408	0.92872	0.93027			6
2025.10.15	00:29:00.907	0.92815	0.93019			6
2025.10.15	00:29:01.407	0.92872	0.93031			6
2025.10.15	00:29:01.909	0.92818	0.93019			6
2025.10.15	00:29:02.407	0.92872	0.93027			6
2025.10.15	00:29:02.909	0.92815	0.93019			6
2025.10.15	00:29:03.409	0.92876	0.93027			6
2025.10.15	00:29:03.909	0.92820	0.93019			6
2025.10.15	00:29:04.407	0.92872	0.93028			6
2025.10.15	00:29:04.909	0.92819	0.93019			6
2025.10.15	00:29:05.407	0.92872	0.93027			6
2025.10.15	00:29:05.908	0.92820	0.93020			6
2025.10.15	00:29:06.342	0.92874	0.93032			6
2025.10.15	00:29:06.908	0.92830	0.93023			6
2025.10.15	00:29:07.407	0.92873	0.93021			6
2025.10.15	00:29:07.909	0.92819	0.93015			6
2025.10.15	00:29:08.409	0.92873	0.93022			6
2025.10.15	00:29:08.909	0.92820	0.93019			6
2025.10.15	00:29:09.410	0.92873	0.93026			6
2025.10.15	00:29:09.911	0.92820	0.93021			6
2025.10.15	00:29:10.408	0.92872	0.93027			6
2025.10.15	00:29:10.910	0.92830	0.93021			6
2025.10.15	00:29:11.408	0.92875	0.93032			6
2025.10.15	00:29:11.907	0.92830	0.93023			6
2025.10.15	00:29:12.345	0.92873	0.93022			6
2025.10.15	00:29:12.657	0.92830	0.93015			6
2025.10.15	00:29:12.962	0.92820				2
2025.10.15	00:29:13.408	0.92873	0.93022			6
2025.10.15	00:29:13.898	0.92820	0.93021			6
2025.10.15	00:29:14.410	0.92875	0.93028			6
2025.10.15	00:29:14.909	0.92820	0.93021			6
2025.10.15	00:29:15.408	0.92873	0.93027			6
2025.10.15	00:29:15.907	0.92820	0.93021			6
2025.10.15	00:29:16.408	0.92873	0.93032			6
2025.10.15	00:29:16.911	0.92821	0.93019			6
2025.10.15	00:29:17.408	0.92874	0.93026			6
2025.10.15	00:29:17.908	0.92821	0.93019			6
2025.10.15	00:29:18.407	0.92874	0.93026			6
2025.10.15	00:29:18.909	0.92821	0.93019			6
2025.10.15	00:29:19.409	0.92874	0.93026			6
2025.10.15	00:29:19.910	0.92821	0.93019			6
2025.10.15	00:29:20.351	0.92873	0.93026			6
2025.10.15	00:29:20.910	0.92820	0.93019			6
2025.10.15	00:29:21.410	0.92872	0.93031			6
2025.10.15	00:29:21.909	0.92819	0.93019			6
2025.10.15	00:29:22.409	0.92872	0.93026			6
2025.10.15	00:29:22.910	0.92828				2
2025.10.15	00:29:23.410	0.92871				2
2025.10.15	00:29:23.910	0.92828	0.93022			6
2025.10.15	00:29:24.346	0.92871	0.93021			6
2025.10.15	00:29:24.908	0.92819	0.93020			6
2025.10.15	00:29:25.408	0.92871	0.93031			6
2025.10.15	00:29:25.911	0.92827	0.93022			6
2025.10.15	00:29:26.409	0.92872	0.93026			6
2025.10.15	00:29:26.908	0.92827	0.93022			6
2025.10.15	00:29:27.409	0.92871	0.93021			6
2025.10.15	00:29:27.909	0.92827	0.93022			6
2025.10.15	00:29:28.344	0.92871	0.93021			6
2025.10.15	00:29:28.910	0.92819	0.93019			6
2025.10.15	00:29:29.410	0.92871	0.93025			6
2025.10.15	00:29:29.908	0.92816	0.93019			6
2025.10.15	00:29:30.361	0.92871	0.93027			6
2025.10.15	00:29:30.908	0.92818	0.93020			6
2025.10.15	00:29:31.407	0.92871	0.93031			6
2025.10.15	00:29:31.910	0.92819	0.93019			6
2025.10.15	00:29:32.405	0.92871	0.93025			6
2025.10.15	00:29:32.803	0.92819	0.93020			6
2025.10.15	00:29:33.408	0.92871	0.93031			6
2025.10.15	00:29:33.909	0.92819	0.93019			6
2025.10.15	00:29:34.408	0.92871	0.93025			6
2025.10.15	00:29:34.907	0.92815	0.93026			6
2025.10.15	00:29:35.409	0.92871	0.93027			6
2025.10.15	00:29:35.910	0.92817	0.93020			6
2025.10.15	00:29:36.351	0.92871	0.93031			6
2025.10.15	00:29:36.908	0.92820	0.93020			6
2025.10.15	00:29:37.409	0.92871	0.93027			6
2025.10.15	00:29:37.911	0.92819	0.93020			6
2025.10.15	00:29:38.409	0.92872	0.93031			6
2025.10.15	00:29:38.909	0.92819	0.93020			6
2025.10.15	00:29:39.410	0.92871	0.93027			6
2025.10.15	00:29:39.910	0.92810	0.93022			6
2025.10.15	00:29:45.231		0.93021			4
2025.10.15	00:29:49.627		0.93022			4
2025.10.15	00:29:57.370		0.93021			4
2025.10.15	00:30:00.377	0.92859	0.93025			6
2025.10.15	00:30:01.272	0.92860	0.93027			6
2025.10.15	00:30:10.492	0.92870	0.93024			6
2025.10.15	00:30:13.429		0.93023			4
2025.10.15	00:30:26.030		0.93022			4
2025.10.15	00:30:29.818	0.92871				2
2025.10.15	00:30:34.704		0.93025			4
2025.10.15	00:30:35.445	0.92893	0.93026			6
2025.10.15	00:30:35.988		0.93027			4
2025.10.15	00:30:43.131		0.93026			4
2025.10.15	00:31:00.422	0.92893				2
2025.10.15	00:31:01.730		0.93025			4
2025.10.15	00:31:07.473	0.92897				2
2025.10.15	00:31:13.494		0.93026			4
2025.10.15	00:31:15.374	0.92891	0.93025			6
2025.10.15	00:31:20.029		0.93024			4
2025.10.15	00:31:22.924		0.93025			4
2025.10.15	00:31:29.029		0.93024			4
2025.10.15	00:31:35.116		0.93025			4
2025.10.15	00:31:40.132		0.93024			4
2025.10.15	00:32:02.929	0.92891				2
2025.10.15	00:32:03.322		0.93025			4
2025.10.15	00:32:14.455	0.92878	0.93021			6
2025.10.15	00:32:14.876	0.92885	0.93023			6
2025.10.15	00:32:26.930		0.93022			4
2025.10.15	00:32:29.461	0.92886	0.93023			6
2025.10.15	00:32:35.929		0.93024			4
2025.10.15	00:32:37.737	0.92858	0.93022			6
2025.10.15	00:32:44.329	0.92865				2
2025.10.15	00:32:45.229		0.93021			4
2025.10.15	00:32:58.533		0.93020			4
2025.10.15	00:32:59.461	0.92861				2
2025.10.15	00:33:00.429	0.92861				2
2025.10.15	00:33:01.053		0.93016			4
2025.10.15	00:33:08.396	0.92901	0.93019			6
2025.10.15	00:33:08.769	0.92907	0.93026			6
2025.10.15	00:33:10.154	0.92892	0.93023			6
2025.10.15	00:33:14.028		0.93022			4
2025.10.15	00:33:14.982	0.92895	0.93019			6
2025.10.15	00:33:16.187	0.92899				2
2025.10.15	00:33:21.941	0.92900	0.93021			6
2025.10.15	00:33:23.741		0.93022			4
2025.10.15	00:33:30.229		0.93023			4
2025.10.15	00:33:50.329		0.93022			4
2025.10.15	00:34:00.450	0.92900				2
2025.10.15	00:34:02.044		0.93021			4
2025.10.15	00:34:04.053		0.93018			4
2025.10.15	00:34:09.196	0.92901	0.93017			6
2025.10.15	00:34:10.173	0.92897	0.93015			6
2025.10.15	00:34:10.693	0.92908	0.93014			6
2025.10.15	00:34:11.193	0.92897	0.93016			6
2025.10.15	00:34:11.536	0.92908	0.93014			6
2025.10.15	00:34:12.192	0.92898				2
2025.10.15	00:34:12.694	0.92908				2
2025.10.15	00:34:13.129	0.92896	0.93016			6
2025.10.15	00:34:13.692	0.92908	0.93014			6
2025.10.15	00:34:14.195	0.92896	0.93016			6
2025.10.15	00:34:14.693	0.92909	0.93013			6
2025.10.15	00:34:15.194	0.92899				2
2025.10.15	00:34:15.686	0.92908	0.93014			6
2025.10.15	00:34:16.128	0.92898				2
2025.10.15	00:34:16.429	0.92906				2
2025.10.15	00:34:16.737	0.92899				2
2025.10.15	00:34:17.192	0.92908				2
2025.10.15	00:34:17.683	0.92899	0.93013			6
2025.10.15	00:34:18.694	0.92906	0.93014			6
2025.10.15	00:34:19.140	0.92899	0.93013			6
2025.10.15	00:34:19.684	0.92898	0.93014			6
2025.10.15	00:34:20.191	0.92906	0.93013			6
2025.10.15	00:34:20.628	0.92899				2
2025.10.15	00:34:21.134	0.92900	0.93012			6
2025.10.15	00:34:21.536	0.92907				2
2025.10.15	00:34:22.129	0.92900				2
2025.10.15	00:34:23.029	0.92906	0.93013			6
2025.10.15	00:34:23.685	0.92900	0.93012			6
2025.10.15	00:34:25.697	0.92898	0.93014			6
2025.10.15	00:34:26.195	0.92901	0.93012			6
2025.10.15	00:34:26.691	0.92898	0.93014			6
2025.10.15	00:34:27.133	0.92901	0.93011			6
2025.10.15	00:34:29.132	0.92898				2
2025.10.15	00:34:30.095		0.93010			4
2025.10.15	00:34:30.658		0.93011			4
2025.10.15	00:34:32.691	0.92897				2
2025.10.15	00:34:34.639	0.92899	0.93009			6
2025.10.15	00:34:34.971	0.92898	0.93010			6
2025.10.15	00:34:35.637		0.93009			4
2025.10.15	00:34:35.941		0.93010			4
2025.10.15	00:34:39.190	0.92897				2
2025.10.15	00:34:39.694	0.92898				2
2025.10.15	00:34:40.138	0.92900	0.93008			6
2025.10.15	00:34:41.199	0.92898	0.93010			6
2025.10.15	00:34:42.184	0.92900	0.93008			6
2025.10.15	00:34:42.706	0.92899				2
2025.10.15	00:34:43.188	0.92898	0.93010			6
2025.10.15	00:34:43.683	0.92900	0.93008			6
2025.10.15	00:34:43.987	0.92899	0.93009			6
2025.10.15	00:34:44.635	0.92898	0.93010			6
2025.10.15	00:34:45.192	0.92900	0.93007			6
2025.10.15	00:34:45.698	0.92898	0.93010			6
2025.10.15	00:34:46.134	0.92901	0.93007			6
2025.10.15	00:34:46.687	0.92899	0.93009			6
2025.10.15	00:34:47.200	0.92900	0.93008			6
2025.10.15	00:34:47.688	0.92899	0.93009			6
2025.10.15	00:34:48.133	0.92900	0.93008			6
2025.10.15	00:34:49.191	0.92898	0.93009			6
2025.10.15	00:34:49.694	0.92901	0.93007			6
2025.10.15	00:34:50.134	0.92898	0.93009			6
2025.10.15	00:34:50.684	0.92900	0.93008			6
2025.10.15	00:34:51.188	0.92901	0.93007			6
2025.10.15	00:34:51.537	0.92899	0.93009			6
2025.10.15	00:34:52.182	0.92901	0.93007			6
2025.10.15	00:34:52.634	0.92899	0.93008			6
2025.10.15	00:34:53.197	0.92900				2
2025.10.15	00:34:53.634	0.92899				2
2025.10.15	00:34:54.184	0.92901	0.93007			6
2025.10.15	00:34:54.693	0.92899	0.93009			6
2025.10.15	00:34:55.190	0.92901	0.93007			6
2025.10.15	00:34:55.687	0.92899	0.93008			6
2025.10.15	00:34:56.630	0.92901	0.93007			6
2025.10.15	00:34:57.183		0.93006			4
2025.10.15	00:34:57.699	0.92899	0.93008			6
2025.10.15	00:34:58.129		0.93009			4
2025.10.15	00:34:59.198	0.92900	0.93007			6
2025.10.15	00:34:59.633		0.93008			4
2025.10.15	00:35:00.199	0.92901	0.93006			6
2025.10.15	00:35:04.728	0.92900	0.93008			6
2025.10.15	00:35:05.342	0.92901	0.93007			6
2025.10.15	00:35:05.835	0.92900	0.93008			6
2025.10.15	00:35:06.835	0.92901	0.93006			6
2025.10.15	00:35:07.334	0.92908	0.93008			6
2025.10.15	00:35:07.834	0.92902	0.93006			6
2025.10.15	00:35:08.333	0.92909	0.93008			6
2025.10.15	00:35:08.835	0.92899				2
2025.10.15	00:35:09.333	0.92909				2
2025.10.15	00:35:09.830	0.92902	0.93006			6
2025.10.15	00:35:10.335	0.92908	0.93007			6
2025.10.15	00:35:10.834	0.92902	0.93006			6
2025.10.15	00:35:11.334	0.92908	0.93007			6
2025.10.15	00:35:11.723	0.92902	0.93009			6
2025.10.15	00:35:12.335	0.92909	0.93008			6
2025.10.15	00:35:12.829	0.92903	0.93009			6
2025.10.15	00:35:13.334	0.92909	0.93008			6
2025.10.15	00:35:13.835	0.92903	0.93009			6
2025.10.15	00:35:14.335	0.92909	0.93007			6
2025.10.15	00:35:14.835	0.92903	0.93009			6
2025.10.15	00:35:15.338	0.92905	0.93008			6
2025.10.15	00:35:15.835	0.92903				2
2025.10.15	00:35:16.834	0.92904				2
2025.10.15	00:35:18.839	0.92907				2
2025.10.15	00:35:19.337	0.92904				2
2025.10.15	00:35:19.729	0.92909	0.93007			6
2025.10.15	00:35:20.335	0.92903	0.93009			6
2025.10.15	00:35:20.820	0.92908	0.93007			6
2025.10.15	00:35:21.322	0.92903	0.93009			6
2025.10.15	00:35:21.834	0.92909	0.93007			6
2025.10.15	00:35:22.322	0.92903	0.93005			6
2025.10.15	00:35:22.834	0.92908	0.93007			6
2025.10.15	00:35:23.321	0.92901				2
2025.10.15	00:35:23.834	0.92909				2
2025.10.15	00:35:24.334	0.92903	0.93005			6
2025.10.15	00:35:24.837	0.92908	0.93007			6
2025.10.15	00:35:25.321	0.92903	0.93005			6
2025.10.15	00:35:25.820	0.92908	0.93007			6
2025.10.15	00:35:26.336	0.92903	0.93005			6
2025.10.15	00:35:26.821	0.92907	0.93006			6
2025.10.15	00:35:27.341	0.92903	0.93005			6
2025.10.15	00:35:27.834	0.92907	0.93007			6
2025.10.15	00:35:28.337	0.92903	0.93005			6
2025.10.15	00:35:28.786	0.92907	0.93006			6
2025.10.15	00:35:29.320	0.92904	0.93004			6
2025.10.15	00:35:29.835	0.92908	0.93006			6
2025.10.15	00:35:30.338	0.92904	0.93004			6
2025.10.15	00:35:30.837	0.92908	0.93007			6
2025.10.15	00:35:31.337	0.92903	0.93005			6
2025.10.15	00:35:31.842	0.92908	0.93007			6
2025.10.15	00:35:32.257	0.92903	0.93005			6
2025.10.15	00:35:32.838	0.92908	0.93006			6
2025.10.15	00:35:33.337	0.92902				2
2025.10.15	00:35:33.838	0.92908				2
2025.10.15	00:35:34.336	0.92904	0.93004			6
2025.10.15	00:35:34.835	0.92906	0.93009			6
2025.10.15	00:35:35.326	0.92905	0.93010			6
2025.10.15	00:35:39.842	0.92906	0.93009			6
2025.10.15	00:35:41.721		0.93017			4
2025.10.15	00:35:47.254	0.92904	0.93019			6
2025.10.15	00:35:49.837		0.93018			4
2025.10.15	00:35:56.929	0.92905				2
2025.10.15	00:35:58.729		0.93017			4
2025.10.15	00:36:00.450	0.92905				2
2025.10.15	00:36:01.538	0.92904	0.93018			6
2025.10.15	00:36:02.349		0.93019			4
2025.10.15	00:36:03.198	0.92905	0.93018			6
2025.10.15	00:36:04.200	0.92904	0.93019			6
2025.10.15	00:36:05.698	0.92905	0.93017			6
2025.10.15	00:36:15.832	0.92906				2
2025.10.15	00:36:17.640	0.92905				2
2025.10.15	00:36:30.530	0.92906				2
2025.10.15	00:36:44.633		0.93016			4
2025.10.15	00:36:58.051	0.92907				2
2025.10.15	00:37:00.230	0.92906				2
2025.10.15	00:37:01.541	0.92907				2
2025.10.15	00:37:03.202	0.92905	0.93017			6
2025.10.15	00:37:05.630	0.92906				2
2025.10.15	00:37:07.889	0.92907	0.93016			6
2025.10.15	00:37:08.330	0.92908	0.93015			6
2025.10.15	00:37:11.030	0.92907				2
2025.10.15	00:37:16.133	0.92908	0.93014			6
2025.10.15	00:37:18.346	0.92907	0.93016			6
2025.10.15	00:37:22.430		0.93015			4
2025.10.15	00:37:32.029	0.92908				2
2025.10.15	00:37:34.329	0.92907				2
2025.10.15	00:37:35.929	0.92908				2
2025.10.15	00:37:37.922	0.92909	0.93013			6
2025.10.15	00:37:49.836	0.92910				2
2025.10.15	00:37:53.708		0.93012			4
2025.10.15	00:38:00.648	0.92910				2
2025.10.15	00:38:03.234		0.93013			4
2025.10.15	00:38:05.701	0.92911	0.93011			6
2025.10.15	00:38:06.181	0.92910	0.93012			6
2025.10.15	00:38:09.704	0.92911				2
2025.10.15	00:38:10.204	0.92909	0.93013			6
2025.10.15	00:38:11.329	0.92910				2
2025.10.15	00:38:18.228		0.93012			4
2025.10.15	00:38:19.870	0.92909	0.93013			6
2025.10.15	00:38:21.536	0.92910				2
2025.10.15	00:38:22.730		0.93012			4
2025.10.15	00:38:30.051	0.92911				2
2025.10.15	00:38:35.032		0.93011			4
2025.10.15	00:38:37.989	0.92912				2
2025.10.15	00:38:39.229		0.93010			4
2025.10.15	00:38:43.128		0.93011			4
2025.10.15	00:38:47.252	0.92911				2
2025.10.15	00:38:48.229	0.92910	0.93012			6
2025.10.15	00:38:49.430	0.92911				2
2025.10.15	00:38:50.330		0.93011			4
2025.10.15	00:38:50.658	0.92912				2
2025.10.15	00:38:51.052	0.92910	0.93012			6
2025.10.15	00:38:53.052	0.92911	0.93011			6
2025.10.15	00:38:55.929		0.93020			4
2025.10.15	00:38:57.530		0.93019			4
2025.10.15	00:38:59.907		0.93020			4
2025.10.15	00:39:00.450	0.92911				2
2025.10.15	00:39:00.830		0.93019			4
2025.10.15	00:39:01.539	0.92912				2
2025.10.15	00:39:02.929		0.93018			4
2025.10.15	00:39:08.630	0.92913				2
2025.10.15	00:39:09.236	0.92912	0.93019			6
2025.10.15	00:39:10.236		0.93018			4
2025.10.15	00:39:12.245		0.93019			4
2025.10.15	00:39:22.837		0.93018			4
2025.10.15	00:39:33.433		0.93019			4
2025.10.15	00:39:37.545		0.93017			4
2025.10.15	00:39:39.184	0.92911				2
2025.10.15	00:39:43.488	0.92912				2
2025.10.15	00:39:46.250		0.93020			4
2025.10.15	00:39:48.830	0.92911	0.93017			6
2025.10.15	00:39:50.144		0.93018			4
2025.10.15	00:39:51.104	0.92910				2
2025.10.15	00:39:55.283	0.92911	0.93020			6
2025.10.15	00:39:56.053	0.92912	0.93019			6
2025.10.15	00:39:57.229	0.92911	0.93020			6
2025.10.15	00:39:59.636	0.92910	0.93021			6
2025.10.15	00:40:00.350	0.92909				2
2025.10.15	00:40:00.816		0.93020			4
2025.10.15	00:40:02.329	0.92908				2
2025.10.15	00:40:03.830	0.92909				2
2025.10.15	00:40:08.330		0.93021			4
2025.10.15	00:40:11.030		0.93020			4
2025.10.15	00:40:13.730		0.93021			4
2025.10.15	00:40:16.429		0.93020			4
2025.10.15	00:40:16.730	0.92908	0.93021			6
2025.10.15	00:40:19.730	0.92909	0.93032			6
2025.10.15	00:40:20.930	0.92908				2
2025.10.15	00:40:24.232	0.92909				2
2025.10.15	00:40:41.929	0.92910				2
2025.10.15	00:40:47.445		0.93031			4
2025.10.15	00:40:50.934	0.92914				2
2025.10.15	00:40:54.777	0.92913				2
2025.10.15	00:40:56.015		0.93026			4
2025.10.15	00:40:57.826	0.92912	0.93020			6
2025.10.15	00:40:58.430	0.92913	0.93028			6
2025.10.15	00:41:00.351	0.92912				2
2025.10.15	00:41:03.230	0.92911				2
2025.10.15	00:41:03.694	0.92912				2
2025.10.15	00:41:04.730	0.92911				2
2025.10.15	00:41:07.429	0.92912				2
2025.10.15	00:41:09.836		0.93027			4
2025.10.15	00:41:14.446		0.93026			4
2025.10.15	00:41:16.211		0.93023			4
2025.10.15	00:41:26.448		0.93026			4
2025.10.15	00:41:28.973	0.92913				2
2025.10.15	00:41:30.817		0.93029			4
2025.10.15	00:41:31.428	0.92912	0.93030			6
2025.10.15	00:41:32.929	0.92913				2
2025.10.15	00:41:36.672	0.92914				2
2025.10.15	00:41:38.328	0.92915				2
2025.10.15	00:41:41.675	0.92914				2
2025.10.15	00:41:42.052	0.92912				2
2025.10.15	00:41:45.350	0.92913				2
2025.10.15	00:41:46.051	0.92914				2
2025.10.15	00:41:48.345	0.92915	0.93024			6
2025.10.15	00:41:49.451		0.93016			4
2025.10.15	00:41:49.871	0.92914				2
2025.10.15	00:41:50.409	0.92915	0.93017			6
2025.10.15	00:41:51.943	0.92914	0.93018			6
2025.10.15	00:41:58.347	0.92915	0.93017			6
2025.10.15	00:41:59.630	0.92914				2
2025.10.15	00:42:00.358	0.92914				2
2025.10.15	00:42:00.852	0.92913	0.93018			6
2025.10.15	00:42:02.030		0.93019			4
2025.10.15	00:42:07.429		0.93018			4
2025.10.15	00:42:12.398	0.92919	0.93017			6
2025.10.15	00:42:12.748	0.92914	0.93018			6
2025.10.15	00:42:13.248	0.92915	0.93017			6
2025.10.15	00:42:14.029	0.92914	0.93018			6
2025.10.15	00:42:15.830		0.93017			4
2025.10.15	00:42:17.034	0.92915				2
2025.10.15	00:42:20.030		0.93035			4
2025.10.15	00:42:26.511	0.92916				2
2025.10.15	00:42:30.830	0.92915				2
2025.10.15	00:42:32.329	0.92914				2
2025.10.15	00:42:34.129	0.92915				2
2025.10.15	00:42:37.129	0.92916				2
2025.10.15	00:42:37.828	0.92915				2
2025.10.15	00:42:38.160		0.93031			4
2025.10.15	00:42:45.353	0.92916				2
2025.10.15	00:42:47.629	0.92917				2
2025.10.15	00:42:49.129	0.92916				2
2025.10.15	00:42:50.786	0.92917				2
2025.10.15	00:42:53.029	0.92916				2
2025.10.15	00:43:00.350	0.92915				2
2025.10.15	00:43:25.128	0.92916				2
2025.10.15	00:43:26.244		0.93030			4
2025.10.15	00:43:26.744	0.92915	0.93031			6
2025.10.15	00:43:27.244		0.93030			4
2025.10.15	00:43:31.735	0.92916				2
2025.10.15	00:43:35.916	0.92918	0.93032			6
2025.10.15	00:43:37.053	0.92919				2
2025.10.15	00:43:37.673		0.93037			4
2025.10.15	00:43:40.729	0.92920				2
2025.10.15	00:43:42.859	0.92918				2
2025.10.15	00:43:44.141	0.92917				2
2025.10.15	00:43:44.938	0.92916	0.93035			6
2025.10.15	00:43:47.006		0.93032			4
2025.10.15	00:43:50.158		0.93037			4
2025.10.15	00:43:51.800		0.93028			4
2025.10.15	00:43:59.143	0.92917				2
2025.10.15	00:44:00.451	0.92917				2
2025.10.15	00:44:14.669	0.92918				2
2025.10.15	00:44:15.154	0.92916	0.93025			6
2025.10.15	00:44:15.655	0.92917	0.93026			6
2025.10.15	00:44:16.154	0.92916	0.93025			6
2025.10.15	00:44:16.655	0.92917	0.93012			6
2025.10.15	00:44:17.158	0.92916	0.93013			6
2025.10.15	00:44:17.654	0.92917				2
2025.10.15	00:44:19.873	0.92916	0.93016			6
2025.10.15	00:44:20.319	0.92917	0.93017			6
2025.10.15	00:44:20.873		0.93016			4
2025.10.15	00:44:22.430		0.93017			4
2025.10.15	00:44:23.568		0.93013			4
2025.10.15	00:44:29.144		0.93012			4
2025.10.15	00:44:31.134		0.93013			4
2025.10.15	00:44:34.544	0.92918	0.93012			6
2025.10.15	00:44:35.630	0.92917				2
2025.10.15	00:44:37.429		0.93013			4
2025.10.15	00:44:39.042	0.92918	0.93012			6
2025.10.15	00:44:41.690	0.92917				2
2025.10.15	00:44:43.430		0.93013			4
2025.10.15	00:44:44.071	0.92915				2
2025.10.15	00:44:44.572	0.92916	0.93011			6
2025.10.15	00:44:45.074	0.92915	0.93013			6
2025.10.15	00:44:45.568	0.92914	0.93014			6
2025.10.15	00:44:47.261		0.93033			4
2025.10.15	00:44:54.830	0.92915				2
2025.10.15	00:44:59.029	0.92916	0.93038			6
2025.10.15	00:44:59.787	0.92917	0.93035			6
2025.10.15	00:45:00.243	0.92917	0.93038			6
2025.10.15	00:45:00.618		0.93011			4
2025.10.15	00:45:03.155	0.92901	0.93020			6
2025.10.15	00:45:03.464	0.92902	0.93021			6
2025.10.15	00:45:06.376	0.92917	0.93011			6
2025.10.15	00:45:10.742	0.92935	0.92993			6
2025.10.15	00:45:35.467	0.92937	0.92991			6
2025.10.15	00:45:39.238	0.92938	0.92990			6
2025.10.15	00:45:43.915	0.92936	0.92992			6
2025.10.15	00:45:45.070		0.92993			4
2025.10.15	00:45:46.129		0.92994			4
2025.10.15	00:45:52.429		0.92993			4
2025.10.15	00:45:53.629		0.92994			4
2025.10.15	00:45:55.129	0.92935				2
2025.10.15	00:46:00.535	0.92935				2
2025.10.15	00:46:17.115		0.92995			4
2025.10.15	00:46:25.730	0.92934				2
2025.10.15	00:46:29.141	0.92935	0.92994			6
2025.10.15	00:46:57.136	0.92934	0.93020			6
2025.10.15	00:46:58.744	0.92935				2
2025.10.15	00:46:59.468	0.92936				2
2025.10.15	00:47:00.829	0.92936				2
2025.10.15	00:47:02.629	0.92937				2
2025.10.15	00:47:03.181	0.92921	0.93004			6
2025.10.15	00:47:06.656	0.92937	0.93020			6
2025.10.15	00:47:09.239		0.93022			4
2025.10.15	00:47:09.796	0.92938				2
2025.10.15	00:47:15.831	0.92937				2
2025.10.15	00:47:24.239		0.93018			4
2025.10.15	00:47:30.354	0.92936				2
2025.10.15	00:47:30.848	0.92935				2
2025.10.15	00:47:40.871	0.92936				2
2025.10.15	00:47:42.229	0.92937				2
2025.10.15	00:47:44.593	0.92936	0.93022			6
2025.10.15	00:47:50.198	0.92937	0.93023			6
2025.10.15	00:47:50.712	0.92938	0.93022			6
2025.10.15	00:47:54.832	0.92937				2
2025.10.15	00:48:00.360	0.92937				2
2025.10.15	00:48:10.421	0.92936				2
2025.10.15	00:48:11.631	0.92935				2
2025.10.15	00:48:20.977	0.92936				2
2025.10.15	00:48:24.243		0.93021			4
2025.10.15	00:48:32.331	0.92937				2
2025.10.15	00:48:39.241		0.93022			4
2025.10.15	00:48:43.134	0.92936				2
2025.10.15	00:48:59.144	0.92935				2
2025.10.15	00:49:00.427	0.92934				2
2025.10.15	00:49:00.825		0.93021			4
2025.10.15	00:49:03.318		0.93022			4
2025.10.15	00:49:04.129	0.92935				2
2025.10.15	00:49:06.304	0.92933				2
2025.10.15	00:49:10.329	0.92934				2
2025.10.15	00:49:11.053	0.92935				2
2025.10.15	00:49:14.171	0.92936				2
2025.10.15	00:49:18.829	0.92935				2
2025.10.15	00:49:23.329	0.92936				2
2025.10.15	00:49:30.479	0.92935				2
2025.10.15	00:49:31.461	0.92934				2
2025.10.15	00:49:35.319	0.92935				2
2025.10.15	00:49:40.357	0.92937				2
2025.10.15	00:49:47.029	0.92936				2
2025.10.15	00:50:00.835	0.92936				2
2025.10.15	00:50:03.686	0.92935	0.93022			6
2025.10.15	00:50:10.871	0.92934				2
2025.10.15	00:50:14.238	0.92933				2
2025.10.15	00:50:16.001		0.93021			4
2025.10.15	00:50:19.562	0.92934				2
2025.10.15	00:50:20.864	0.92935				2
2025.10.15	00:50:22.414		0.93022			4
2025.10.15	00:50:29.029	0.92934				2
2025.10.15	00:50:55.729	0.92933				2
2025.10.15	00:51:00.229	0.92932				2
2025.10.15	00:51:02.043	0.92933				2
2025.10.15	00:51:04.052	0.92934				2
2025.10.15	00:51:07.429	0.92935				2
2025.10.15	00:51:10.362	0.92936				2
2025.10.15	00:51:16.130	0.92935				2
2025.10.15	00:51:22.729		0.93022			4
2025.10.15	00:51:27.016	0.92934	0.93024			6
2025.10.15	00:51:27.718	0.92933				2
2025.10.15	00:51:30.229	0.92932				2
2025.10.15	00:51:35.356		0.93021			4
2025.10.15	00:51:38.630	0.92933				2
2025.10.15	00:51:39.240	0.92932	0.93022			6
2025.10.15	00:51:40.355	0.92934				2
2025.10.15	00:51:49.657	0.92935				2
2025.10.15	00:51:56.029	0.92936				2
2025.10.15	00:51:59.143	0.92935				2
2025.10.15	00:52:00.357	0.92934				2
2025.10.15	00:52:11.920	0.92933				2
2025.10.15	00:52:12.434	0.92934				2
2025.10.15	00:52:37.731	0.92933				2
2025.10.15	00:52:40.380	0.92932	0.93022			6
2025.10.15	00:52:41.252		0.93025			4
2025.10.15	00:52:41.946		0.93023			4
2025.10.15	00:52:43.429	0.92931				2
2025.10.15	00:52:44.750	0.92932				2
2025.10.15	00:52:45.830	0.92933	0.93022			6
2025.10.15	00:52:47.513	0.92932				2
2025.10.15	00:52:49.721	0.92933				2
2025.10.15	00:52:54.242	0.92934				2
2025.10.15	00:52:58.858	0.92933				2
2025.10.15	00:53:00.353	0.92932				2
2025.10.15	00:53:00.732	0.92933				2
2025.10.15	00:53:20.430	0.92932				2
2025.10.15	00:53:22.050	0.92931				2
2025.10.15	00:53:26.251	0.92934				2
2025.10.15	00:53:35.929	0.92935				2
2025.10.15	00:53:37.946	0.92933				2
2025.10.15	00:53:39.829	0.92934				2
2025.10.15	00:53:42.052	0.92935				2
2025.10.15	00:53:44.144	0.92934				2
2025.10.15	00:53:47.029		0.93022			4
2025.10.15	00:53:55.258	0.92932				2
2025.10.15	00:54:01.537	0.92932				2
2025.10.15	00:54:07.729	0.92933				2
2025.10.15	00:54:13.538	0.92932	0.93023			6
2025.10.15	00:54:14.028		0.93022			4
2025.10.15	00:54:16.609	0.92933				2
2025.10.15	00:54:17.929	0.92934				2
2025.10.15	00:54:19.818	0.92935				2
2025.10.15	00:54:30.844	0.92934				2
2025.10.15	00:54:34.691	0.92933				2
2025.10.15	00:54:53.330	0.92932				2
2025.10.15	00:54:57.290	0.92933				2
2025.10.15	00:54:59.142	0.92932				2
2025.10.15	00:55:00.360	0.92933				2
2025.10.15	00:55:04.071	0.92932	0.93024			6
2025.10.15	00:55:05.930		0.93006			4
2025.10.15	00:55:10.129	0.92931	0.93007			6
2025.10.15	00:55:11.055	0.92932	0.93006			6
2025.10.15	00:55:18.932	0.92931				2
2025.10.15	00:55:20.029	0.92932				2
2025.10.15	00:55:27.529	0.92931	0.93007			6
2025.10.15	00:55:34.929	0.92855	0.93032			6
2025.10.15	00:55:35.229	0.92854				2
2025.10.15	00:55:35.982	0.92871				2
2025.10.15	00:55:49.998	0.92867	0.93029			6
2025.10.15	00:56:05.029	0.92867				2
2025.10.15	00:56:29.642	0.92876	0.93028			6
2025.10.15	00:57:04.999	0.92885	0.93026			6
2025.10.15	00:57:19.731	0.92880				2
2025.10.15	00:57:48.832	0.92890				2
2025.10.15	00:57:58.399	0.92889				2
2025.10.15	00:58:00.530	0.92889				2
2025.10.15	00:58:03.538	0.92888				2
2025.10.15	00:58:05.613		0.93026			4
2025.10.15	00:58:06.859	0.92887				2
2025.10.15	00:58:12.005	0.92884	0.93024			6
2025.10.15	00:58:12.321	0.92885	0.93025			6
2025.10.15	00:58:16.044	0.92884				2
2025.10.15	00:58:18.984	0.92883				2
2025.10.15	00:58:24.230	0.92882				2
2025.10.15	00:58:28.129	0.92883				2
2025.10.15	00:58:34.052	0.92882				2
2025.10.15	00:58:43.429	0.92881				2
2025.10.15	00:58:44.352	0.92882				2
2025.10.15	00:58:53.036	0.92881				2
2025.10.15	00:58:54.830	0.92882				2
2025.10.15	00:58:57.005	0.92881				2
2025.10.15	00:58:58.128	0.92882				2
2025.10.15	00:59:01.132	0.92881				2
2025.10.15	00:59:02.357	0.92880				2
2025.10.15	00:59:08.048	0.92879				2
2025.10.15	00:59:12.603	0.92880	0.93025			6
2025.10.15	00:59:13.730	0.92879				2
2025.10.15	00:59:20.901	0.92883				2
2025.10.15	00:59:21.500	0.92884				2
2025.10.15	00:59:22.050	0.92880				2
2025.10.15	00:59:28.435	0.92881				2
2025.10.15	00:59:30.348	0.92880				2
2025.10.15	00:59:31.051	0.92882				2
2025.10.15	00:59:49.149	0.92884				2
2025.10.15	00:59:49.654	0.92883	0.93029			6
2025.10.15	00:59:50.030	0.92884	0.93025			6
2025.10.15	00:59:50.642		0.93026			4
2025.10.15	00:59:51.416	0.92882				2
2025.10.15	00:59:53.329		0.93024			4
2025.10.15	00:59:56.050	0.92883				2
2025.10.15	01:00:00.290	0.92894				2
2025.10.15	01:00:00.606	0.92907				2
2025.10.15	01:00:01.311	0.92928				2
2025.10.15	01:00:01.745	0.92942	0.93023			6
2025.10.15	01:00:02.399	0.92932				2
2025.10.15	01:00:03.338	0.92899	0.93046			6
2025.10.15	01:00:03.674	0.92896	0.93042			6
2025.10.15	01:00:04.324	0.92897	0.93043			6
2025.10.15	01:00:06.236		0.93042			4
2025.10.15	01:00:06.585	0.92942	0.93023			6
2025.10.15	01:00:06.895	0.92951	0.93016			6
2025.10.15	01:00:12.359	0.92929				2
2025.10.15	01:00:12.747	0.92944				2
2025.10.15	01:00:13.073	0.92946				2
2025.10.15	01:00:13.451	0.92951				2
2025.10.15	01:00:14.361		0.93018			4
2025.10.15	01:00:14.706	0.92954				2
2025.10.15	01:00:21.062		0.93016			4
2025.10.15	01:00:21.737		0.93020			4
2025.10.15	01:00:22.061		0.93016			4
2025.10.15	01:00:23.941	0.92956				2
2025.10.15	01:00:24.607	0.92952				2
2025.10.15	01:00:24.942	0.92954				2
2025.10.15	01:00:27.529	0.92957				2
2025.10.15	01:00:32.971	0.92954				2
2025.10.15	01:00:33.829	0.92956	0.93015			6
2025.10.15	01:00:35.675	0.92959	0.93017			6
2025.10.15	01:00:37.872		0.93015			4
2025.10.15	01:00:40.484	0.92961	0.93014			6
2025.10.15	01:00:41.930	0.92963				2
2025.10.15	01:00:42.254		0.93013			4
2025.10.15	01:00:50.486	0.92960	0.93014			6
2025.10.15	01:00:51.482		0.93015			4
2025.10.15	01:00:51.932	0.92963				2
2025.10.15	01:00:52.618		0.93011			4
2025.10.15	01:00:53.045	0.92964	0.93010			6
2025.10.15	01:00:53.581		0.93013			4
2025.10.15	01:00:54.524		0.92995			4
2025.10.15	01:00:54.841		0.92994			4
2025.10.15	01:00:55.187		0.93011			4
2025.10.15	01:00:57.977		0.93009			4
2025.10.15	01:00:58.296		0.93008			4
2025.10.15	01:01:00.022	0.92965				2
2025.10.15	01:01:00.378		0.93009			4
2025.10.15	01:01:02.639	0.92964	0.92990			6
2025.10.15	01:01:02.972	0.92965	0.92987			6
2025.10.15	01:01:03.279	0.92964	0.92988			6
2025.10.15	01:01:03.583	0.92965				2
2025.10.15	01:01:03.908		0.92995			4
2025.10.15	01:01:04.242		0.93008			4
2025.10.15	01:01:06.134	0.92962	0.93007			6
2025.10.15	01:01:07.335	0.92964				2
2025.10.15	01:01:08.268	0.92963	0.93006			6
2025.10.15	01:01:08.696	0.92969	0.93005			6
2025.10.15	01:01:14.991		0.93006			4
2025.10.15	01:01:16.473		0.92998			4
2025.10.15	01:01:17.684		0.93004			4
2025.10.15	01:01:17.989		0.93005			4
2025.10.15	01:01:18.488	0.92962	0.93006			6
2025.10.15	01:01:18.811	0.92964				2
2025.10.15	01:01:23.942		0.93005			4
2025.10.15	01:01:31.394	0.92962	0.93006			6
2025.10.15	01:01:31.715	0.92964				2
2025.10.15	01:01:32.033		0.93005			4
2025.10.15	01:01:36.230	0.92966				2
2025.10.15	01:01:36.538	0.92963	0.92999			6
2025.10.15	01:01:36.866		0.93000			4
2025.10.15	01:01:37.911		0.92999			4
2025.10.15	01:01:39.536		0.93001			4
2025.10.15	01:01:40.011	0.92962	0.93002			6
2025.10.15	01:01:44.824	0.92961	0.93003			6
2025.10.15	01:01:46.327		0.93002			4
2025.10.15	01:01:48.723	0.92969	0.93001			6
2025.10.15	01:01:50.051	0.92970				2
2025.10.15	01:01:58.728		0.93002			4
2025.10.15	01:01:59.851		0.93001			4
2025.10.15	01:02:00.266	0.92970	0.93000			6
2025.10.15	01:02:01.298	0.92973	0.93004			6
2025.10.15	01:02:03.530	0.92972	0.93003			6
2025.10.15	01:02:06.110	0.92971	0.92999			6
2025.10.15	01:02:06.651		0.93001			4
2025.10.15	01:02:12.204		0.93002			4
2025.10.15	01:02:14.095		0.93001			4
2025.10.15	01:02:25.390		0.92999			4
2025.10.15	01:02:25.999		0.93000			4
2025.10.15	01:02:28.114		0.92999			4
2025.10.15	01:02:29.560	0.92970	0.93001			6
2025.10.15	01:02:34.300		0.93000			4
2025.10.15	01:02:38.526	0.92974	0.93008			6
2025.10.15	01:02:38.839		0.93006			4
2025.10.15	01:02:40.194	0.92977	0.93009			6
2025.10.15	01:02:43.430		0.93008			4
2025.10.15	01:02:53.550		0.93009			4
2025.10.15	01:02:56.165		0.93008			4
2025.10.15	01:03:00.353	0.92977				2
2025.10.15	01:03:02.051		0.93007			4
2025.10.15	01:03:05.513	0.92978				2
2025.10.15	01:03:07.985	0.92979	0.93010			6
2025.10.15	01:03:09.335		0.93011			4
2025.10.15	01:03:10.242	0.92974	0.93010			6
2025.10.15	01:03:12.033	0.92976				2
2025.10.15	01:03:13.052		0.93014			4
2025.10.15	01:03:14.869		0.93016			4
2025.10.15	01:03:15.196	0.92977				2
2025.10.15	01:03:17.528	0.92978	0.93018			6
2025.10.15	01:03:17.851	0.92976	0.93017			6
2025.10.15	01:03:19.131		0.93015			4
2025.10.15	01:03:19.837	0.92975	0.93014			6
2025.10.15	01:03:21.549	0.92977	0.93013			6
2025.10.15	01:03:21.863	0.92978	0.93014			6
2025.10.15	01:03:22.290		0.93015			4
2025.10.15	01:03:23.873	0.92976				2
2025.10.15	01:03:24.242		0.93012			4
2025.10.15	01:03:24.671	0.92977	0.93013			6
2025.10.15	01:03:25.041	0.92976	0.93009			6
2025.10.15	01:03:25.426	0.92974	0.93007			6
2025.10.15	01:03:25.741	0.92972	0.92997			6
2025.10.15	01:03:26.229	0.92965				2
2025.10.15	01:03:26.780	0.92964	0.92993			6
2025.10.15	01:03:27.173		0.92990			4
2025.10.15	01:03:31.369	0.92965				2
2025.10.15	01:03:34.709		0.92991			4
2025.10.15	01:03:39.083		0.92992			4
2025.10.15	01:03:40.422		0.92991			4
2025.10.15	01:03:45.820		0.92992			4
2025.10.15	01:03:46.986		0.92990			4
2025.10.15	01:03:51.242		0.92991			4
2025.10.15	01:03:56.633		0.92992			4
2025.10.15	01:03:57.846	0.92964				2
2025.10.15	01:03:58.207	0.92965				2
2025.10.15	01:03:58.828	0.92968				2
2025.10.15	01:03:59.196	0.92969	0.92996			6
2025.10.15	01:03:59.542	0.92971	0.92999			6
2025.10.15	01:03:59.905		0.92998			4
2025.10.15	01:04:00.221	0.92972	0.93000			6
2025.10.15	01:04:01.434	0.92973				2
2025.10.15	01:04:02.659		0.93001			4
2025.10.15	01:04:03.093	0.92971				2
2025.10.15	01:04:04.432	0.92974	0.93004			6
2025.10.15	01:04:04.809		0.93002			4
2025.10.15	01:04:05.629	0.92975	0.93005			6
2025.10.15	01:04:12.947	0.92976	0.93002			6
2025.10.15	01:04:14.485	0.92973	0.93001			6
2025.10.15	01:04:21.507		0.93000			4
2025.10.15	01:04:22.145		0.93001			4
2025.10.15	01:04:24.516		0.92999			4
2025.10.15	01:04:25.731		0.93001			4
2025.10.15	01:04:27.211	0.92972	0.92999			6
2025.10.15	01:04:28.207	0.92973	0.93001			6
2025.10.15	01:04:29.103		0.93000			4
2025.10.15	01:04:31.654	0.92972	0.92999			6
2025.10.15	01:04:35.163	0.92973	0.93001			6
2025.10.15	01:04:44.191	0.92974	0.93002			6
2025.10.15	01:04:45.520	0.92975	0.93003			6
2025.10.15	01:04:52.408		0.93002			4
2025.10.15	01:05:00.234	0.92973	0.93001			6
2025.10.15	01:05:03.505	0.92971	0.93000			6
2025.10.15	01:05:08.500	0.92969	0.92997			6
2025.10.15	01:05:09.297		0.92996			4
2025.10.15	01:05:11.080	0.92972				2
2025.10.15	01:05:11.403	0.92971				2
2025.10.15	01:05:12.608	0.92972				2
2025.10.15	01:05:13.128	0.92971				2
2025.10.15	01:05:13.432	0.92966	0.92994			6
2025.10.15	01:05:13.775	0.92967				2
2025.10.15	01:05:14.078	0.92972	0.92997			6
2025.10.15	01:05:15.365	0.92968	0.92994			6
2025.10.15	01:05:15.673		0.92995			4
2025.10.15	01:05:17.037	0.92969				2
2025.10.15	01:05:19.854	0.92970	0.92998			6
2025.10.15	01:05:20.194		0.93001			4
2025.10.15	01:05:22.173	0.92972				2
2025.10.15	01:05:22.498	0.92974	0.93003			6
2025.10.15	01:05:22.831	0.92975	0.93002			6
2025.10.15	01:05:23.170		0.92999			4
2025.10.15	01:05:23.479	0.92976	0.93001			6
2025.10.15	01:05:23.810	0.92981	0.93007			6
2025.10.15	01:05:26.743	0.92979	0.93006			6
2025.10.15	01:05:27.554		0.93008			4
2025.10.15	01:05:29.068		0.93007			4
2025.10.15	01:05:30.387		0.93006			4
2025.10.15	01:05:32.762		0.93007			4
2025.10.15	01:05:35.606	0.92981	0.93008			6
2025.10.15	01:05:44.470	0.92979	0.93005			6
2025.10.15	01:05:45.504	0.92976	0.93004			6
2025.10.15	01:05:45.819	0.92978				2
2025.10.15	01:05:48.471	0.92981				2
2025.10.15	01:05:49.731		0.93005			4
2025.10.15	01:05:51.184		0.93003			4
2025.10.15	01:05:52.431		0.93004			4
2025.10.15	01:05:55.971		0.93006			4
2025.10.15	01:05:57.773	0.92979	0.93008			6
2025.10.15	01:05:59.025		0.93007			4
2025.10.15	01:06:00.314	0.92979				2
2025.10.15	01:06:00.829	0.92978				2
2025.10.15	01:06:01.729	0.92979				2
2025.10.15	01:06:02.525	0.92978	0.93006			6
2025.10.15	01:06:04.558		0.93007			4
2025.10.15	01:06:04.971	0.92977	0.93005			6
2025.10.15	01:06:06.030	0.92978	0.93006			6
2025.10.15	01:06:08.999	0.92980	0.93003			6
2025.10.15	01:06:10.804		0.93007			4
2025.10.15	01:06:11.931		0.93008			4
2025.10.15	01:06:12.449	0.92987	0.93010			6
2025.10.15	01:06:13.323		0.93011			4
2025.10.15	01:06:14.098	0.92986	0.93013			6
2025.10.15	01:06:17.520	0.92985	0.93012			6
2025.10.15	01:06:17.869		0.93013			4
2025.10.15	01:06:19.766	0.92984	0.93012			6
2025.10.15	01:06:27.481		0.93006			4
2025.10.15	01:06:27.800	0.92981	0.93009			6
2025.10.15	01:06:28.121		0.93010			4
2025.10.15	01:06:30.654		0.93009			4
2025.10.15	01:06:31.682	0.92982	0.93011			6
2025.10.15	01:06:33.344	0.92984	0.93012			6
2025.10.15	01:06:37.889	0.92986	0.93013			6
2025.10.15	01:06:38.231	0.92989	0.93018			6
2025.10.15	01:06:38.561	0.92986	0.93016			6
2025.10.15	01:06:39.192	0.92989	0.93018			6
2025.10.15	01:06:39.498	0.92990	0.93019			6
2025.10.15	01:06:39.810	0.92989	0.93017			6
2025.10.15	01:06:40.119	0.92988				2
2025.10.15	01:06:40.422	0.92989	0.93019			6
2025.10.15	01:06:40.738	0.92992	0.93020			6
2025.10.15	01:06:41.060	0.92991				2
2025.10.15	01:06:42.305	0.92990	0.93019			6
2025.10.15	01:06:46.828	0.92983	0.93011			6
2025.10.15	01:06:47.929	0.92984	0.93012			6
2025.10.15	01:06:56.834	0.92985				2
2025.10.15	01:06:59.309	0.92982	0.93010			6
2025.10.15	01:07:00.162	0.92982				2
2025.10.15	01:07:01.027		0.93009			4
2025.10.15	01:07:03.150		0.93006			4
2025.10.15	01:07:14.295		0.93009			4
2025.10.15	01:07:15.677	0.92983				2
2025.10.15	01:07:16.510	0.92982	0.93007			6
2025.10.15	01:07:19.205	0.92983				2
2025.10.15	01:07:23.030		0.93009			4
2025.10.15	01:07:24.184		0.93011			4
2025.10.15	01:07:25.569	0.92984				2
2025.10.15	01:07:26.398	0.92985				2
2025.10.15	01:07:30.523	0.92987	0.93013			6
2025.10.15	01:07:36.108		0.93011			4
2025.10.15	01:07:38.273	0.92986				2
2025.10.15	01:07:41.923		0.93012			4
2025.10.15	01:07:43.891	0.92987				2
2025.10.15	01:07:46.109	0.92985	0.93010			6
2025.10.15	01:07:50.510		0.93008			4
2025.10.15	01:07:52.770	0.92984				2
2025.10.15	01:07:54.350	0.92985	0.93010			6
2025.10.15	01:08:00.775	0.92985				2
2025.10.15	01:08:04.549	0.92988	0.93013			6
2025.10.15	01:08:05.630	0.92989				2
2025.10.15	01:08:23.111	0.92988	0.93014			6
2025.10.15	01:08:24.170	0.92987	0.93011			6
2025.10.15	01:08:28.428	0.92986				2
2025.10.15	01:08:29.090	0.92985	0.93010			6
2025.10.15	01:08:35.306	0.92984	0.93009			6
2025.10.15	01:08:35.646		0.93007			4
2025.10.15	01:08:40.659	0.92983				2
2025.10.15	01:08:42.230	0.92984				2
2025.10.15	01:08:43.531	0.92983				2
2025.10.15	01:08:48.369		0.93009			4
2025.10.15	01:08:54.152		0.93008			4
2025.10.15	01:08:56.330	0.92984				2
2025.10.15	01:09:00.229	0.92984				2
2025.10.15	01:09:15.516	0.92982	0.93006			6
2025.10.15	01:09:21.530	0.92983				2
2025.10.15	01:09:23.329	0.92982				2
2025.10.15	01:09:27.431	0.92981	0.93004			6
2025.10.15	01:09:28.096	0.92982	0.93005			6
2025.10.15	01:09:29.527	0.92983	0.93007			6
2025.10.15	01:09:30.141		0.93008			4
2025.10.15	01:09:45.401	0.92982	0.93006			6
2025.10.15	01:09:46.184		0.93005			4
2025.10.15	01:09:49.131	0.92981				2
2025.10.15	01:09:50.435	0.92982				2
2025.10.15	01:09:57.413		0.93004			4
2025.10.15	01:10:00.229	0.92981				2
2025.10.15	01:10:00.540	0.92980	0.93001			6
2025.10.15	01:10:00.891	0.92981	0.93002			6
2025.10.15	01:10:02.123	0.92984	0.93007			6
2025.10.15	01:10:03.230	0.92983				2
2025.10.15	01:10:05.018	0.92982				2
2025.10.15	01:10:06.230	0.92983				2
2025.10.15	01:10:10.315		0.93008			4
2025.10.15	01:10:23.512	0.92982	0.93007			6
2025.10.15	01:10:25.636	0.92981				2
2025.10.15	01:10:26.056		0.93006			4
2025.10.15	01:10:27.829	0.92982				2
2025.10.15	01:10:28.180		0.93004			4
2025.10.15	01:10:28.592	0.92983	0.93007			6
2025.10.15	01:10:28.900		0.93005			4
2025.10.15	01:10:29.746	0.92985	0.93008			6
2025.10.15	01:10:38.630	0.92986				2
2025.10.15	01:10:39.136	0.92983	0.93005			6
2025.10.15	01:10:41.942	0.92982	0.93006			6
2025.10.15	01:10:43.198		0.93007			4
2025.10.15	01:10:56.812		0.93005			4
2025.10.15	01:10:58.160	0.92983	0.93004			6
2025.10.15	01:10:58.519		0.93002			4
2025.10.15	01:11:00.003	0.92984	0.93004			6
2025.10.15	01:11:00.949	0.92985	0.93006			6
2025.10.15	01:11:03.322	0.92984	0.93007			6
2025.10.15	01:11:04.430	0.92985	0.93003			6
2025.10.15	01:11:05.535	0.92983				2
2025.10.15	01:11:06.143	0.92984				2
2025.10.15	01:11:08.079		0.93007			4
2025.10.15	01:11:11.938	0.92982	0.93006			6
2025.10.15	01:11:12.754	0.92983				2
2025.10.15	01:11:13.834	0.92984				2
2025.10.15	01:11:15.020	0.92983				2
2025.10.15	01:11:19.729	0.92984				2
2025.10.15	01:11:23.906		0.93005			4
2025.10.15	01:11:26.432		0.93007			4
2025.10.15	01:11:26.809	0.92985				2
2025.10.15	01:11:27.820	0.92987				2
2025.10.15	01:11:28.728	0.92986				2
2025.10.15	01:11:44.604	0.92987				2
2025.10.15	01:11:46.736	0.92986				2
2025.10.15	01:11:47.629	0.92987				2
2025.10.15	01:11:50.630	0.92986				2
2025.10.15	01:11:51.655	0.92987				2
2025.10.15	01:11:54.342	0.92986				2
2025.10.15	01:12:00.230	0.92986				2
2025.10.15	01:12:07.729		0.93008			4
2025.10.15	01:12:10.887		0.93007			4
2025.10.15	01:12:11.267		0.93008			4
2025.10.15	01:12:11.628		0.93007			4
2025.10.15	01:12:14.552		0.93006			4
2025.10.15	01:12:21.529	0.92985				2
2025.10.15	01:12:28.613	0.92984				2
2025.10.15	01:12:42.858		0.93005			4
2025.10.15	01:13:02.483	0.92984				2
2025.10.15	01:13:09.538	0.92983	0.93001			6
2025.10.15	01:13:12.671	0.92984	0.93002			6
2025.10.15	01:13:12.990		0.93006			4
2025.10.15	01:13:13.914		0.93004			4
2025.10.15	01:13:17.330	0.92983				2
2025.10.15	01:13:20.129		0.93005			4
2025.10.15	01:13:20.624		0.93004			4
2025.10.15	01:13:22.131	0.92984				2
2025.10.15	01:13:23.160		0.93005			4
2025.10.15	01:13:37.847		0.93006			4
2025.10.15	01:13:39.941		0.93005			4
2025.10.15	01:13:43.382	0.92985				2
2025.10.15	01:13:54.051	0.92984				2
2025.10.15	01:14:00.353	0.92984				2
2025.10.15	01:14:05.630	0.92982	0.93002			6
2025.10.15	01:14:09.369	0.92984	0.93004			6
2025.10.15	01:14:11.480	0.92983				2
2025.10.15	01:14:14.030	0.92984				2
2025.10.15	01:14:17.183	0.92983				2
2025.10.15	01:14:20.862	0.92985	0.93005			6
2025.10.15	01:14:22.721	0.92983	0.93003			6
2025.10.15	01:14:26.303	0.92984				2
2025.10.15	01:14:27.008	0.92983				2
2025.10.15	01:14:34.729		0.93002			4
2025.10.15	01:14:36.423		0.93003			4
2025.10.15	01:14:48.166		0.93002			4
2025.10.15	01:14:48.716		0.93004			4
2025.10.15	01:14:55.005		0.93005			4
2025.10.15	01:15:00.496	0.92983				2
2025.10.15	01:15:01.475		0.93003			4
2025.10.15	01:15:03.348	0.92980	0.93002			6
2025.10.15	01:15:03.683	0.92981				2
2025.10.15	01:15:04.660	0.92980				2
2025.10.15	01:15:05.706	0.92981				2
2025.10.15	01:15:06.426	0.92980				2
2025.10.15	01:15:06.759		0.93001			4
2025.10.15	01:15:07.492	0.92982	0.93002			6
2025.10.15	01:15:08.331	0.92981				2
2025.10.15	01:15:08.895	0.92982				2
2025.10.15	01:15:12.383	0.92983				2
2025.10.15	01:15:13.422	0.92982				2
2025.10.15	01:15:15.974	0.92983				2
2025.10.15	01:15:16.906	0.92980	0.93001			6
2025.10.15	01:15:17.214	0.92981				2
2025.10.15	01:15:18.876	0.92980				2
2025.10.15	01:15:19.369	0.92981				2
2025.10.15	01:15:22.226	0.92980				2
2025.10.15	01:15:22.705	0.92981				2
2025.10.15	01:15:23.120	0.92982				2
2025.10.15	01:15:28.108		0.93000			4
2025.10.15	01:15:33.615	0.92980				2
2025.10.15	01:15:34.129	0.92981				2
2025.10.15	01:15:35.690	0.92980				2
2025.10.15	01:15:36.155	0.92978	0.92999			6
2025.10.15	01:15:36.781	0.92979				2
2025.10.15	01:15:45.830	0.92980				2
2025.10.15	01:15:46.976		0.93001			4
2025.10.15	01:15:49.935		0.93000			4
2025.10.15	01:15:50.324	0.92979				2
2025.10.15	01:15:56.080	0.92980				2
2025.10.15	01:15:56.721	0.92979				2
2025.10.15	01:15:57.168	0.92980				2
2025.10.15	01:15:57.764	0.92979				2
2025.10.15	01:15:58.128		0.92997			4
2025.10.15	01:15:58.511	0.92978	0.92998			6
2025.10.15	01:15:59.336		0.92997			4
2025.10.15	01:15:59.641		0.92998			4
2025.10.15	01:16:00.330	0.92978				2
2025.10.15	01:16:01.001		0.92997			4
2025.10.15	01:16:02.057	0.92979	0.92998			6
2025.10.15	01:16:03.095	0.92978				2
2025.10.15	01:16:04.129	0.92979				2
2025.10.15	01:16:04.481	0.92978				2
2025.10.15	01:16:05.165	0.92979				2
2025.10.15	01:16:06.491	0.92978				2
2025.10.15	01:16:10.346	0.92979				2
2025.10.15	01:16:12.298	0.92978				2
2025.10.15	01:16:12.675	0.92979				2
2025.10.15	01:16:15.047	0.92980				2
2025.10.15	01:16:15.422	0.92979				2
2025.10.15	01:16:23.561	0.92978				2
2025.10.15	01:16:24.520	0.92979				2
2025.10.15	01:16:24.837	0.92978				2
2025.10.15	01:16:41.030	0.92979				2
2025.10.15	01:16:41.929	0.92978				2
2025.10.15	01:16:43.337	0.92979				2
2025.10.15	01:16:44.030	0.92978				2
2025.10.15	01:16:44.368	0.92979				2
2025.10.15	01:16:44.930	0.92978				2
2025.10.15	01:16:48.229	0.92979				2
2025.10.15	01:16:49.430	0.92978				2
2025.10.15	01:16:50.330	0.92979				2
2025.10.15	01:16:50.637	0.92978				2
2025.10.15	01:16:53.656	0.92976	0.92996			6
2025.10.15	01:16:54.673	0.92977				2
2025.10.15	01:16:55.717	0.92976				2
2025.10.15	01:16:57.903	0.92977				2
2025.10.15	01:16:58.209	0.92976				2
2025.10.15	01:16:59.202	0.92977				2
2025.10.15	01:16:59.756	0.92976				2
2025.10.15	01:17:00.172	0.92977				2
2025.10.15	01:17:00.830	0.92976				2
2025.10.15	01:17:01.261	0.92977				2
2025.10.15	01:17:02.351	0.92976				2
2025.10.15	01:17:02.994	0.92977				2
2025.10.15	01:17:03.332		0.92995			4
2025.10.15	01:17:04.487	0.92976				2
2025.10.15	01:17:05.411	0.92977				2
2025.10.15	01:17:07.018	0.92976				2
2025.10.15	01:17:07.516	0.92977				2
2025.10.15	01:17:08.663	0.92976				2
2025.10.15	01:17:10.647	0.92977				2
2025.10.15	01:17:11.329	0.92976				2
2025.10.15	01:17:11.691	0.92977				2
2025.10.15	01:17:13.131	0.92976				2
2025.10.15	01:17:14.798	0.92977				2
2025.10.15	01:17:15.145	0.92975				2
2025.10.15	01:17:29.304	0.92976				2
2025.10.15	01:17:29.929	0.92975				2
2025.10.15	01:17:33.319	0.92976				2
2025.10.15	01:17:34.130	0.92975				2
2025.10.15	01:17:35.520	0.92976				2
2025.10.15	01:17:35.826	0.92975				2
2025.10.15	01:17:43.791	0.92976				2
2025.10.15	01:17:56.239		0.92993			4
2025.10.15	01:17:57.454	0.92975				2
2025.10.15	01:18:00.643	0.92976				2
2025.10.15	01:18:02.514	0.92979	0.92999			6
2025.10.15	01:18:04.823		0.92997			4
2025.10.15	01:18:07.928	0.92981	0.93000			6
2025.10.15	01:18:08.323	0.92982	0.93001			6
2025.10.15	01:18:08.978	0.92981				2
2025.10.15	01:18:10.016	0.92982				2
2025.10.15	01:18:10.395		0.93000			4
2025.10.15	01:18:13.975	0.92980				2
2025.10.15	01:18:14.336	0.92981	0.92997			6
2025.10.15	01:18:14.767		0.93000			4
2025.10.15	01:18:15.192	0.92979	0.92999			6
2025.10.15	01:18:15.816	0.92980				2
2025.10.15	01:18:16.229	0.92979				2
2025.10.15	01:18:21.989	0.92980				2
2025.10.15	01:18:22.444	0.92979				2
2025.10.15	01:18:25.294	0.92978				2
2025.10.15	01:18:25.682	0.92979				2
2025.10.15	01:18:27.230	0.92980				2
2025.10.15	01:18:27.623	0.92979				2
2025.10.15	01:18:29.305	0.92980				2
2025.10.15	01:18:29.694	0.92979				2
2025.10.15	01:18:30.413	0.92980				2
2025.10.15	01:18:37.070	0.92979				2
2025.10.15	01:18:37.461	0.92980				2
2025.10.15	01:18:39.371	0.92979				2
2025.10.15	01:18:40.058	0.92980				2
2025.10.15	01:18:44.312	0.92979				2
2025.10.15	01:18:44.620	0.92980				2
2025.10.15	01:18:44.926	0.92979				2
2025.10.15	01:18:46.856	0.92980				2
2025.10.15	01:18:47.720	0.92979	0.92998			6
2025.10.15	01:18:48.078	0.92980				2
2025.10.15	01:18:48.796	0.92979				2
2025.10.15	01:18:49.112	0.92980				2
2025.10.15	01:18:49.567	0.92979				2
2025.10.15	01:18:49.891	0.92980				2
2025.10.15	01:18:51.833	0.92979				2
2025.10.15	01:18:52.773	0.92980				2
2025.10.15	01:18:53.384	0.92979				2
2025.10.15	01:18:53.774	0.92980				2
2025.10.15	01:18:55.842	0.92979				2
2025.10.15	01:18:56.477	0.92981	0.92999			6
2025.10.15	01:18:57.234	0.92982				2
2025.10.15	01:18:58.156	0.92983				2
2025.10.15	01:19:00.507	0.92983				2
2025.10.15	01:19:02.366		0.93000			4
2025.10.15	01:19:03.547		0.92999			4
2025.10.15	01:19:06.203	0.92985				2
2025.10.15	01:19:15.417		0.93001			4
2025.10.15	01:19:15.747		0.93000			4
2025.10.15	01:19:23.295		0.92999			4
2025.10.15	01:19:23.823		0.93000			4
2025.10.15	01:19:25.430	0.92984				2
2025.10.15	01:19:26.389	0.92985	0.92999			6
2025.10.15	01:19:27.452	0.92984	0.93000			6
2025.10.15	01:19:29.575	0.92985	0.92999			6
2025.10.15	01:19:31.711		0.93000			4
2025.10.15	01:19:33.320		0.92999			4
2025.10.15	01:19:33.654		0.93000			4
2025.10.15	01:19:35.031		0.92999			4
2025.10.15	01:19:35.590		0.93001			4
2025.10.15	01:19:35.930		0.93000			4
2025.10.15	01:19:37.050		0.93001			4
2025.10.15	01:19:37.494		0.93000			4
2025.10.15	01:19:41.095		0.92999			4
2025.10.15	01:19:42.919		0.93000			4
2025.10.15	01:19:43.676		0.92999			4
2025.10.15	01:19:48.530		0.93000			4
2025.10.15	01:19:50.224		0.92999			4
2025.10.15	01:19:50.535	0.92984				2
2025.10.15	01:19:53.269		0.93000			4
2025.10.15	01:19:55.299		0.92999			4
2025.10.15	01:20:00.555	0.92984	0.93000			6
2025.10.15	01:20:00.911		0.92998			4
2025.10.15	01:20:01.271		0.92999			4
2025.10.15	01:20:01.987	0.92983				2
2025.10.15	01:20:05.474	0.92984				2
2025.10.15	01:20:06.795	0.92983				2
2025.10.15	01:20:11.078	0.92984				2
2025.10.15	01:20:11.537		0.93000			4
2025.10.15	01:20:14.041	0.92983				2
2025.10.15	01:20:15.113	0.92984				2
2025.10.15	01:20:16.247	0.92983				2
2025.10.15	01:20:17.288	0.92984				2
2025.10.15	01:20:20.133	0.92983				2
2025.10.15	01:20:20.457	0.92984				2
2025.10.15	01:20:21.431	0.92983				2
2025.10.15	01:20:22.460	0.92984				2
2025.10.15	01:20:23.476	0.92983				2
2025.10.15	01:20:24.229	0.92984				2
2025.10.15	01:20:25.548	0.92983				2
2025.10.15	01:20:26.030	0.92984				2
2025.10.15	01:20:26.603	0.92983				2
2025.10.15	01:20:31.927	0.92984				2
2025.10.15	01:20:33.461		0.92999			4
2025.10.15	01:20:35.928	0.92983	0.93000			6
2025.10.15	01:20:36.966	0.92984				2
2025.10.15	01:20:37.593	0.92983				2
2025.10.15	01:20:40.069	0.92984				2
2025.10.15	01:20:41.107	0.92983				2
2025.10.15	01:20:44.041	0.92984	0.92999			6
2025.10.15	01:20:49.190	0.92983				2
2025.10.15	01:20:49.539	0.92984				2
2025.10.15	01:21:00.230	0.92984	0.93000			6
2025.10.15	01:21:00.534	0.92983				2
2025.10.15	01:21:00.934	0.92984	0.92999			6
2025.10.15	01:21:01.822	0.92983				2
2025.10.15	01:21:02.573	0.92982	0.92996			6
2025.10.15	01:21:14.752	0.92981				2
2025.10.15	01:21:15.155	0.92982				2
2025.10.15	01:21:18.263	0.92983				2
2025.10.15	01:21:18.891	0.92982				2
2025.10.15	01:21:19.324	0.92983				2
2025.10.15	01:21:19.954	0.92982				2
2025.10.15	01:21:20.357	0.92983				2
2025.10.15	01:21:20.991	0.92982				2
2025.10.15	01:21:21.370	0.92983				2
2025.10.15	01:21:24.099	0.92982				2
2025.10.15	01:21:30.315	0.92983				2
2025.10.15	01:21:31.353	0.92985	0.92998			6
2025.10.15	01:21:32.506	0.92984				2
2025.10.15	01:21:33.530	0.92985				2
2025.10.15	01:21:37.331	0.92984				2
2025.10.15	01:21:37.903	0.92985				2
2025.10.15	01:21:41.416	0.92984				2
2025.10.15	01:21:42.091	0.92983	0.92997			6
2025.10.15	01:21:42.480		0.92998			4
2025.10.15	01:21:43.049	0.92984	0.92997			6
2025.10.15	01:21:43.380	0.92983	0.92998			6
2025.10.15	01:21:44.185		0.92997			4
2025.10.15	01:21:44.525	0.92984	0.92999			6
2025.10.15	01:21:45.710	0.92985	0.92997			6
2025.10.15	01:21:46.018	0.92984				2
2025.10.15	01:21:47.056	0.92985				2
2025.10.15	01:21:50.120		0.92999			4
2025.10.15	01:21:55.673		0.92998			4
2025.10.15	01:21:56.364	0.92986				2
2025.10.15	01:21:57.230	0.92985				2
2025.10.15	01:21:57.623		0.92997			4
2025.10.15	01:21:58.530		0.92999			4
2025.10.15	01:21:58.842		0.92998			4
2025.10.15	01:22:00.446	0.92985	0.92999			6
2025.10.15	01:22:01.053	0.92986	0.92997			6
2025.10.15	01:22:01.376	0.92985				2
2025.10.15	01:22:02.284	0.92986				2
2025.10.15	01:22:03.125	0.92985				2
2025.10.15	01:22:08.371	0.92986				2
2025.10.15	01:22:08.815	0.92985	0.92999			6
2025.10.15	01:22:09.530	0.92986				2
2025.10.15	01:22:10.729	0.92985				2
2025.10.15	01:22:12.397	0.92983	0.92995			6
2025.10.15	01:22:15.155	0.92982	0.92996			6
2025.10.15	01:22:16.601	0.92983				2
2025.10.15	01:22:17.221	0.92982				2
2025.10.15	01:22:19.734	0.92983				2
2025.10.15	01:22:20.778	0.92982				2
2025.10.15	01:22:27.831		0.92995			4
2025.10.15	01:22:30.108	0.92983	0.92997			6
2025.10.15	01:22:32.595	0.92982	0.92996			6
2025.10.15	01:22:34.730		0.92997			4
2025.10.15	01:22:36.830		0.92996			4
2025.10.15	01:22:42.858	0.92984	0.92997			6
2025.10.15	01:22:43.161	0.92983				2
2025.10.15	01:22:50.205	0.92984	0.92996			6
2025.10.15	01:22:50.604	0.92981	0.92994			6
2025.10.15	01:22:50.990		0.92995			4
2025.10.15	01:22:51.538		0.92994			4
2025.10.15	01:22:56.764		0.92993			4
2025.10.15	01:23:00.557	0.92980				2
2025.10.15	01:23:00.941	0.92981				2
2025.10.15	01:23:01.488	0.92980				2
2025.10.15	01:23:07.033	0.92981				2
2025.10.15	01:23:08.925		0.92995			4
2025.10.15	01:23:10.361	0.92980				2
2025.10.15	01:23:11.549	0.92982	0.92994			6
2025.10.15	01:23:11.879	0.92981				2
2025.10.15	01:23:12.274		0.92995			4
2025.10.15	01:23:12.662	0.92984	0.92996			6
2025.10.15	01:23:13.941		0.92998			4
2025.10.15	01:23:14.607		0.92997			4
2025.10.15	01:23:15.229		0.92996			4
2025.10.15	01:23:16.022	0.92985	0.92995			6
2025.10.15	01:23:21.549	0.92986				2
2025.10.15	01:23:22.345	0.92987	0.92996			6
2025.10.15	01:23:22.683	0.92986	0.92995			6
2025.10.15	01:23:24.496	0.92987	0.92997			6
2025.10.15	01:23:24.820	0.92986	0.92998			6
2025.10.15	01:23:25.659	0.92987	0.92997			6
2025.10.15	01:23:26.873	0.92986	0.92998			6
2025.10.15	01:23:28.736	0.92987				2
2025.10.15	01:23:29.806	0.92986				2
2025.10.15	01:23:31.878	0.92987	0.92997			6
2025.10.15	01:23:32.592	0.92984	0.92994			6
2025.10.15	01:23:33.670		0.92996			4
2025.10.15	01:23:34.137	0.92985	0.92995			6
2025.10.15	01:23:37.524	0.92986	0.92996			6
2025.10.15	01:23:45.219	0.92985	0.92995			6
2025.10.15	01:23:46.750	0.92983	0.92992			6
2025.10.15	01:23:48.351		0.92993			4
2025.10.15	01:23:52.229	0.92984	0.92992			6
2025.10.15	01:23:53.291	0.92982				2
2025.10.15	01:23:54.222	0.92983				2
2025.10.15	01:23:55.439	0.92982				2
2025.10.15	01:23:57.970	0.92983				2
2025.10.15	01:24:00.239	0.92983	0.92993			6
2025.10.15	01:24:00.693	0.92982	0.92992			6
2025.10.15	01:24:06.143	0.92983				2
2025.10.15	01:24:06.862		0.92993			4
2025.10.15	01:24:09.511		0.92992			4
2025.10.15	01:24:10.556		0.92993			4
2025.10.15	01:24:13.580	0.92982	0.92992			6
2025.10.15	01:24:15.899		0.92991			4
2025.10.15	01:24:16.205	0.92981	0.92994			6
2025.10.15	01:24:17.130	0.92982	0.92993			6
2025.10.15	01:24:20.110		0.92994			4
2025.10.15	01:24:21.029	0.92983	0.92992			6
2025.10.15	01:24:22.126	0.92981				2
2025.10.15	01:24:26.669	0.92982				2
2025.10.15	01:24:32.000	0.92983	0.92993			6
2025.10.15	01:24:33.500	0.92984	0.92994			6
2025.10.15	01:24:33.832	0.92983	0.92992			6
2025.10.15	01:24:36.828	0.92982				2
2025.10.15	01:24:37.148	0.92983	0.92993			6
2025.10.15	01:24:37.567	0.92982				2
2025.10.15	01:24:38.954	0.92981				2
2025.10.15	01:24:39.336	0.92982				2
2025.10.15	01:24:41.089	0.92981				2
2025.10.15	01:24:41.408	0.92982				2
2025.10.15	01:24:42.295	0.92983	0.92994			6
2025.10.15	01:24:44.630	0.92984	0.92993			6
2025.10.15	01:24:50.376		0.92994			4
2025.10.15	01:24:50.694	0.92985				2
2025.10.15	01:24:51.634	0.92984				2
2025.10.15	01:24:54.530	0.92985				2
2025.10.15	01:24:55.775	0.92984				2
2025.10.15	01:24:56.629	0.92985				2
2025.10.15	01:24:57.846	0.92984				2
2025.10.15	01:24:59.010	0.92985				2
2025.10.15	01:25:00.147	0.92985				2
2025.10.15	01:25:00.954		0.92995			4
2025.10.15	01:25:02.030	0.92984				2
2025.10.15	01:25:02.429		0.92996			4
2025.10.15	01:25:04.210	0.92985				2
2025.10.15	01:25:09.372	0.92984				2
2025.10.15	01:25:09.814	0.92986	0.92995			6
2025.10.15	01:25:15.483	0.92984				2
2025.10.15	01:25:16.426	0.92986				2
2025.10.15	01:25:18.177	0.92985				2
2025.10.15	01:25:18.491	0.92984				2
2025.10.15	01:25:18.928	0.92983				2
2025.10.15	01:25:24.529	0.92984				2
2025.10.15	01:25:28.128	0.92983				2
2025.10.15	01:25:29.389	0.92984				2
2025.10.15	01:25:32.140	0.92983				2
2025.10.15	01:25:43.455	0.92982	0.92991			6
2025.10.15	01:25:44.351	0.92981	0.92992			6
2025.10.15	01:25:44.664	0.92982				2
2025.10.15	01:25:46.562	0.92979	0.92989			6
2025.10.15	01:25:48.351	0.92978				2
2025.10.15	01:25:54.829	0.92979				2
2025.10.15	01:25:55.698	0.92980	0.92990			6
2025.10.15	01:25:57.163	0.92981				2
2025.10.15	01:26:00.376	0.92981				2
2025.10.15	01:26:04.860	0.92982	0.92991			6
2025.10.15	01:26:05.367	0.92983	0.92992			6
2025.10.15	01:26:07.078	0.92980	0.92991			6
2025.10.15	01:26:08.391	0.92982				2
2025.10.15	01:26:10.709	0.92980				2
2025.10.15	01:26:13.278	0.92981				2
2025.10.15	01:26:14.496	0.92982				2
2025.10.15	01:26:15.447	0.92980				2
2025.10.15	01:26:17.856		0.92993			4
2025.10.15	01:26:23.029	0.92981	0.92992			6
2025.10.15	01:26:25.109	0.92980	0.92993			6
2025.10.15	01:26:27.529	0.92981	0.92992			6
2025.10.15	01:26:29.413	0.92982				2
2025.10.15	01:26:30.289	0.92980	0.92993			6
2025.10.15	01:26:30.876	0.92982	0.92992			6
2025.10.15	01:26:32.779	0.92981				2
2025.10.15	01:26:36.720	0.92984	0.92995			6
2025.10.15	01:26:37.524	0.92983	0.92994			6
2025.10.15	01:26:37.873	0.92984				2
2025.10.15	01:26:38.399	0.92983				2
2025.10.15	01:26:39.509	0.92984				2
2025.10.15	01:26:40.775		0.92995			4
2025.10.15	01:26:46.573	0.92985				2
2025.10.15	01:26:49.232	0.92984	0.92993			6
2025.10.15	01:26:50.472	0.92982				2
2025.10.15	01:26:51.702	0.92983	0.92994			6
2025.10.15	01:26:52.198	0.92984				2
2025.10.15	01:26:59.725	0.92982				2
2025.10.15	01:27:00.517	0.92982				2
2025.10.15	01:27:01.789	0.92984				2
2025.10.15	01:27:02.432	0.92982				2
2025.10.15	01:27:09.339	0.92983				2
2025.10.15	01:27:10.232	0.92982				2
2025.10.15	01:27:10.851		0.92993			4
2025.10.15	01:27:11.552	0.92984				2
2025.10.15	01:27:12.873	0.92983				2
2025.10.15	01:27:16.696	0.92982				2
2025.10.15	01:27:23.210	0.92983				2
2025.10.15	01:27:40.420	0.92982				2
2025.10.15	01:27:59.284	0.92981	0.92991			6
2025.10.15	01:28:00.192	0.92981				2
2025.10.15	01:28:03.919	0.92982				2
2025.10.15	01:28:05.705		0.92992			4
2025.10.15	01:28:07.429	0.92981	0.92991			6
2025.10.15	01:28:08.812	0.92980	0.92992			6
2025.10.15	01:28:09.979		0.92991			4
2025.10.15	01:28:11.816		0.92992			4
2025.10.15	01:28:13.430	0.92981	0.92991			6
2025.10.15	01:28:15.027	0.92980	0.92992			6
2025.10.15	01:28:16.189	0.92981	0.92991			6
2025.10.15	01:28:19.171	0.92980	0.92992			6
2025.10.15	01:28:20.333	0.92981	0.92991			6
2025.10.15	01:28:23.312	0.92980	0.92992			6
2025.10.15	01:28:24.830	0.92981	0.92991			6
2025.10.15	01:28:26.420	0.92980	0.92992			6
2025.10.15	01:28:28.130	0.92981	0.92991			6
2025.10.15	01:28:29.529	0.92980	0.92992			6
2025.10.15	01:28:30.693	0.92981	0.92991			6
2025.10.15	01:28:31.859	0.92980				2
2025.10.15	01:28:33.673		0.92992			4
2025.10.15	01:28:34.836		0.92991			4
2025.10.15	01:28:36.779		0.92992			4
2025.10.15	01:28:37.947	0.92981	0.92991			6
2025.10.15	01:28:39.884	0.92980	0.92992			6
2025.10.15	01:28:41.057	0.92982	0.92991			6
2025.10.15	01:28:46.231		0.92992			4
2025.10.15	01:28:47.395		0.92991			4
2025.10.15	01:28:49.339		0.92992			4
2025.10.15	01:28:50.930		0.92991			4
2025.10.15	01:28:52.442	0.92981	0.92992			6
2025.10.15	01:28:53.471	0.92982	0.92991			6
2025.10.15	01:28:59.694	0.92981	0.92992			6
2025.10.15	01:29:00.423	0.92982	0.92991			6
2025.10.15	01:29:04.875	0.92981	0.92992			6
2025.10.15	01:29:09.148	0.92982	0.92991			6
2025.10.15	01:29:11.089	0.92981	0.92992			6
2025.10.15	01:29:12.829	0.92982				2
2025.10.15	01:29:14.199		0.92993			4
2025.10.15	01:29:15.360		0.92992			4
2025.10.15	01:29:17.303		0.92993			4
2025.10.15	01:29:18.830		0.92992			4
2025.10.15	01:29:20.419		0.92993			4
2025.10.15	01:29:21.912		0.92992			4
2025.10.15	01:29:22.491	0.92983				2
2025.10.15	01:29:24.555		0.92993			4
2025.10.15	01:29:38.150	0.92982				2
2025.10.15	01:29:39.469	0.92983				2
2025.10.15	01:30:00.430	0.92983				2
2025.10.15	01:30:01.673		0.92994			4
2025.10.15	01:30:03.076	0.92985				2
2025.10.15	01:30:05.308		0.92993			4
2025.10.15	01:30:05.959	0.92984	0.92992			6
2025.10.15	01:30:06.612	0.92983	0.92994			6
2025.10.15	01:30:07.085	0.92984	0.92993			6
2025.10.15	01:30:08.010	0.92983	0.92994			6
2025.10.15	01:30:09.107	0.92979	0.92990			6
2025.10.15	01:30:15.897	0.92980				2
2025.10.15	01:30:20.149	0.92977	0.92986			6
2025.10.15	01:30:23.630		0.92987			4
2025.10.15	01:30:28.049	0.92980	0.92989			6
2025.10.15	01:30:30.473	0.92978	0.92988			6
2025.10.15	01:30:32.630		0.92987			4
2025.10.15	01:30:35.385		0.92988			4
2025.10.15	01:30:40.149	0.92975	0.92985			6
2025.10.15	01:30:41.317		0.92986			4
2025.10.15	01:30:43.730		0.92985			4
2025.10.15	01:30:47.401		0.92986			4
2025.10.15	01:30:52.809	0.92974	0.92985			6
2025.10.15	01:31:00.476	0.92975	0.92986			6
2025.10.15	01:31:01.429		0.92985			4
2025.10.15	01:31:07.044	0.92976	0.92986			6
2025.10.15	01:31:10.129		0.92985			4
2025.10.15	01:31:18.229		0.92986			4
2025.10.15	01:31:21.710	0.92977	0.92985			6
2025.10.15	01:31:23.330	0.92976				2
2025.10.15	01:31:26.929		0.92984			4
2025.10.15	01:31:30.266		0.92985			4
2025.10.15	01:31:33.678	0.92979	0.92987			6
2025.10.15	01:31:37.129	0.92978	0.92988			6
2025.10.15	01:31:41.329		0.92989			4
2025.10.15	01:31:42.895	0.92976	0.92984			6
2025.10.15	01:31:44.070		0.92985			4
2025.10.15	01:31:57.401	0.92977				2
2025.10.15	01:31:58.706	0.92978	0.92987			6
2025.10.15	01:31:59.465	0.92975	0.92986			6
2025.10.15	01:32:00.431	0.92975				2
2025.10.15	01:32:07.729	0.92977	0.92987			6
2025.10.15	01:32:11.185	0.92978				2
2025.10.15	01:32:19.590	0.92977	0.92988			6
2025.10.15	01:32:19.929	0.92976	0.92986			6
2025.10.15	01:32:20.637		0.92987			4
2025.10.15	01:32:23.629	0.92977				2
2025.10.15	01:32:25.181		0.92986			4
2025.10.15	01:32:25.482	0.92976				2
2025.10.15	01:32:27.376	0.92977				2
2025.10.15	01:32:30.080	0.92978				2
2025.10.15	01:32:30.385		0.92987			4
2025.10.15	01:32:31.732		0.92986			4
2025.10.15	01:32:33.682	0.92979	0.92987			6
2025.10.15	01:32:37.682		0.92988			4
2025.10.15	01:32:39.357	0.92980				2
2025.10.15	01:32:44.423		0.92989			4
2025.10.15	01:32:46.104	0.92978	0.92987			6
2025.10.15	01:32:58.256	0.92977				2
2025.10.15	01:33:00.295	0.92977				2
2025.10.15	01:33:01.463	0.92978				2
2025.10.15	01:33:05.929		0.92986			4
2025.10.15	01:33:09.236	0.92977	0.92987			6
2025.10.15	01:33:15.333	0.92978	0.92986			6
2025.10.15	01:33:21.490	0.92975	0.92984			6
2025.10.15	01:33:28.275	0.92974				2
2025.10.15	01:33:28.577		0.92982			4
2025.10.15	01:33:30.460		0.92984			4
2025.10.15	01:33:30.853		0.92982			4
2025.10.15	01:33:32.169		0.92984			4
2025.10.15	01:33:32.758		0.92982			4
2025.10.15	01:33:35.887	0.92973				2
2025.10.15	01:33:37.215	0.92972				2
2025.10.15	01:33:38.029	0.92973				2
2025.10.15	01:33:42.829	0.92972				2
2025.10.15	01:33:51.392	0.92973	0.92981			6
2025.10.15	01:33:51.705	0.92970				2
2025.10.15	01:33:52.343	0.92971	0.92980			6
2025.10.15	01:33:52.657	0.92970	0.92981			6
2025.10.15	01:33:56.756	0.92971	0.92980			6
2025.10.15	01:33:58.381		0.92981			4
2025.10.15	01:33:59.105	0.92972	0.92982			6
2025.10.15	01:34:01.857	0.92972				2
2025.10.15	01:34:11.495	0.92971	0.92980			6
2025.10.15	01:34:18.030		0.92981			4
2025.10.15	01:34:28.821	0.92972	0.92980			6
2025.10.15	01:34:30.290	0.92969				2
2025.10.15	01:34:33.727	0.92971	0.92979			6
2025.10.15	01:34:34.728	0.92972	0.92982			6
2025.10.15	01:34:37.730	0.92971				2
2025.10.15	01:34:39.571	0.92972				2
2025.10.15	01:34:42.099	0.92975	0.92983			6
2025.10.15	01:34:43.208	0.92974				2
2025.10.15	01:34:43.532		0.92984			4
2025.10.15	01:34:46.463	0.92972	0.92983			6
2025.10.15	01:34:48.789	0.92973				2
2025.10.15	01:34:49.848	0.92975	0.92985			6
2025.10.15	01:34:56.059		0.92984			4
2025.10.15	01:34:56.371	0.92973	0.92983			6
2025.10.15	01:34:57.914		0.92984			4
2025.10.15	01:34:58.715		0.92983			4
2025.10.15	01:35:00.350	0.92974				2
2025.10.15	01:35:01.396	0.92973	0.92984			6
2025.10.15	01:35:03.015	0.92974				2
2025.10.15	01:35:07.071	0.92972				2
2025.10.15	01:35:08.817	0.92973				2
2025.10.15	01:35:12.916	0.92969	0.92980			6
2025.10.15	01:35:13.232		0.92978			4
2025.10.15	01:35:13.540	0.92970				2
2025.10.15	01:35:15.368		0.92979			4
2025.10.15	01:35:18.349	0.92971				2
2025.10.15	01:35:19.097	0.92970	0.92980			6
2025.10.15	01:35:20.369	0.92971	0.92982			6
2025.10.15	01:35:37.600		0.92983			4
2025.10.15	01:35:49.993	0.92970	0.92979			6
2025.10.15	01:35:55.469	0.92973	0.92981			6
2025.10.15	01:35:57.998		0.92982			4
2025.10.15	01:36:01.421	0.92973				2
2025.10.15	01:36:02.456	0.92972				2
2025.10.15	01:36:05.874	0.92973	0.92981			6
2025.10.15	01:36:08.345	0.92971				2
2025.10.15	01:36:11.572	0.92972				2
2025.10.15	01:36:14.715	0.92971	0.92982			6
2025.10.15	01:36:16.682	0.92972				2
2025.10.15	01:36:18.230	0.92973				2
2025.10.15	01:36:19.470	0.92972				2
2025.10.15	01:36:25.616	0.92973				2
2025.10.15	01:36:25.978	0.92972	0.92983			6
2025.10.15	01:36:27.075	0.92974				2
2025.10.15	01:36:28.118	0.92973				2
2025.10.15	01:36:28.839	0.92974				2
2025.10.15	01:36:31.936	0.92975				2
2025.10.15	01:36:34.609	0.92974	0.92985			6
2025.10.15	01:36:36.351	0.92975				2
2025.10.15	01:36:36.676	0.92974	0.92986			6
2025.10.15	01:36:39.614	0.92976				2
2025.10.15	01:36:40.351	0.92979	0.92987			6
2025.10.15	01:36:42.759	0.92978	0.92988			6
2025.10.15	01:36:44.732	0.92979				2
2025.10.15	01:36:45.637	0.92978				2
2025.10.15	01:36:47.232	0.92979				2
2025.10.15	01:37:00.483	0.92979				2
2025.10.15	01:37:01.858	0.92977	0.92986			6
2025.10.15	01:37:03.866	0.92978				2
2025.10.15	01:37:06.999	0.92977				2
2025.10.15	01:37:10.717	0.92971	0.92981			6
2025.10.15	01:37:14.430		0.92983			4
2025.10.15	01:37:14.796		0.92982			4
2025.10.15	01:37:15.185		0.92983			4
2025.10.15	01:37:15.679	0.92972	0.92982			6
2025.10.15	01:37:21.830		0.92981			4
2025.10.15	01:37:33.312		0.92982			4
2025.10.15	01:37:34.443	0.92967	0.92978			6
2025.10.15	01:37:35.797	0.92968				2
2025.10.15	01:37:36.099	0.92972	0.92982			6
2025.10.15	01:37:45.381	0.92971	0.92981			6
2025.10.15	01:37:50.323		0.92979			4
2025.10.15	01:37:55.509	0.92970	0.92980			6
2025.10.15	01:37:56.623	0.92974	0.92983			6
2025.10.15	01:37:56.938		0.92984			4
2025.10.15	01:37:59.149	0.92977	0.92985			6
2025.10.15	01:38:01.629	0.92978	0.92986			6
2025.10.15	01:38:03.889	0.92977	0.92985			6
2025.10.15	01:38:07.292		0.92986			4
2025.10.15	01:38:10.974		0.92985			4
2025.10.15	01:38:11.730	0.92974	0.92984			6
2025.10.15	01:38:17.729	0.92975	0.92985			6
2025.10.15	01:38:20.427		0.92984			4
2025.10.15	01:38:22.423	0.92976				2
2025.10.15	01:38:24.841	0.92975				2
2025.10.15	01:38:28.656	0.92973	0.92985			6
2025.10.15	01:38:28.959	0.92976	0.92984			6
2025.10.15	01:38:29.943		0.92985			4
2025.10.15	01:38:31.075		0.92984			4
2025.10.15	01:38:33.132	0.92975	0.92983			6
2025.10.15	01:38:36.085	0.92972	0.92981			6
2025.10.15	01:38:36.413	0.92970				2
2025.10.15	01:38:36.718	0.92971	0.92982			6
2025.10.15	01:38:37.356	0.92972	0.92981			6
2025.10.15	01:38:39.712	0.92973	0.92983			6
2025.10.15	01:38:40.019	0.92972				2
2025.10.15	01:38:40.651	0.92973	0.92982			6
2025.10.15	01:38:50.030	0.92974				2
2025.10.15	01:38:50.506	0.92972				2
2025.10.15	01:38:51.230		0.92981			4
2025.10.15	01:39:00.135	0.92972				2
2025.10.15	01:39:01.743		0.92982			4
2025.10.15	01:39:02.099	0.92971	0.92981			6
2025.10.15	01:39:03.820	0.92974	0.92982			6
2025.10.15	01:39:04.793	0.92972	0.92983			6
2025.10.15	01:39:36.428		0.92984			4
2025.10.15	01:39:42.345	0.92973				2
2025.10.15	01:39:45.371		0.92982			4
2025.10.15	01:39:48.609		0.92981			4
2025.10.15	01:39:50.825		0.92982			4
2025.10.15	01:39:58.527	0.92974	0.92983			6
2025.10.15	01:40:00.005	0.92974				2
2025.10.15	01:40:00.354		0.92984			4
2025.10.15	01:40:10.824		0.92983			4
2025.10.15	01:40:13.947	0.92971	0.92982			6
2025.10.15	01:40:16.243	0.92970				2
2025.10.15	01:40:16.559	0.92973				2
2025.10.15	01:40:26.029		0.92983			4
2025.10.15	01:40:32.163		0.92981			4
2025.10.15	01:40:36.375		0.92982			4
2025.10.15	01:40:37.425		0.92981			4
2025.10.15	01:40:37.748		0.92982			4
2025.10.15	01:40:40.357		0.92981			4
2025.10.15	01:40:46.729	0.92972				2
2025.10.15	01:41:00.624	0.92972				2
2025.10.15	01:41:01.459	0.92973	0.92983			6
2025.10.15	01:41:07.979	0.92974	0.92982			6
2025.10.15	01:41:09.635	0.92972	0.92983			6
2025.10.15	01:41:11.085	0.92973				2
2025.10.15	01:41:14.924	0.92972				2
2025.10.15	01:41:17.329	0.92973				2
2025.10.15	01:41:23.618	0.92974	0.92984			6
2025.10.15	01:41:26.618		0.92983			4
2025.10.15	01:41:32.631		0.92984			4
2025.10.15	01:41:33.970	0.92973				2
2025.10.15	01:41:39.529		0.92983			4
2025.10.15	01:42:00.661	0.92973	0.92984			6
2025.10.15	01:42:01.591	0.92975				2
2025.10.15	01:42:12.172		0.92985			4
2025.10.15	01:42:14.088	0.92974	0.92983			6
2025.10.15	01:42:18.210	0.92973	0.92982			6
2025.10.15	01:42:28.825		0.92983			4
2025.10.15	01:42:48.447		0.92982			4
2025.10.15	01:42:52.747		0.92983			4
2025.10.15	01:42:54.001		0.92984			4
2025.10.15	01:42:56.330		0.92983			4
2025.10.15	01:42:57.990	0.92972	0.92982			6
2025.10.15	01:42:58.319	0.92973				2
2025.10.15	01:43:00.669	0.92973				2
2025.10.15	01:43:12.917	0.92972				2
2025.10.15	01:43:20.171	0.92973				2
2025.10.15	01:43:22.072	0.92974				2
2025.10.15	01:43:28.429	0.92973				2
2025.10.15	01:43:33.690	0.92972	0.92983			6
2025.10.15	01:43:35.825	0.92977	0.92985			6
2025.10.15	01:43:36.226	0.92976	0.92986			6
2025.10.15	01:43:36.839		0.92985			4
2025.10.15	01:43:46.135		0.92986			4
2025.10.15	01:43:53.425	0.92975				2
2025.10.15	01:43:59.000		0.92985			4
2025.10.15	01:44:01.537	0.92975				2
2025.10.15	01:44:04.832		0.92986			4
2025.10.15	01:44:06.237	0.92978	0.92989			6
2025.10.15	01:44:06.663	0.92979	0.92988			6
2025.10.15	01:44:10.354	0.92978	0.92989			6
2025.10.15	01:44:13.859		0.92988			4
2025.10.15	01:44:42.341	0.92977	0.92987			6
2025.10.15	01:44:43.532	0.92980	0.92989			6
2025.10.15	01:44:47.330		0.92988			4
2025.10.15	01:45:00.085	0.92980				2
2025.10.15	01:45:01.402		0.92990			4
2025.10.15	01:45:06.321	0.92977	0.92988			6
2025.10.15	01:45:07.036	0.92976	0.92986			6
2025.10.15	01:45:10.173	0.92975				2
2025.10.15	01:45:10.946	0.92976				2
2025.10.15	01:45:17.210	0.92975				2
2025.10.15	01:45:22.096	0.92976				2
2025.10.15	01:45:26.375	0.92975				2
2025.10.15	01:45:40.898	0.92976				2
2025.10.15	01:45:52.329	0.92975	0.92984			6
2025.10.15	01:45:57.696		0.92983			4
2025.10.15	01:46:00.436	0.92975	0.92984			6
2025.10.15	01:46:02.413	0.92974				2
2025.10.15	01:46:02.720	0.92973	0.92982			6
2025.10.15	01:46:03.760	0.92976	0.92985			6
2025.10.15	01:46:09.458		0.92984			4
2025.10.15	01:46:33.099	0.92975				2
2025.10.15	01:46:34.061		0.92983			4
2025.10.15	01:46:41.705		0.92984			4
2025.10.15	01:46:44.029		0.92983			4
2025.10.15	01:46:54.031		0.92984			4
2025.10.15	01:47:00.350	0.92977				2
2025.10.15	01:47:05.464		0.92985			4
2025.10.15	01:47:06.452		0.92984			4
2025.10.15	01:47:10.349	0.92976	0.92983			6
2025.10.15	01:47:18.879		0.92984			4
2025.10.15	01:47:48.453		0.92985			4
2025.10.15	01:47:51.038		0.92984			4
2025.10.15	01:48:02.383	0.92976				2
2025.10.15	01:48:03.990		0.92985			4
2025.10.15	01:48:05.880		0.92984			4
2025.10.15	01:49:00.910	0.92976				2
2025.10.15	01:49:04.105		0.92983			4
2025.10.15	01:49:23.928		0.92984			4
2025.10.15	01:49:29.465	0.92972	0.92981			6
2025.10.15	01:49:35.781	0.92973				2
2025.10.15	01:49:39.903	0.92974	0.92983			6
2025.10.15	01:49:53.497		0.92984			4
2025.10.15	01:50:00.611	0.92975				2
2025.10.15	01:50:14.523	0.92978	0.92987			6
2025.10.15	01:50:15.761		0.92986			4
2025.10.15	01:50:20.649		0.92987			4
2025.10.15	01:50:21.402	0.92976	0.92984			6
2025.10.15	01:50:23.339		0.92985			4
2025.10.15	01:50:28.010	0.92979	0.92987			6
2025.10.15	01:50:31.188		0.92988			4
2025.10.15	01:50:31.711	0.92978	0.92987			6
2025.10.15	01:51:00.685	0.92976	0.92985			6
2025.10.15	01:51:03.035		0.92984			4
2025.10.15	01:51:35.320		0.92985			4
2025.10.15	01:51:44.469		0.92984			4
2025.10.15	01:51:45.633		0.92985			4
2025.10.15	01:51:47.660		0.92984			4
2025.10.15	01:51:48.912		0.92985			4
2025.10.15	01:51:50.778	0.92975	0.92984			6
2025.10.15	01:51:51.115	0.92972	0.92979			6
2025.10.15	01:51:52.240		0.92981			4
2025.10.15	01:51:52.672		0.92979			4
2025.10.15	01:51:58.198		0.92978			4
2025.10.15	01:51:58.918	0.92971	0.92980			6
2025.10.15	01:52:00.130	0.92971				2
2025.10.15	01:52:00.433	0.92972				2
2025.10.15	01:52:23.917	0.92973	0.92981			6
2025.10.15	01:52:29.929		0.92980			4
2025.10.15	01:52:35.374	0.92972				2
2025.10.15	01:52:43.031	0.92971				2
2025.10.15	01:53:00.530	0.92972	0.92983			6
2025.10.15	01:53:04.456		0.92982			4
2025.10.15	01:53:07.256		0.92981			4
2025.10.15	01:53:10.455	0.92971	0.92983			6
2025.10.15	01:53:11.409	0.92970	0.92979			6
2025.10.15	01:53:17.159	0.92971	0.92980			6
2025.10.15	01:53:27.911	0.92972				2
2025.10.15	01:53:37.752	0.92970				2
2025.10.15	01:53:39.128	0.92969	0.92979			6
2025.10.15	01:53:41.084	0.92970	0.92980			6
2025.10.15	01:53:44.344		0.92979			4
2025.10.15	01:53:48.975	0.92968	0.92977			6
2025.10.15	01:53:49.979	0.92969	0.92979			6
2025.10.15	01:53:53.288		0.92978			4
2025.10.15	01:53:54.194		0.92977			4
2025.10.15	01:53:54.571		0.92978			4
2025.10.15	01:53:59.043	0.92970				2
2025.10.15	01:53:59.373	0.92969				2
2025.10.15	01:54:00.383	0.92969				2
2025.10.15	01:54:00.729	0.92970				2
2025.10.15	01:54:01.140	0.92969	0.92979			6
2025.10.15	01:54:02.216	0.92970	0.92978			6
2025.10.15	01:54:05.030	0.92969				2
2025.10.15	01:54:10.060	0.92968	0.92979			6
2025.10.15	01:54:12.123	0.92969	0.92978			6
2025.10.15	01:54:18.991		0.92979			4
2025.10.15	01:54:21.183	0.92968	0.92978			6
2025.10.15	01:54:22.722	0.92969	0.92979			6
2025.10.15	01:54:24.343	0.92970				2
2025.10.15	01:54:31.439	0.92969	0.92977			6
2025.10.15	01:54:42.465	0.92967	0.92976			6
2025.10.15	01:54:46.323	0.92965	0.92974			6
2025.10.15	01:54:53.756	0.92963	0.92973			6
2025.10.15	01:54:54.202	0.92968	0.92979			6
2025.10.15	01:55:00.403	0.92969				2
2025.10.15	01:55:02.384	0.92967	0.92977			6
2025.10.15	01:55:05.929	0.92968	0.92978			6
2025.10.15	01:55:11.927	0.92967	0.92977			6
2025.10.15	01:55:12.839	0.92965	0.92975			6
2025.10.15	01:55:13.429	0.92966				2
2025.10.15	01:55:20.456	0.92967				2
2025.10.15	01:55:24.576	0.92964	0.92974			6
2025.10.15	01:55:26.016	0.92965	0.92976			6
2025.10.15	01:55:27.943	0.92967				2
2025.10.15	01:55:36.425	0.92965	0.92975			6
2025.10.15	01:55:42.720	0.92967	0.92974			6
2025.10.15	01:55:44.572		0.92975			4
2025.10.15	01:55:52.143		0.92974			4
2025.10.15	01:55:54.436	0.92966	0.92975			6
2025.10.15	01:56:00.205	0.92966				2
2025.10.15	01:56:10.625		0.92976			4
2025.10.15	01:56:17.622		0.92975			4
2025.10.15	01:56:19.849		0.92976			4
2025.10.15	01:56:26.862		0.92977			4
2025.10.15	01:56:27.753		0.92976			4
2025.10.15	01:56:31.539	0.92967				2
2025.10.15	01:56:37.842		0.92975			4
2025.10.15	01:56:39.573		0.92976			4
2025.10.15	01:56:41.560		0.92975			4
2025.10.15	01:56:42.032		0.92976			4
2025.10.15	01:56:42.953		0.92975			4
2025.10.15	01:56:44.014	0.92965				2
2025.10.15	01:57:02.925	0.92965				2
2025.10.15	01:57:08.113	0.92966				2
2025.10.15	01:57:12.948	0.92967				2
2025.10.15	01:57:24.295	0.92966				2
2025.10.15	01:57:28.572	0.92965				2
2025.10.15	01:57:30.372	0.92966				2
2025.10.15	01:57:35.877		0.92974			4
2025.10.15	01:57:41.357	0.92967	0.92976			6
2025.10.15	01:57:45.426	0.92966	0.92974			6
2025.10.15	01:58:00.868	0.92966				2
2025.10.15	01:58:17.421	0.92964				2
2025.10.15	01:58:23.629	0.92965	0.92973			6
2025.10.15	01:58:34.391	0.92964				2
2025.10.15	01:58:47.211	0.92963	0.92972			6
2025.10.15	01:58:49.889	0.92964				2
2025.10.15	01:59:02.929	0.92964				2
2025.10.15	01:59:08.238		0.92973			4
2025.10.15	01:59:12.232		0.92974			4
2025.10.15	01:59:14.356		0.92973			4
2025.10.15	01:59:25.319	0.92963				2
2025.10.15	01:59:27.719		0.92971			4
2025.10.15	01:59:41.930	0.92962	0.92972			6
2025.10.15	01:59:46.497	0.92963	0.92971			6
2025.10.15	01:59:50.929	0.92962	0.92972			6
2025.10.15	01:59:53.043	0.92963				2
2025.10.15	01:59:56.929	0.92962				2
2025.10.15	01:59:58.015	0.92961	0.92970			6
2025.10.15	02:00:00.004	0.92961				2
2025.10.15	02:00:00.389		0.92971			4
2025.10.15	02:00:00.699	0.92960				2
2025.10.15	02:00:02.139	0.92961	0.92970			6
2025.10.15	02:00:03.055	0.92960				2
2025.10.15	02:00:08.200	0.92959	0.92969			6
2025.10.15	02:00:11.930	0.92960				2
2025.10.15	02:00:15.294	0.92959				2
2025.10.15	02:00:17.140	0.92960				2
2025.10.15	02:00:24.762	0.92958	0.92967			6
2025.10.15	02:00:25.621	0.92959				2
2025.10.15	02:00:50.313	0.92956	0.92966			6
2025.10.15	02:00:51.339		0.92964			4
2025.10.15	02:00:53.054		0.92965			4
2025.10.15	02:00:54.997		0.92966			4
2025.10.15	02:00:56.750	0.92957				2
2025.10.15	02:01:00.314	0.92956				2
2025.10.15	02:01:02.473	0.92958				2
2025.10.15	02:01:02.994	0.92957				2
2025.10.15	02:01:04.188	0.92959	0.92968			6
2025.10.15	02:01:06.074		0.92969			4
2025.10.15	02:01:13.127	0.92961				2
2025.10.15	02:01:19.899	0.92960	0.92970			6
2025.10.15	02:01:29.743	0.92961	0.92969			6
2025.10.15	02:01:32.852	0.92960	0.92968			6
2025.10.15	02:01:36.261	0.92965	0.92975			6
2025.10.15	02:01:36.626	0.92964				2
2025.10.15	02:01:37.928	0.92965	0.92974			6
2025.10.15	02:01:38.282	0.92964				2
2025.10.15	02:01:46.569	0.92965				2
2025.10.15	02:01:48.142		0.92973			4
2025.10.15	02:01:50.565	0.92964				2
2025.10.15	02:01:57.777		0.92972			4
2025.10.15	02:01:58.710	0.92963				2
2025.10.15	02:02:03.206	0.92963				2
2025.10.15	02:02:08.315	0.92962	0.92971			6
2025.10.15	02:02:10.283	0.92961	0.92972			6
2025.10.15	02:02:10.601	0.92962				2
2025.10.15	02:02:14.628		0.92971			4
2025.10.15	02:02:15.580	0.92961				2
2025.10.15	02:02:16.323		0.92970			4
2025.10.15	02:02:17.030		0.92971			4
2025.10.15	02:02:27.701	0.92963	0.92969			6
2025.10.15	02:02:29.558	0.92964	0.92970			6
2025.10.15	02:02:31.113	0.92961	0.92972			6
2025.10.15	02:02:36.038		0.92971			4
2025.10.15	02:02:41.426	0.92962	0.92970			6
2025.10.15	02:03:00.459	0.92962				2
2025.10.15	02:03:02.412		0.92969			4
2025.10.15	02:03:02.837		0.92971			4
2025.10.15	02:03:04.421	0.92959				2
2025.10.15	02:03:11.898		0.92970			4
2025.10.15	02:03:13.765	0.92957	0.92969			6
2025.10.15	02:03:14.070		0.92968			4
2025.10.15	02:03:18.495	0.92961	0.92969			6
2025.10.15	02:03:19.589		0.92970			4
2025.10.15	02:03:24.325	0.92960				2
2025.10.15	02:03:28.901	0.92961	0.92969			6
2025.10.15	02:03:34.075	0.92958	0.92968			6
2025.10.15	02:03:36.289		0.92969			4
2025.10.15	02:03:42.788	0.92959	0.92970			6
2025.10.15	02:03:44.257	0.92958				2
2025.10.15	02:03:44.596	0.92961				2
2025.10.15	02:03:52.603		0.92971			4
2025.10.15	02:03:57.954	0.92962				2
2025.10.15	02:04:00.839	0.92961				2
2025.10.15	02:04:05.705	0.92963				2
2025.10.15	02:04:07.618		0.92972			4
2025.10.15	02:04:08.850	0.92961	0.92971			6
2025.10.15	02:04:10.959	0.92960	0.92969			6
2025.10.15	02:04:13.678	0.92963	0.92972			6
2025.10.15	02:04:14.793	0.92962				2
2025.10.15	02:04:15.403	0.92963				2
2025.10.15	02:04:19.073	0.92961	0.92970			6
2025.10.15	02:04:20.338	0.92962	0.92971			6
2025.10.15	02:04:26.029		0.92972			4
2025.10.15	02:04:30.264	0.92960	0.92971			6
2025.10.15	02:04:35.314		0.92970			4
2025.10.15	02:04:40.976	0.92964	0.92972			6
2025.10.15	02:04:41.839	0.92963				2
2025.10.15	02:04:49.380	0.92965				2
2025.10.15	02:04:50.304		0.92971			4
2025.10.15	02:04:52.180		0.92970			4
2025.10.15	02:04:52.784	0.92963	0.92972			6
2025.10.15	02:05:00.349	0.92963				2
2025.10.15	02:05:06.967	0.92967	0.92975			6
2025.10.15	02:05:17.062	0.92965	0.92976			6
2025.10.15	02:05:18.116		0.92975			4
2025.10.15	02:05:30.605	0.92964				2
2025.10.15	02:05:33.768		0.92974			4
2025.10.15	02:05:39.242	0.92965	0.92976			6
2025.10.15	02:05:40.739		0.92975			4
2025.10.15	02:05:41.352		0.92976			4
2025.10.15	02:05:47.932		0.92977			4
2025.10.15	02:05:49.574		0.92976			4
2025.10.15	02:06:00.546	0.92965				2
2025.10.15	02:06:03.637		0.92975			4
2025.10.15	02:06:13.859		0.92976			4
2025.10.15	02:06:14.815	0.92967	0.92978			6
2025.10.15	02:06:16.392		0.92977			4
2025.10.15	02:06:22.554	0.92968	0.92978			6
2025.10.15	02:06:31.440	0.92967				2
2025.10.15	02:06:38.360		0.92977			4
2025.10.15	02:06:39.466	0.92965	0.92976			6
2025.10.15	02:06:56.162	0.92967	0.92978			6
2025.10.15	02:07:00.308	0.92967				2
2025.10.15	02:07:04.394		0.92976			4
2025.10.15	02:07:22.070	0.92966				2
2025.10.15	02:07:33.230		0.92975			4
2025.10.15	02:07:34.571		0.92976			4
2025.10.15	02:07:36.874	0.92964	0.92974			6
2025.10.15	02:07:39.652	0.92963				2
2025.10.15	02:07:43.559		0.92973			4
2025.10.15	02:08:00.359	0.92963				2
2025.10.15	02:08:03.158	0.92965				2
2025.10.15	02:08:05.524		0.92974			4
2025.10.15	02:08:07.605		0.92973			4
2025.10.15	02:08:14.353	0.92963				2
2025.10.15	02:08:26.749	0.92962				2
2025.10.15	02:08:30.322	0.92963	0.92974			6
2025.10.15	02:08:33.425	0.92962				2
2025.10.15	02:08:35.418	0.92963	0.92973			6
2025.10.15	02:08:35.949	0.92962				2
2025.10.15	02:08:37.830	0.92963				2
2025.10.15	02:08:43.535	0.92964				2
2025.10.15	02:08:44.165	0.92963				2
2025.10.15	02:09:00.971	0.92963				2
2025.10.15	02:09:06.287		0.92972			4
2025.10.15	02:09:14.714	0.92962	0.92971			6
2025.10.15	02:09:15.782	0.92961				2
2025.10.15	02:09:27.089	0.92964	0.92974			6
2025.10.15	02:10:00.609	0.92964				2
2025.10.15	02:10:07.295		0.92973			4
2025.10.15	02:10:09.301		0.92975			4
2025.10.15	02:10:22.616		0.92976			4
2025.10.15	02:10:59.162	0.92966	0.92977			6
2025.10.15	02:11:00.258	0.92966	0.92978			6
2025.10.15	02:11:00.588		0.92979			4
2025.10.15	02:11:01.462	0.92964	0.92976			6
2025.10.15	02:11:06.049	0.92965	0.92978			6
2025.10.15	02:11:06.525		0.92977			4
2025.10.15	02:11:10.004		0.92978			4
2025.10.15	02:11:12.213	0.92962	0.92976			6
2025.10.15	02:11:18.943	0.92966	0.92977			6
2025.10.15	02:11:21.348	0.92965				2
2025.10.15	02:11:25.404	0.92967	0.92978			6
2025.10.15	02:11:26.261		0.92979			4
2025.10.15	02:11:30.419	0.92966	0.92978			6
2025.10.15	02:11:32.741		0.92979			4
2025.10.15	02:11:38.802		0.92978			4
2025.10.15	02:11:54.139		0.92977			4
2025.10.15	02:12:00.453	0.92966				2
2025.10.15	02:12:07.539		0.92978			4
2025.10.15	02:12:13.322		0.92977			4
2025.10.15	02:12:29.296	0.92967	0.92978			6
2025.10.15	02:12:32.020	0.92965	0.92977			6
2025.10.15	02:13:00.605	0.92965				2
2025.10.15	02:13:01.694	0.92968	0.92978			6
2025.10.15	02:13:03.865		0.92980			4
2025.10.15	02:13:04.175		0.92979			4
2025.10.15	02:13:05.294		0.92978			4
2025.10.15	02:13:08.165	0.92969	0.92979			6
2025.10.15	02:13:14.779		0.92980			4
2025.10.15	02:13:19.058		0.92981			4
2025.10.15	02:13:19.395	0.92970				2
2025.10.15	02:13:19.715	0.92971				2
2025.10.15	02:13:24.862	0.92970				2
2025.10.15	02:13:32.686		0.92982			4
2025.10.15	02:13:34.897		0.92981			4
2025.10.15	02:13:51.094	0.92969	0.92980			6
2025.10.15	02:13:53.533	0.92970				2
2025.10.15	02:13:56.605	0.92969				2
2025.10.15	02:14:00.456	0.92970	0.92981			6
2025.10.15	02:14:10.356		0.92980			4
2025.10.15	02:14:11.199		0.92981			4
2025.10.15	02:14:13.543	0.92969	0.92980			6
2025.10.15	02:14:26.573	0.92970				2
2025.10.15	02:14:45.376	0.92968				2
2025.10.15	02:14:53.781		0.92981			4
2025.10.15	02:14:55.274	0.92969				2
2025.10.15	02:15:00.310	0.92971	0.92980			6
2025.10.15	02:15:00.634		0.92981			4
2025.10.15	02:15:07.127		0.92980			4
2025.10.15	02:15:07.834		0.92981			4
2025.10.15	02:15:14.248		0.92980			4
2025.10.15	02:15:21.594	0.92970	0.92981			6
2025.10.15	02:15:27.561		0.92980			4
2025.10.15	02:15:28.017		0.92981			4
2025.10.15	02:15:41.376		0.92980			4
2025.10.15	02:15:43.172	0.92968				2
2025.10.15	02:15:57.736		0.92981			4
2025.10.15	02:15:58.133		0.92980			4
2025.10.15	02:16:00.204	0.92968				2
2025.10.15	02:16:00.912	0.92970				2
2025.10.15	02:16:07.863		0.92981			4
2025.10.15	02:16:09.220	0.92969				2
2025.10.15	02:16:09.786	0.92971	0.92982			6
2025.10.15	02:16:10.352	0.92970	0.92981			6
2025.10.15	02:16:11.671	0.92971				2
2025.10.15	02:16:12.473	0.92970				2
2025.10.15	02:16:12.779		0.92980			4
2025.10.15	02:16:16.634		0.92981			4
2025.10.15	02:16:30.364	0.92969				2
2025.10.15	02:16:34.640		0.92980			4
2025.10.15	02:16:35.964	0.92971	0.92982			6
2025.10.15	02:16:38.966	0.92970	0.92981			6
2025.10.15	02:16:40.028		0.92982			4
2025.10.15	02:16:45.363	0.92969	0.92980			6
2025.10.15	02:16:49.364	0.92968	0.92979			6
2025.10.15	02:16:57.770	0.92970	0.92981			6
2025.10.15	02:16:58.351	0.92969	0.92980			6
2025.10.15	02:17:04.575	0.92969				2
2025.10.15	02:17:12.446	0.92970	0.92981			6
2025.10.15	02:17:13.945	0.92971	0.92982			6
2025.10.15	02:17:29.675	0.92970	0.92981			6
2025.10.15	02:18:00.119	0.92970				2
2025.10.15	02:18:00.421	0.92969	0.92979			6
2025.10.15	02:18:01.377		0.92980			4
2025.10.15	02:18:02.969		0.92979			4
2025.10.15	02:18:09.738	0.92970	0.92981			6
2025.10.15	02:18:16.075		0.92980			4
2025.10.15	02:18:23.545		0.92981			4
2025.10.15	02:18:24.388	0.92969	0.92979			6
2025.10.15	02:18:40.551		0.92980			4
2025.10.15	02:18:45.381	0.92967	0.92979			6
2025.10.15	02:18:47.707		0.92978			4
2025.10.15	02:18:49.717	0.92968	0.92979			6
2025.10.15	02:18:51.611		0.92980			4
2025.10.15	02:18:51.921		0.92979			4
2025.10.15	02:18:54.259	0.92969				2
2025.10.15	02:18:54.561	0.92968	0.92978			6
2025.10.15	02:18:56.398		0.92979			4
2025.10.15	02:19:00.403	0.92968	0.92978			6
2025.10.15	02:19:01.171		0.92979			4
2025.10.15	02:19:05.430	0.92969	0.92980			6
2025.10.15	02:19:06.365	0.92970	0.92981			6
2025.10.15	02:19:09.040		0.92980			4
2025.10.15	02:19:14.430	0.92969				2
2025.10.15	02:19:16.411		0.92981			4
2025.10.15	02:19:22.546		0.92980			4
2025.10.15	02:19:23.598	0.92970				2
2025.10.15	02:19:28.436	0.92973	0.92984			6
2025.10.15	02:19:28.773		0.92983			4
2025.10.15	02:19:32.565	0.92972				2
2025.10.15	02:19:33.994		0.92984			4
2025.10.15	02:19:34.572		0.92983			4
2025.10.15	02:19:35.836	0.92973	0.92984			6
2025.10.15	02:19:41.815	0.92974	0.92985			6
2025.10.15	02:19:42.917		0.92986			4
2025.10.15	02:19:50.633		0.92985			4
2025.10.15	02:19:54.209		0.92986			4
2025.10.15	02:19:56.753	0.92973	0.92984			6
2025.10.15	02:20:00.256	0.92975	0.92985			6
2025.10.15	02:20:00.581		0.92986			4
2025.10.15	02:20:01.753		0.92985			4
2025.10.15	02:20:04.127		0.92986			4
2025.10.15	02:20:10.895	0.92972	0.92982			6
2025.10.15	02:20:18.036		0.92983			4
2025.10.15	02:20:21.059	0.92975	0.92985			6
2025.10.15	02:20:21.405	0.92976	0.92987			6
2025.10.15	02:20:21.918		0.92986			4
2025.10.15	02:20:22.586	0.92975				2
2025.10.15	02:20:34.193		0.92985			4
2025.10.15	02:20:45.178	0.92973	0.92984			6
2025.10.15	02:20:46.856	0.92972	0.92983			6
2025.10.15	02:20:50.344	0.92974	0.92984			6
2025.10.15	02:20:58.454	0.92975	0.92986			6
2025.10.15	02:20:58.756		0.92987			4
2025.10.15	02:21:00.713	0.92975				2
2025.10.15	02:21:11.223	0.92978	0.92989			6
2025.10.15	02:21:12.014	0.92977	0.92988			6
2025.10.15	02:21:12.319	0.92976	0.92987			6
2025.10.15	02:21:20.980	0.92977	0.92988			6
2025.10.15	02:21:21.745	0.92975	0.92985			6
2025.10.15	02:21:29.153	0.92974				2
2025.10.15	02:21:29.730	0.92972	0.92983			6
2025.10.15	02:21:48.064		0.92984			4
2025.10.15	02:21:50.673		0.92983			4
2025.10.15	02:21:51.537	0.92971				2
2025.10.15	02:21:51.838		0.92981			4
2025.10.15	02:21:52.529		0.92982			4
2025.10.15	02:22:00.587	0.92970				2
2025.10.15	02:22:00.971		0.92981			4
2025.10.15	02:22:04.033	0.92971				2
2025.10.15	02:22:06.951	0.92970	0.92982			6
2025.10.15	02:22:10.015		0.92981			4
2025.10.15	02:22:12.257		0.92982			4
2025.10.15	02:22:12.632	0.92971				2
2025.10.15	02:22:15.202		0.92983			4
2025.10.15	02:22:32.177		0.92982			4
2025.10.15	02:22:34.384		0.92983			4
2025.10.15	02:22:40.950		0.92984			4
2025.10.15	02:22:42.353		0.92983			4
2025.10.15	02:22:45.374	0.92972				2
2025.10.15	02:22:50.351	0.92971				2
2025.10.15	02:22:52.310		0.92982			4
2025.10.15	02:23:00.213	0.92971				2
2025.10.15	02:23:00.582	0.92972	0.92983			6
2025.10.15	02:23:01.860	0.92976	0.92987			6
2025.10.15	02:23:15.841	0.92977				2
2025.10.15	02:23:21.438	0.92976				2
2025.10.15	02:23:25.959	0.92969	0.92982			6
2025.10.15	02:23:26.279		0.92981			4
2025.10.15	02:23:40.069		0.92980			4
2025.10.15	02:23:40.501		0.92981			4
2025.10.15	02:23:44.758	0.92970	0.92980			6
2025.10.15	02:23:48.411	0.92969	0.92979			6
2025.10.15	02:23:49.387	0.92970	0.92980			6
2025.10.15	02:23:53.929		0.92981			4
2025.10.15	02:23:57.281	0.92967	0.92979			6
2025.10.15	02:24:00.619	0.92967				2
2025.10.15	02:24:00.980	0.92968	0.92980			6
2025.10.15	02:24:02.016		0.92981			4
2025.10.15	02:24:03.470	0.92969				2
2025.10.15	02:24:05.575	0.92970				2
2025.10.15	02:24:06.709	0.92972	0.92983			6
2025.10.15	02:24:09.536		0.92984			4
2025.10.15	02:24:14.455		0.92983			4
2025.10.15	02:24:17.805		0.92984			4
2025.10.15	02:24:23.253	0.92973	0.92983			6
2025.10.15	02:24:26.078		0.92984			4
2025.10.15	02:24:29.953	0.92972				2
2025.10.15	02:24:37.398	0.92973	0.92985			6
2025.10.15	02:24:46.505	0.92974				2
2025.10.15	02:24:48.103	0.92971	0.92983			6
2025.10.15	02:24:52.002	0.92974	0.92984			6
2025.10.15	02:24:52.393	0.92973	0.92985			6
2025.10.15	02:24:53.367		0.92984			4
2025.10.15	02:24:55.083		0.92985			4
2025.10.15	02:25:00.101	0.92973	0.92984			6
2025.10.15	02:25:00.628	0.92976	0.92986			6
2025.10.15	02:25:00.942	0.92974				2
2025.10.15	02:25:01.653		0.92985			4
2025.10.15	02:25:04.876	0.92973	0.92984			6
2025.10.15	02:25:21.391	0.92975	0.92986			6
2025.10.15	02:25:25.380		0.92987			4
2025.10.15	02:25:29.866		0.92986			4
2025.10.15	02:25:32.073		0.92987			4
2025.10.15	02:26:00.542	0.92975	0.92986			6
2025.10.15	02:26:10.102		0.92987			4
2025.10.15	02:26:18.541	0.92976	0.92988			6
2025.10.15	02:26:19.688		0.92987			4
2025.10.15	02:26:27.934	0.92977	0.92988			6
2025.10.15	02:26:33.059	0.92978	0.92989			6
2025.10.15	02:26:44.358		0.92990			4
2025.10.15	02:26:45.364	0.92977	0.92987			6
2025.10.15	02:27:00.447	0.92977				2
2025.10.15	02:27:00.912		0.92988			4
2025.10.15	02:27:04.383		0.92989			4
2025.10.15	02:27:13.726	0.92976	0.92986			6
2025.10.15	02:27:34.350	0.92975				2
2025.10.15	02:27:35.340		0.92987			4
2025.10.15	02:27:36.802	0.92976	0.92988			6
2025.10.15	02:27:41.765		0.92986			4
2025.10.15	02:27:45.262		0.92987			4
2025.10.15	02:27:55.245	0.92975	0.92986			6
2025.10.15	02:28:00.627	0.92975				2
2025.10.15	02:28:01.636	0.92976				2
2025.10.15	02:28:30.690	0.92975				2
2025.10.15	02:28:34.185		0.92985			4
2025.10.15	02:28:35.194		0.92986			4
2025.10.15	02:28:36.752	0.92976				2
2025.10.15	02:28:39.173	0.92974	0.92984			6
2025.10.15	02:28:40.142	0.92975				2
2025.10.15	02:28:41.146		0.92983			4
2025.10.15	02:28:42.100	0.92976				2
2025.10.15	02:28:42.722		0.92986			4
2025.10.15	02:28:50.372	0.92974				2
2025.10.15	02:28:52.473		0.92985			4
2025.10.15	02:28:58.168	0.92975	0.92986			6
2025.10.15	02:29:00.917	0.92975				2
2025.10.15	02:29:11.980		0.92987			4
2025.10.15	02:29:14.317	0.92976				2
2025.10.15	02:29:17.150		0.92988			4
2025.10.15	02:29:29.358		0.92987			4
2025.10.15	02:29:36.347		0.92988			4
2025.10.15	02:29:37.972	0.92979	0.92989			6
2025.10.15	02:29:39.573		0.92990			4
2025.10.15	02:29:42.616		0.92989			4
2025.10.15	02:29:44.674	0.92978				2
2025.10.15	02:29:45.983	0.92977	0.92988			6
2025.10.15	02:29:56.722		0.92989			4
2025.10.15	02:30:00.446	0.92977				2
2025.10.15	02:30:01.317	0.92978				2
2025.10.15	02:30:05.409		0.92988			4
2025.10.15	02:30:06.398	0.92976	0.92986			6
2025.10.15	02:30:09.505		0.92987			4
2025.10.15	02:30:26.599		0.92988			4
2025.10.15	02:30:29.502	0.92975	0.92986			6
2025.10.15	02:30:31.484		0.92987			4
2025.10.15	02:30:31.807		0.92986			4
2025.10.15	02:30:43.746	0.92979	0.92990			6
2025.10.15	02:30:45.042	0.92978				2
2025.10.15	02:30:45.355		0.92989			4
2025.10.15	02:30:49.845		0.92990			4
2025.10.15	02:30:57.572	0.92980				2
2025.10.15	02:31:00.112	0.92980				2
2025.10.15	02:31:02.604	0.92982	0.92992			6
2025.10.15	02:31:06.636	0.92981	0.92991			6
2025.10.15	02:31:08.782	0.92980				2
2025.10.15	02:31:09.619	0.92981	0.92992			6
2025.10.15	02:31:30.835	0.92980	0.92991			6
2025.10.15	02:31:33.777	0.92981	0.92992			6
2025.10.15	02:31:59.908	0.92980	0.92991			6
2025.10.15	02:32:01.139	0.92980				2
