<DATE>	<TIME>	<BID>	<ASK>	<LAST>	<VOLUME>	<FLAGS>
2025.01.03	00:00:00.105	0.93543	0.93729			6
2025.01.03	00:00:00.432	0.93562	0.93710			6
2025.01.03	00:01:05.356	0.93395	0.93593			6
2025.01.03	00:01:08.683		0.93591			4
2025.01.03	00:01:17.610		0.93592			4
2025.01.03	00:01:26.305		0.93593			4
2025.01.03	00:01:30.842		0.93594			4
2025.01.03	00:01:38.246		0.93599			4
2025.01.03	00:01:45.444		0.93603			4
2025.01.03	00:01:48.565		0.93605			4
2025.01.03	00:01:52.353		0.93603			4
2025.01.03	00:02:06.365	0.93395	0.93611			6
2025.01.03	00:02:09.496		0.93609			4
2025.01.03	00:02:11.357		0.93610			4
2025.01.03	00:02:17.822	0.93413	0.93611			6
2025.01.03	00:02:24.676		0.93615			4
2025.01.03	00:02:26.959		0.93616			4
2025.01.03	00:02:29.757		0.93620			4
2025.01.03	00:02:36.437		0.93621			4
2025.01.03	00:02:43.443		0.93622			4
2025.01.03	00:02:44.155		0.93623			4
2025.01.03	00:02:49.497		0.93628			4
2025.01.03	00:02:53.795		0.93629			4
2025.01.03	00:02:54.635	0.93455				2
2025.01.03	00:03:04.760	0.93455	0.93630			6
2025.01.03	00:03:08.172	0.93411				2
2025.01.03	00:03:23.741	0.93453				2
2025.01.03	00:03:28.703		0.93631			4
2025.01.03	00:05:00.468	0.93578	0.93719			6
2025.01.03	00:05:00.861		0.93710			4
2025.01.03	00:05:39.931		0.93706			4
2025.01.03	00:06:00.672	0.93578				2
2025.01.03	00:06:34.930		0.93705			4
2025.01.03	00:07:00.679	0.93578				2
2025.01.03	00:07:40.679		0.93705			4
2025.01.03	00:08:00.680	0.93578				2
2025.01.03	00:08:40.682		0.93705			4
2025.01.03	00:09:01.556	0.93578				2
2025.01.03	00:09:40.682		0.93705			4
2025.01.03	00:10:00.371	0.93576				2
2025.01.03	00:10:12.200	0.93547	0.93684			6
2025.01.03	00:10:17.981	0.93554	0.93686			6
2025.01.03	00:10:24.032	0.93555				2
2025.01.03	00:10:28.570	0.93548	0.93684			6
2025.01.03	00:10:28.872	0.93556	0.93686			6
2025.01.03	00:10:39.461	0.93561				2
2025.01.03	00:10:43.089	0.93562				2
2025.01.03	00:10:57.915	0.93557				2
2025.01.03	00:11:00.031	0.93557				2
2025.01.03	00:11:01.543	0.93578	0.93703			6
2025.01.03	00:11:05.677	0.93557	0.93686			6
2025.01.03	00:11:06.588	0.93578	0.93703			6
2025.01.03	00:11:09.936		0.93705			4
2025.01.03	00:11:10.558	0.93558	0.93686			6
2025.01.03	00:11:10.873		0.93692			4
2025.01.03	00:11:11.479	0.93578	0.93704			6
2025.01.03	00:11:18.926		0.93703			4
2025.01.03	00:11:21.319		0.93704			4
2025.01.03	00:11:34.219		0.93703			4
2025.01.03	00:11:37.452		0.93705			4
2025.01.03	00:11:51.621		0.93704			4
2025.01.03	00:11:52.829		0.93705			4
2025.01.03	00:12:00.677	0.93578	0.93704			6
2025.01.03	00:12:04.538		0.93705			4
2025.01.03	00:12:11.121		0.93704			4
2025.01.03	00:12:13.529		0.93705			4
2025.01.03	00:12:15.252		0.93706			4
2025.01.03	00:13:00.368	0.93578				2
2025.01.03	00:13:15.619		0.93706			4
2025.01.03	00:14:01.519	0.93578				2
2025.01.03	00:14:15.620		0.93706			4
2025.01.03	00:15:00.304	0.93578				2
2025.01.03	00:15:15.621		0.93706			4
2025.01.03	00:16:00.677	0.93578				2
2025.01.03	00:16:11.863		0.93711			4
2025.01.03	00:16:32.684		0.93710			4
2025.01.03	00:16:33.620		0.93711			4
2025.01.03	00:16:44.719		0.93710			4
2025.01.03	00:17:00.719	0.93578				2
2025.01.03	00:17:03.318		0.93709			4
2025.01.03	00:17:24.920		0.93708			4
2025.01.03	00:17:27.019		0.93707			4
2025.01.03	00:17:28.088		0.93706			4
2025.01.03	00:17:38.359		0.93705			4
2025.01.03	00:17:47.430		0.93706			4
2025.01.03	00:17:52.537		0.93705			4
2025.01.03	00:17:54.921		0.93704			4
2025.01.03	00:17:57.020		0.93705			4
2025.01.03	00:18:01.219	0.93578				2
2025.01.03	00:18:21.927		0.93704			4
2025.01.03	00:18:24.022		0.93705			4
2025.01.03	00:18:37.519		0.93704			4
2025.01.03	00:18:47.467		0.93703			4
2025.01.03	00:18:53.120		0.93705			4
2025.01.03	00:18:56.420		0.93704			4
2025.01.03	00:19:01.910	0.93578				2
2025.01.03	00:19:16.665		0.93703			4
2025.01.03	00:19:27.321		0.93702			4
2025.01.03	00:19:38.189		0.93709			4
2025.01.03	00:19:39.532		0.93710			4
2025.01.03	00:19:51.880		0.93706			4
2025.01.03	00:20:00.681	0.93578				2
2025.01.03	00:20:52.069		0.93706			4
2025.01.03	00:21:00.767	0.93564				2
2025.01.03	00:21:53.720		0.93706			4
2025.01.03	00:22:00.677	0.93564				2
2025.01.03	00:22:55.225		0.93706			4
2025.01.03	00:23:00.921	0.93564				2
2025.01.03	00:23:56.422		0.93706			4
2025.01.03	00:24:00.320	0.93564				2
2025.01.03	00:24:50.982	0.93567				2
2025.01.03	00:25:00.327	0.93567	0.93706			6
2025.01.03	00:25:01.782	0.93566				2
2025.01.03	00:25:05.198	0.93568				2
2025.01.03	00:25:21.872	0.93571	0.93707			6
2025.01.03	00:25:22.600		0.93706			4
2025.01.03	00:25:59.813	0.93576	0.93711			6
2025.01.03	00:26:00.188	0.93575				2
2025.01.03	00:26:04.221	0.93576				2
2025.01.03	00:26:14.384	0.93577				2
2025.01.03	00:26:16.877	0.93578	0.93712			6
2025.01.03	00:26:17.425	0.93579	0.93713			6
2025.01.03	00:26:27.768	0.93578	0.93708			6
2025.01.03	00:26:37.821	0.93579				2
2025.01.03	00:26:43.200		0.93700			4
2025.01.03	00:26:45.012		0.93708			4
2025.01.03	00:27:00.364	0.93579				2
2025.01.03	00:27:01.828	0.93580				2
2025.01.03	00:27:24.322	0.93581				2
2025.01.03	00:27:39.024		0.93707			4
2025.01.03	00:27:53.119	0.93582				2
2025.01.03	00:28:04.821	0.93582	0.93706			6
2025.01.03	00:28:18.920	0.93583				2
2025.01.03	00:28:38.419		0.93705			4
2025.01.03	00:28:56.120	0.93584				2
2025.01.03	00:29:10.678	0.93584				2
2025.01.03	00:29:15.018	0.93585	0.93704			6
2025.01.03	00:29:17.133	0.93568	0.93708			6
2025.01.03	00:29:31.697		0.93704			4
2025.01.03	00:29:54.323		0.93703			4
2025.01.03	00:30:00.382	0.93577	0.93704			6
2025.01.03	00:30:02.416	0.93588	0.93703			6
2025.01.03	00:30:02.722		0.93704			4
2025.01.03	00:30:06.367	0.93586	0.93703			6
2025.01.03	00:30:06.924	0.93588	0.93704			6
2025.01.03	00:30:09.556	0.93587	0.93702			6
2025.01.03	00:30:09.928	0.93588	0.93704			6
2025.01.03	00:30:11.596	0.93587	0.93702			6
2025.01.03	00:30:12.020	0.93588	0.93704			6
2025.01.03	00:30:12.616	0.93587	0.93702			6
2025.01.03	00:30:12.925	0.93588	0.93704			6
2025.01.03	00:30:13.582	0.93587	0.93702			6
2025.01.03	00:30:14.138	0.93588	0.93704			6
2025.01.03	00:30:18.736	0.93589				2
2025.01.03	00:30:20.788		0.93703			4
2025.01.03	00:30:27.913	0.93587	0.93702			6
2025.01.03	00:30:28.222	0.93589	0.93703			6
2025.01.03	00:30:38.124	0.93588	0.93701			6
2025.01.03	00:30:57.774		0.93699			4
2025.01.03	00:31:00.367	0.93588				2
2025.01.03	00:31:27.966	0.93589				2
2025.01.03	00:31:29.432		0.93698			4
2025.01.03	00:32:00.536	0.93590				2
2025.01.03	00:32:07.821		0.93697			4
2025.01.03	00:32:41.130	0.93591				2
2025.01.03	00:33:05.130	0.93591	0.93696			6
2025.01.03	00:33:36.921	0.93592				2
2025.01.03	00:33:54.320		0.93695			4
2025.01.03	00:34:00.305	0.93592				2
2025.01.03	00:35:57.334	0.93594	0.93693			6
2025.01.03	00:36:00.310	0.93594				2
2025.01.03	00:37:25.695	0.93594	0.93693			6
2025.01.03	00:37:28.221	0.93595				2
2025.01.03	00:38:01.534	0.93595				2
2025.01.03	00:38:22.818		0.93692			4
2025.01.03	00:39:01.519	0.93595				2
2025.01.03	00:39:16.576	0.93596				2
2025.01.03	00:39:24.021		0.93692			4
2025.01.03	00:40:01.555	0.93596				2
2025.01.03	00:40:29.625		0.93692			4
2025.01.03	00:40:50.120	0.93595				2
2025.01.03	00:41:01.335	0.93595				2
2025.01.03	00:41:16.345	0.93598	0.93694			6
2025.01.03	00:41:17.381	0.93596	0.93693			6
2025.01.03	00:42:00.301	0.93596				2
2025.01.03	00:42:25.209		0.93693			4
2025.01.03	00:42:43.229	0.93597				2
2025.01.03	00:42:45.820	0.93596				2
2025.01.03	00:42:54.237	0.93597				2
2025.01.03	00:43:00.301	0.93597				2
2025.01.03	00:43:33.319		0.93693			4
2025.01.03	00:43:46.833	0.93599	0.93694			6
2025.01.03	00:44:00.305	0.93598				2
2025.01.03	00:44:02.558	0.93597	0.93693			6
2025.01.03	00:44:02.888	0.93598	0.93694			6
2025.01.03	00:44:05.623	0.93597	0.93693			6
2025.01.03	00:44:15.802	0.93598	0.93694			6
2025.01.03	00:44:16.810	0.93597	0.93693			6
2025.01.03	00:44:17.120	0.93598	0.93694			6
2025.01.03	00:44:24.810	0.93597	0.93693			6
2025.01.03	00:44:25.220	0.93598	0.93694			6
2025.01.03	00:44:30.061	0.93597	0.93693			6
2025.01.03	00:44:30.620	0.93598	0.93695			6
2025.01.03	00:44:56.285	0.93597	0.93693			6
2025.01.03	00:44:56.614	0.93598	0.93695			6
2025.01.03	00:45:00.658	0.93598				2
2025.01.03	00:45:02.138	0.93588	0.93709			6
2025.01.03	00:45:03.981	0.93598	0.93695			6
2025.01.03	00:45:08.420	0.93616	0.93677			6
2025.01.03	00:45:23.099	0.93614	0.93675			6
2025.01.03	00:45:23.420	0.93616	0.93677			6
2025.01.03	00:45:25.147	0.93614	0.93675			6
2025.01.03	00:45:25.521	0.93616	0.93677			6
2025.01.03	00:45:27.184	0.93614	0.93675			6
2025.01.03	00:45:27.623	0.93616	0.93677			6
2025.01.03	00:45:29.025	0.93615	0.93678			6
2025.01.03	00:45:30.239	0.93614				2
2025.01.03	00:45:33.299	0.93611				2
2025.01.03	00:45:33.622	0.93614				2
2025.01.03	00:45:36.357	0.93615				2
2025.01.03	00:45:37.377	0.93612				2
2025.01.03	00:45:37.835	0.93615				2
2025.01.03	00:45:39.418	0.93614				2
2025.01.03	00:45:43.496	0.93612				2
2025.01.03	00:45:43.821	0.93615				2
2025.01.03	00:45:44.515	0.93614				2
2025.01.03	00:45:48.601	0.93611				2
2025.01.03	00:45:48.930	0.93614				2
2025.01.03	00:45:52.439	0.93612	0.93679			6
2025.01.03	00:45:52.743	0.93611	0.93678			6
2025.01.03	00:45:53.120	0.93612				2
2025.01.03	00:46:00.303	0.93612				2
2025.01.03	00:46:01.219	0.93609	0.93680			6
2025.01.03	00:46:15.792	0.93612	0.93677			6
2025.01.03	00:46:48.618	0.93613				2
2025.01.03	00:46:49.002	0.93614	0.93678			6
2025.01.03	00:46:49.322	0.93615	0.93677			6
2025.01.03	00:46:51.027	0.93616				2
2025.01.03	00:46:52.864	0.93617	0.93676			6
2025.01.03	00:47:02.107	0.93606	0.93691			6
2025.01.03	00:47:03.633	0.93607	0.93692			6
2025.01.03	00:47:03.936	0.93617	0.93676			6
2025.01.03	00:47:06.022	0.93613	0.93683			6
2025.01.03	00:47:06.327	0.93617	0.93679			6
2025.01.03	00:47:06.817	0.93615	0.93680			6
2025.01.03	00:47:09.034	0.93616				2
2025.01.03	00:47:11.120	0.93615				2
2025.01.03	00:47:13.061	0.93617				2
2025.01.03	00:47:25.519		0.93679			4
2025.01.03	00:47:29.337	0.93616	0.93680			6
2025.01.03	00:47:31.220	0.93617	0.93679			6
2025.01.03	00:47:39.019	0.93618	0.93678			6
2025.01.03	00:47:39.921	0.93617	0.93679			6
2025.01.03	00:47:41.295	0.93618	0.93677			6
2025.01.03	00:47:42.325	0.93616	0.93678			6
2025.01.03	00:47:45.632	0.93617				2
2025.01.03	00:47:49.130	0.93616				2
2025.01.03	00:47:49.762		0.93679			4
2025.01.03	00:47:57.623	0.93615				2
2025.01.03	00:48:01.080	0.93617	0.93677			6
2025.01.03	00:48:10.096	0.93616	0.93679			6
2025.01.03	00:48:16.519		0.93678			4
2025.01.03	00:48:16.911	0.93617	0.93677			6
2025.01.03	00:48:26.298	0.93616	0.93679			6
2025.01.03	00:48:39.021	0.93615	0.93680			6
2025.01.03	00:48:39.477	0.93614				2
2025.01.03	00:48:42.101	0.93616	0.93679			6
2025.01.03	00:48:43.881	0.93618	0.93678			6
2025.01.03	00:48:44.421	0.93617				2
2025.01.03	00:48:51.838	0.93615	0.93680			6
2025.01.03	00:48:52.876	0.93616	0.93679			6
2025.01.03	00:48:53.362	0.93617	0.93678			6
2025.01.03	00:48:55.807	0.93616	0.93679			6
2025.01.03	00:48:57.523	0.93619	0.93675			6
2025.01.03	00:48:58.540	0.93618	0.93673			6
2025.01.03	00:48:59.131	0.93617	0.93674			6
2025.01.03	00:49:00.469	0.93618	0.93673			6
2025.01.03	00:49:04.520	0.93615	0.93676			6
2025.01.03	00:49:11.917	0.93618	0.93673			6
2025.01.03	00:49:17.118	0.93617	0.93674			6
2025.01.03	00:49:23.121	0.93618	0.93673			6
2025.01.03	00:49:29.239	0.93617	0.93674			6
2025.01.03	00:49:36.022	0.93616	0.93675			6
2025.01.03	00:49:44.252	0.93617	0.93674			6
2025.01.03	00:49:48.294	0.93618	0.93673			6
2025.01.03	00:49:49.416	0.93617	0.93674			6
2025.01.03	00:49:55.445	0.93618	0.93673			6
2025.01.03	00:49:55.755	0.93617	0.93674			6
2025.01.03	00:49:59.458	0.93618	0.93673			6
2025.01.03	00:50:02.849	0.93618				2
2025.01.03	00:50:47.601	0.93617	0.93674			6
2025.01.03	00:51:03.012	0.93617				2
2025.01.03	00:51:48.794		0.93674			4
2025.01.03	00:52:01.561	0.93617				2
2025.01.03	00:52:41.121	0.93616	0.93675			6
2025.01.03	00:53:01.544	0.93616				2
2025.01.03	00:53:42.012		0.93675			4
2025.01.03	00:53:54.820	0.93618	0.93678			6
2025.01.03	00:53:55.270	0.93619				2
2025.01.03	00:53:55.574	0.93617	0.93677			6
2025.01.03	00:53:55.932	0.93618	0.93679			6
2025.01.03	00:53:56.296	0.93615	0.93677			6
2025.01.03	00:53:57.037	0.93614				2
2025.01.03	00:54:00.320	0.93614				2
2025.01.03	00:54:00.758	0.93615	0.93676			6
2025.01.03	00:54:10.235	0.93614				2
2025.01.03	00:54:10.541		0.93677			4
2025.01.03	00:54:16.739	0.93613				2
2025.01.03	00:54:22.822	0.93614				2
2025.01.03	00:54:24.931		0.93676			4
2025.01.03	00:54:38.896		0.93677			4
2025.01.03	00:54:39.917	0.93613				2
2025.01.03	00:54:46.757	0.93614				2
2025.01.03	00:54:54.926	0.93613	0.93678			6
2025.01.03	00:55:01.223	0.93614	0.93677			6
2025.01.03	00:55:05.621	0.93613				2
2025.01.03	00:55:41.789		0.93678			4
2025.01.03	00:56:01.211	0.93613				2
2025.01.03	00:56:05.417	0.93616	0.93682			6
2025.01.03	00:56:06.021		0.93684			4
2025.01.03	00:56:10.011	0.93617	0.93682			6
2025.01.03	00:56:11.237	0.93620	0.93685			6
2025.01.03	00:56:13.260	0.93618	0.93683			6
2025.01.03	00:56:20.557	0.93617	0.93682			6
2025.01.03	00:56:22.809		0.93683			4
2025.01.03	00:56:29.285	0.93615	0.93685			6
2025.01.03	00:56:40.016	0.93617	0.93683			6
2025.01.03	00:56:50.200	0.93613	0.93679			6
2025.01.03	00:56:50.614	0.93612	0.93678			6
2025.01.03	00:56:55.041	0.93610	0.93680			6
2025.01.03	00:56:55.829	0.93609	0.93681			6
2025.01.03	00:56:57.242		0.93680			4
2025.01.03	00:56:57.756	0.93610				2
2025.01.03	00:57:01.388	0.93611	0.93679			6
2025.01.03	00:57:04.439	0.93610	0.93681			6
2025.01.03	00:57:05.711	0.93609				2
2025.01.03	00:57:06.375	0.93610				2
2025.01.03	00:57:07.655	0.93611	0.93679			6
2025.01.03	00:57:09.107	0.93612	0.93681			6
2025.01.03	00:57:11.044		0.93680			4
2025.01.03	00:57:12.275	0.93613	0.93679			6
2025.01.03	00:57:17.842	0.93614				2
2025.01.03	00:57:21.002	0.93613				2
2025.01.03	00:57:29.119		0.93678			4
2025.01.03	00:57:30.186	0.93611	0.93681			6
2025.01.03	00:57:32.521		0.93679			4
2025.01.03	00:57:41.077	0.93612	0.93677			6
2025.01.03	00:57:41.731		0.93678			4
2025.01.03	00:57:45.928		0.93677			4
2025.01.03	00:58:00.682	0.93612				2
2025.01.03	00:58:01.521		0.93678			4
2025.01.03	00:58:05.121		0.93677			4
2025.01.03	00:58:47.126		0.93678			4
2025.01.03	00:58:47.771		0.93677			4
2025.01.03	00:58:57.932	0.93611	0.93676			6
2025.01.03	00:59:00.826	0.93612	0.93677			6
2025.01.03	00:59:11.217		0.93678			4
2025.01.03	00:59:13.820	0.93611	0.93676			6
2025.01.03	00:59:16.107	0.93610				2
2025.01.03	00:59:18.181	0.93611				2
2025.01.03	00:59:22.221		0.93677			4
2025.01.03	00:59:29.125	0.93610				2
2025.01.03	00:59:29.720	0.93611				2
2025.01.03	00:59:37.920	0.93610				2
2025.01.03	00:59:42.081	0.93598	0.93688			6
2025.01.03	00:59:42.404	0.93600	0.93686			6
2025.01.03	00:59:43.577		0.93685			4
2025.01.03	00:59:45.322	0.93602	0.93683			6
2025.01.03	00:59:46.824	0.93603	0.93682			6
2025.01.03	00:59:48.320	0.93604	0.93681			6
2025.01.03	00:59:50.122	0.93605	0.93680			6
2025.01.03	00:59:52.132	0.93606				2
2025.01.03	00:59:53.488	0.93605	0.93679			6
2025.01.03	00:59:58.913	0.93609	0.93676			6
2025.01.03	01:00:00.007	0.93609				2
2025.01.03	01:00:00.313	0.93621	0.93688			6
2025.01.03	01:00:01.235	0.93620	0.93690			6
2025.01.03	01:00:01.570	0.93613	0.93695			6
2025.01.03	01:00:01.889	0.93611	0.93698			6
2025.01.03	01:00:02.229		0.93681			4
2025.01.03	01:00:03.486	0.93612	0.93682			6
2025.01.03	01:00:04.089	0.93621	0.93691			6
2025.01.03	01:00:04.393		0.93687			4
2025.01.03	01:00:05.233	0.93620	0.93689			6
2025.01.03	01:00:05.545		0.93688			4
2025.01.03	01:00:05.888	0.93621	0.93692			6
2025.01.03	01:00:06.322	0.93617				2
2025.01.03	01:00:06.635		0.93691			4
2025.01.03	01:00:07.054	0.93622	0.93688			6
2025.01.03	01:00:07.665	0.93624				2
2025.01.03	01:00:08.027	0.93638	0.93683			6
2025.01.03	01:00:08.384	0.93646	0.93680			6
2025.01.03	01:00:09.093	0.93647	0.93678			6
2025.01.03	01:00:09.558	0.93649				2
2025.01.03	01:00:10.220	0.93648	0.93680			6
2025.01.03	01:00:13.958	0.93649	0.93678			6
2025.01.03	01:00:15.436	0.93647				2
2025.01.03	01:00:16.179	0.93644	0.93680			6
2025.01.03	01:00:18.385	0.93646				2
2025.01.03	01:00:19.535	0.93643	0.93675			6
2025.01.03	01:00:20.403	0.93644	0.93674			6
2025.01.03	01:00:22.376		0.93676			4
2025.01.03	01:00:25.819	0.93632	0.93685			6
2025.01.03	01:00:26.236	0.93624	0.93681			6
2025.01.03	01:00:29.692	0.93639	0.93675			6
2025.01.03	01:00:30.248	0.93624	0.93692			6
2025.01.03	01:00:31.037	0.93621	0.93682			6
2025.01.03	01:00:31.371	0.93620	0.93674			6
2025.01.03	01:00:31.731	0.93623	0.93677			6
2025.01.03	01:00:32.694	0.93626	0.93684			6
2025.01.03	01:00:33.013	0.93631				2
2025.01.03	01:00:33.762		0.93689			4
2025.01.03	01:00:36.395	0.93640	0.93682			6
2025.01.03	01:00:37.394	0.93639	0.93680			6
2025.01.03	01:00:40.150	0.93638	0.93682			6
2025.01.03	01:00:40.807		0.93679			4
2025.01.03	01:00:41.121	0.93637				2
2025.01.03	01:00:41.462	0.93638				2
2025.01.03	01:00:42.394	0.93637				2
2025.01.03	01:00:47.421	0.93638				2
2025.01.03	01:00:47.748	0.93637				2
2025.01.03	01:00:50.196		0.93676			4
2025.01.03	01:00:52.225	0.93638	0.93677			6
2025.01.03	01:00:54.020	0.93646	0.93680			6
2025.01.03	01:00:56.123		0.93679			4
2025.01.03	01:01:00.098	0.93648				2
2025.01.03	01:01:02.392		0.93678			4
2025.01.03	01:01:07.220		0.93679			4
2025.01.03	01:01:07.574	0.93645	0.93676			6
2025.01.03	01:01:08.539	0.93647	0.93677			6
2025.01.03	01:01:09.088	0.93648				2
2025.01.03	01:01:10.561	0.93647	0.93678			6
2025.01.03	01:01:11.431	0.93645	0.93676			6
2025.01.03	01:01:12.275	0.93648	0.93678			6
2025.01.03	01:01:13.224	0.93646	0.93676			6
2025.01.03	01:01:14.395		0.93675			4
2025.01.03	01:01:17.553	0.93645				2
2025.01.03	01:01:18.485		0.93676			4
2025.01.03	01:01:19.289	0.93647	0.93677			6
2025.01.03	01:01:19.738		0.93676			4
2025.01.03	01:01:20.317		0.93677			4
2025.01.03	01:01:21.919		0.93678			4
2025.01.03	01:01:26.259	0.93649	0.93677			6
2025.01.03	01:01:26.703		0.93679			4
2025.01.03	01:01:27.627	0.93650	0.93677			6
2025.01.03	01:01:28.095		0.93679			4
2025.01.03	01:01:29.177		0.93678			4
2025.01.03	01:01:30.039		0.93679			4
2025.01.03	01:01:33.644		0.93678			4
2025.01.03	01:01:34.023		0.93679			4
2025.01.03	01:01:34.383		0.93676			4
2025.01.03	01:01:34.892	0.93651				2
2025.01.03	01:01:36.129		0.93678			4
2025.01.03	01:01:36.619	0.93650	0.93676			6
2025.01.03	01:01:38.324		0.93674			4
2025.01.03	01:01:39.591	0.93652				2
2025.01.03	01:01:41.424		0.93672			4
2025.01.03	01:01:42.141		0.93675			4
2025.01.03	01:01:43.386		0.93672			4
2025.01.03	01:01:45.800		0.93674			4
2025.01.03	01:01:47.752	0.93650				2
2025.01.03	01:01:55.773		0.93673			4
2025.01.03	01:02:00.321	0.93650				2
2025.01.03	01:02:00.655	0.93649	0.93671			6
2025.01.03	01:02:01.119		0.93672			4
2025.01.03	01:02:02.121	0.93653	0.93679			6
2025.01.03	01:02:04.056	0.93654				2
2025.01.03	01:02:04.387		0.93680			4
2025.01.03	01:02:08.101		0.93679			4
2025.01.03	01:02:10.585		0.93680			4
2025.01.03	01:02:15.655		0.93679			4
2025.01.03	01:02:21.103		0.93678			4
2025.01.03	01:02:23.014	0.93655				2
2025.01.03	01:02:25.798		0.93679			4
2025.01.03	01:02:26.734	0.93652				2
2025.01.03	01:02:30.961	0.93653				2
2025.01.03	01:02:40.317	0.93655				2
2025.01.03	01:02:49.220		0.93680			4
2025.01.03	01:02:49.522	0.93654	0.93678			6
2025.01.03	01:02:54.902	0.93655	0.93680			6
2025.01.03	01:03:00.441	0.93655				2
2025.01.03	01:03:12.872	0.93653				2
2025.01.03	01:03:13.737	0.93659	0.93677			6
2025.01.03	01:03:37.309	0.93661	0.93679			6
2025.01.03	01:04:01.224	0.93661				2
2025.01.03	01:04:17.270	0.93663	0.93672			6
2025.01.03	01:04:17.883	0.93664	0.93673			6
2025.01.03	01:04:19.090	0.93661	0.93679			6
2025.01.03	01:04:32.496	0.93660	0.93678			6
2025.01.03	01:04:42.229	0.93661				2
2025.01.03	01:04:43.067	0.93662	0.93680			6
2025.01.03	01:05:00.446	0.93663	0.93681			6
2025.01.03	01:05:03.381	0.93665	0.93683			6
2025.01.03	01:05:30.419	0.93668	0.93676			6
2025.01.03	01:05:32.232	0.93665	0.93683			6
2025.01.03	01:05:38.439	0.93664	0.93682			6
2025.01.03	01:05:38.742	0.93662	0.93680			6
2025.01.03	01:05:42.140	0.93661	0.93681			6
2025.01.03	01:06:00.354	0.93661				2
2025.01.03	01:06:34.117	0.93662	0.93680			6
2025.01.03	01:06:45.921	0.93666	0.93684			6
2025.01.03	01:06:50.449	0.93665				2
2025.01.03	01:07:00.319	0.93665				2
2025.01.03	01:07:46.035		0.93684			4
2025.01.03	01:07:47.919	0.93666	0.93685			6
2025.01.03	01:08:01.119	0.93665				2
2025.01.03	01:08:01.597		0.93684			4
2025.01.03	01:08:31.878	0.93670	0.93686			6
2025.01.03	01:08:39.750	0.93668	0.93687			6
2025.01.03	01:08:50.386	0.93670	0.93686			6
2025.01.03	01:08:54.320	0.93671				2
2025.01.03	01:08:56.719	0.93670				2
2025.01.03	01:08:59.719	0.93671				2
2025.01.03	01:09:00.678	0.93671				2
2025.01.03	01:09:09.379		0.93688			4
2025.01.03	01:09:10.748		0.93687			4
2025.01.03	01:09:16.689		0.93686			4
2025.01.03	01:09:17.005		0.93688			4
2025.01.03	01:09:19.219		0.93687			4
2025.01.03	01:09:22.373	0.93670				2
2025.01.03	01:09:23.392	0.93671	0.93686			6
2025.01.03	01:09:41.718		0.93687			4
2025.01.03	01:09:48.624		0.93686			4
2025.01.03	01:10:00.021	0.93671				2
2025.01.03	01:10:05.607		0.93685			4
2025.01.03	01:10:35.643	0.93668				2
2025.01.03	01:10:36.979	0.93669				2
2025.01.03	01:10:37.523		0.93686			4
2025.01.03	01:10:39.606		0.93685			4
2025.01.03	01:10:44.121		0.93686			4
2025.01.03	01:10:45.921		0.93685			4
2025.01.03	01:10:46.976	0.93670	0.93684			6
2025.01.03	01:10:48.019	0.93671	0.93686			6
2025.01.03	01:10:49.223	0.93672				2
2025.01.03	01:10:58.425	0.93671				2
2025.01.03	01:10:59.581		0.93687			4
2025.01.03	01:11:00.386	0.93669	0.93685			6
2025.01.03	01:11:04.613	0.93670	0.93684			6
2025.01.03	01:11:12.545	0.93672				2
2025.01.03	01:11:12.925		0.93686			4
2025.01.03	01:11:14.508	0.93670	0.93685			6
2025.01.03	01:11:22.219		0.93684			4
2025.01.03	01:12:00.499	0.93670				2
2025.01.03	01:12:03.362		0.93685			4
2025.01.03	01:12:12.809		0.93686			4
2025.01.03	01:12:13.142	0.93671	0.93685			6
2025.01.03	01:12:20.722	0.93670				2
2025.01.03	01:12:42.871	0.93671	0.93686			6
2025.01.03	01:12:44.035	0.93669	0.93685			6
2025.01.03	01:12:50.904	0.93671				2
2025.01.03	01:13:00.019	0.93671				2
2025.01.03	01:13:31.820	0.93670				2
2025.01.03	01:13:33.921	0.93671				2
2025.01.03	01:13:44.957		0.93684			4
2025.01.03	01:13:57.919	0.93672	0.93685			6
2025.01.03	01:14:00.037	0.93672				2
2025.01.03	01:14:19.595	0.93671				2
2025.01.03	01:14:21.279		0.93684			4
2025.01.03	01:14:22.141	0.93670	0.93685			6
2025.01.03	01:14:25.521	0.93669				2
2025.01.03	01:14:28.349		0.93684			4
2025.01.03	01:14:28.670	0.93668				2
2025.01.03	01:14:30.327	0.93667				2
2025.01.03	01:14:34.819	0.93668				2
2025.01.03	01:14:43.222	0.93669				2
2025.01.03	01:14:43.532	0.93670	0.93685			6
2025.01.03	01:14:50.814	0.93671	0.93687			6
2025.01.03	01:14:55.585	0.93672				2
2025.01.03	01:14:59.420	0.93671	0.93686			6
2025.01.03	01:14:59.724		0.93684			4
2025.01.03	01:15:00.384	0.93671	0.93686			6
2025.01.03	01:15:04.219	0.93672				2
2025.01.03	01:15:06.320	0.93671				2
2025.01.03	01:15:09.483	0.93672				2
2025.01.03	01:15:13.578		0.93687			4
2025.01.03	01:15:24.019		0.93686			4
2025.01.03	01:15:25.539	0.93671				2
2025.01.03	01:15:29.223		0.93687			4
2025.01.03	01:15:32.595		0.93686			4
2025.01.03	01:15:34.223		0.93687			4
2025.01.03	01:15:36.509		0.93686			4
2025.01.03	01:15:38.733		0.93687			4
2025.01.03	01:15:39.609		0.93686			4
2025.01.03	01:15:39.910	0.93672				2
2025.01.03	01:15:41.252	0.93671				2
2025.01.03	01:15:43.211		0.93687			4
2025.01.03	01:15:43.821		0.93686			4
2025.01.03	01:15:46.223		0.93687			4
2025.01.03	01:15:48.015	0.93672	0.93686			6
2025.01.03	01:15:49.411		0.93685			4
2025.01.03	01:15:51.620		0.93686			4
2025.01.03	01:16:00.856	0.93672				2
2025.01.03	01:16:01.557		0.93685			4
2025.01.03	01:16:05.420		0.93686			4
2025.01.03	01:16:07.578		0.93685			4
2025.01.03	01:16:08.838		0.93684			4
2025.01.03	01:16:10.522	0.93671				2
2025.01.03	01:16:16.760	0.93672	0.93685			6
2025.01.03	01:16:19.335	0.93671	0.93684			6
2025.01.03	01:16:19.684		0.93685			4
2025.01.03	01:16:20.012	0.93672	0.93686			6
2025.01.03	01:16:21.800		0.93685			4
2025.01.03	01:16:23.194		0.93686			4
2025.01.03	01:16:24.100		0.93685			4
2025.01.03	01:16:24.799		0.93687			4
2025.01.03	01:16:25.588	0.93673	0.93688			6
2025.01.03	01:16:26.229	0.93672				2
2025.01.03	01:16:38.455	0.93673	0.93689			6
2025.01.03	01:16:39.467	0.93672	0.93686			6
2025.01.03	01:16:39.922		0.93685			4
2025.01.03	01:16:47.493	0.93666	0.93674			6
2025.01.03	01:16:50.707	0.93661				2
2025.01.03	01:16:52.465		0.93673			4
2025.01.03	01:17:00.172	0.93661				2
2025.01.03	01:17:23.213	0.93660				2
2025.01.03	01:17:39.579	0.93661	0.93672			6
2025.01.03	01:17:42.920	0.93660				2
2025.01.03	01:17:53.194	0.93661	0.93673			6
2025.01.03	01:17:54.239		0.93672			4
2025.01.03	01:17:54.542	0.93662	0.93675			6
2025.01.03	01:17:54.843	0.93661	0.93673			6
2025.01.03	01:17:57.320		0.93672			4
2025.01.03	01:17:58.482		0.93673			4
2025.01.03	01:18:00.679	0.93661				2
2025.01.03	01:18:07.199		0.93672			4
2025.01.03	01:18:07.523	0.93660				2
2025.01.03	01:18:08.537	0.93661				2
2025.01.03	01:18:10.520	0.93662				2
2025.01.03	01:18:16.349	0.93661				2
2025.01.03	01:18:18.923	0.93662				2
2025.01.03	01:18:19.598	0.93661				2
2025.01.03	01:18:20.631		0.93673			4
2025.01.03	01:18:23.427	0.93662				2
2025.01.03	01:18:29.360	0.93661				2
2025.01.03	01:18:30.529		0.93672			4
2025.01.03	01:18:30.933		0.93673			4
2025.01.03	01:18:35.126		0.93672			4
2025.01.03	01:18:36.025		0.93673			4
2025.01.03	01:18:39.922	0.93662				2
2025.01.03	01:18:43.519	0.93661				2
2025.01.03	01:18:46.086		0.93672			4
2025.01.03	01:18:46.523	0.93662	0.93673			6
2025.01.03	01:18:48.643	0.93661	0.93672			6
2025.01.03	01:18:52.825		0.93673			4
2025.01.03	01:18:55.318		0.93672			4
2025.01.03	01:18:57.019	0.93660				2
2025.01.03	01:18:59.493		0.93671			4
2025.01.03	01:19:00.538	0.93660				2
2025.01.03	01:19:11.513	0.93661	0.93672			6
2025.01.03	01:19:13.298	0.93662				2
2025.01.03	01:19:15.919	0.93661				2
2025.01.03	01:19:42.319	0.93662				2
2025.01.03	01:19:49.476		0.93671			4
2025.01.03	01:19:55.472	0.93661				2
2025.01.03	01:20:00.368	0.93661				2
2025.01.03	01:20:25.650	0.93660	0.93672			6
2025.01.03	01:20:28.225	0.93661				2
2025.01.03	01:20:35.291		0.93671			4
2025.01.03	01:20:37.607	0.93662				2
2025.01.03	01:20:38.775		0.93673			4
2025.01.03	01:20:40.825		0.93672			4
2025.01.03	01:20:47.228		0.93673			4
2025.01.03	01:20:50.122		0.93672			4
2025.01.03	01:20:51.652	0.93661	0.93671			6
2025.01.03	01:20:53.893		0.93670			4
2025.01.03	01:20:56.856	0.93662				2
2025.01.03	01:20:59.009	0.93659	0.93669			6
2025.01.03	01:20:59.315	0.93656	0.93668			6
2025.01.03	01:20:59.962		0.93667			4
2025.01.03	01:21:00.323	0.93655				2
2025.01.03	01:21:00.920	0.93656	0.93668			6
2025.01.03	01:21:03.023	0.93655	0.93667			6
2025.01.03	01:21:06.657	0.93656				2
2025.01.03	01:21:07.702	0.93657				2
2025.01.03	01:21:08.423	0.93656				2
2025.01.03	01:21:13.965	0.93655				2
2025.01.03	01:21:15.619	0.93656				2
2025.01.03	01:21:23.362	0.93655				2
2025.01.03	01:21:29.420	0.93656				2
2025.01.03	01:21:34.612	0.93655				2
2025.01.03	01:21:43.821	0.93656				2
2025.01.03	01:21:46.335	0.93655				2
2025.01.03	01:21:47.387		0.93668			4
2025.01.03	01:22:00.112	0.93655				2
2025.01.03	01:22:00.701		0.93667			4
2025.01.03	01:22:02.128	0.93656				2
2025.01.03	01:22:06.481	0.93655				2
2025.01.03	01:22:09.377		0.93668			4
2025.01.03	01:22:23.573		0.93667			4
2025.01.03	01:22:56.482	0.93658	0.93669			6
2025.01.03	01:22:59.621		0.93668			4
2025.01.03	01:23:00.678	0.93658				2
2025.01.03	01:23:01.900	0.93656				2
2025.01.03	01:23:03.622	0.93657	0.93669			6
2025.01.03	01:23:10.733		0.93668			4
2025.01.03	01:23:22.532	0.93653	0.93665			6
2025.01.03	01:23:22.860	0.93652				2
2025.01.03	01:23:24.358		0.93663			4
2025.01.03	01:23:24.934	0.93651				2
2025.01.03	01:23:25.758	0.93652	0.93664			6
2025.01.03	01:23:26.976		0.93663			4
2025.01.03	01:23:38.614		0.93666			4
2025.01.03	01:23:39.607		0.93663			4
2025.01.03	01:23:48.913		0.93667			4
2025.01.03	01:23:50.359	0.93653	0.93665			6
2025.01.03	01:23:51.604		0.93664			4
2025.01.03	01:23:56.881	0.93654	0.93667			6
2025.01.03	01:23:57.320		0.93665			4
2025.01.03	01:24:00.320	0.93654				2
2025.01.03	01:24:04.348	0.93653	0.93664			6
2025.01.03	01:24:10.596		0.93667			4
2025.01.03	01:24:11.339	0.93654	0.93664			6
2025.01.03	01:24:12.574	0.93653	0.93665			6
2025.01.03	01:24:14.719	0.93654	0.93664			6
2025.01.03	01:24:16.324	0.93653	0.93666			6
2025.01.03	01:24:17.672	0.93654	0.93667			6
2025.01.03	01:24:18.879	0.93650	0.93664			6
2025.01.03	01:24:19.610		0.93662			4
2025.01.03	01:24:23.572	0.93649	0.93660			6
2025.01.03	01:24:25.522		0.93661			4
2025.01.03	01:24:28.521	0.93648				2
2025.01.03	01:24:30.027	0.93649				2
2025.01.03	01:24:31.526		0.93660			4
2025.01.03	01:24:35.573	0.93648				2
2025.01.03	01:24:36.009	0.93649	0.93661			6
2025.01.03	01:24:39.625		0.93662			4
2025.01.03	01:24:41.334		0.93661			4
2025.01.03	01:24:41.939		0.93660			4
2025.01.03	01:25:00.453	0.93649				2
2025.01.03	01:25:02.472	0.93650				2
2025.01.03	01:25:04.520	0.93649				2
2025.01.03	01:25:08.297	0.93650	0.93661			6
2025.01.03	01:25:08.799	0.93652	0.93663			6
2025.01.03	01:25:10.818		0.93662			4
2025.01.03	01:25:15.976	0.93651				2
2025.01.03	01:25:17.420	0.93652				2
2025.01.03	01:25:23.210	0.93650	0.93660			6
2025.01.03	01:25:23.522		0.93661			4
2025.01.03	01:25:25.487		0.93660			4
2025.01.03	01:25:28.348	0.93647				2
2025.01.03	01:25:28.651	0.93646	0.93659			6
2025.01.03	01:25:30.321	0.93647				2
2025.01.03	01:25:36.019		0.93658			4
2025.01.03	01:25:36.510		0.93659			4
2025.01.03	01:25:37.325		0.93658			4
2025.01.03	01:25:37.728		0.93661			4
2025.01.03	01:25:38.473	0.93648				2
2025.01.03	01:25:39.024		0.93660			4
2025.01.03	01:25:39.403		0.93661			4
2025.01.03	01:25:42.704		0.93660			4
2025.01.03	01:25:51.057		0.93661			4
2025.01.03	01:25:51.363	0.93649				2
2025.01.03	01:25:53.421	0.93648				2
2025.01.03	01:25:59.321	0.93651	0.93663			6
2025.01.03	01:26:00.358	0.93651				2
2025.01.03	01:26:19.334	0.93649	0.93661			6
2025.01.03	01:26:19.990	0.93648	0.93659			6
2025.01.03	01:26:24.261		0.93660			4
2025.01.03	01:26:26.198	0.93647	0.93659			6
2025.01.03	01:26:29.240	0.93649				2
2025.01.03	01:26:32.535	0.93650	0.93662			6
2025.01.03	01:26:34.614		0.93661			4
2025.01.03	01:26:38.719		0.93662			4
2025.01.03	01:26:39.187	0.93651	0.93661			6
2025.01.03	01:26:40.519	0.93650	0.93662			6
2025.01.03	01:26:42.021		0.93661			4
2025.01.03	01:26:45.622		0.93662			4
2025.01.03	01:26:47.105		0.93661			4
2025.01.03	01:26:47.681		0.93662			4
2025.01.03	01:27:01.521	0.93650				2
2025.01.03	01:27:09.921	0.93649	0.93661			6
2025.01.03	01:27:12.919	0.93650				2
2025.01.03	01:27:15.427	0.93649				2
2025.01.03	01:27:30.462		0.93662			4
2025.01.03	01:27:33.321	0.93650				2
2025.01.03	01:27:34.653		0.93661			4
2025.01.03	01:27:35.699	0.93652	0.93663			6
2025.01.03	01:27:52.747	0.93653	0.93664			6
2025.01.03	01:28:00.886	0.93652	0.93663			6
2025.01.03	01:28:15.252	0.93653	0.93664			6
2025.01.03	01:28:19.602	0.93652	0.93665			6
2025.01.03	01:28:20.820		0.93664			4
2025.01.03	01:28:22.866	0.93653	0.93663			6
2025.01.03	01:28:25.545	0.93651				2
2025.01.03	01:28:26.121	0.93652	0.93665			6
2025.01.03	01:28:41.008		0.93664			4
2025.01.03	01:28:47.098	0.93651	0.93663			6
2025.01.03	01:28:51.934	0.93652				2
2025.01.03	01:28:59.610	0.93651				2
2025.01.03	01:29:01.523	0.93651	0.93662			6
2025.01.03	01:29:02.678		0.93663			4
2025.01.03	01:29:04.347		0.93662			4
2025.01.03	01:29:23.001		0.93663			4
2025.01.03	01:29:32.421		0.93662			4
2025.01.03	01:29:34.607	0.93652	0.93664			6
2025.01.03	01:29:39.599	0.93653	0.93665			6
2025.01.03	01:29:42.492	0.93654				2
2025.01.03	01:29:52.520	0.93655	0.93666			6
2025.01.03	01:30:00.307	0.93656				2
2025.01.03	01:30:01.021	0.93658	0.93669			6
2025.01.03	01:30:01.993		0.93670			4
2025.01.03	01:30:04.149	0.93659				2
2025.01.03	01:30:11.663		0.93669			4
2025.01.03	01:30:12.106	0.93658				2
2025.01.03	01:30:13.694		0.93668			4
2025.01.03	01:30:19.746	0.93659	0.93670			6
2025.01.03	01:30:27.547	0.93658	0.93668			6
2025.01.03	01:30:39.677		0.93669			4
2025.01.03	01:30:51.030	0.93657	0.93668			6
2025.01.03	01:31:00.319	0.93657				2
2025.01.03	01:31:01.051	0.93656	0.93667			6
2025.01.03	01:31:07.298	0.93655	0.93668			6
2025.01.03	01:31:08.063		0.93667			4
2025.01.03	01:31:10.581	0.93656				2
2025.01.03	01:31:16.482	0.93655	0.93668			6
2025.01.03	01:31:17.603	0.93654	0.93667			6
2025.01.03	01:31:24.319	0.93655				2
2025.01.03	01:31:24.811	0.93654				2
2025.01.03	01:31:45.704		0.93666			4
2025.01.03	01:31:50.725	0.93653	0.93665			6
2025.01.03	01:32:00.520	0.93653				2
2025.01.03	01:32:05.636	0.93652	0.93664			6
2025.01.03	01:32:08.594		0.93663			4
2025.01.03	01:32:17.564		0.93665			4
2025.01.03	01:32:21.384	0.93653				2
2025.01.03	01:32:55.881		0.93664			4
2025.01.03	01:32:56.187	0.93652				2
2025.01.03	01:32:59.502		0.93663			4
2025.01.03	01:33:00.697	0.93652				2
2025.01.03	01:33:07.504	0.93651				2
2025.01.03	01:33:40.259	0.93648	0.93661			6
2025.01.03	01:33:45.504		0.93662			4
2025.01.03	01:33:47.420	0.93649				2
2025.01.03	01:33:55.904	0.93650	0.93663			6
2025.01.03	01:34:00.090	0.93650				2
2025.01.03	01:34:04.215	0.93649	0.93662			6
2025.01.03	01:34:13.377	0.93650	0.93663			6
2025.01.03	01:34:14.984	0.93649				2
2025.01.03	01:34:15.320		0.93662			4
2025.01.03	01:34:36.338		0.93661			4
2025.01.03	01:34:39.005	0.93650	0.93662			6
2025.01.03	01:34:44.674	0.93649				2
2025.01.03	01:35:00.679	0.93649				2
2025.01.03	01:35:39.170		0.93662			4
2025.01.03	01:36:00.678	0.93649				2
2025.01.03	01:36:08.435	0.93648	0.93659			6
2025.01.03	01:36:11.993	0.93650	0.93661			6
2025.01.03	01:36:12.322		0.93663			4
2025.01.03	01:36:17.250		0.93662			4
2025.01.03	01:36:17.720		0.93663			4
2025.01.03	01:36:20.702		0.93661			4
2025.01.03	01:36:21.265		0.93663			4
2025.01.03	01:36:25.538	0.93649	0.93660			6
2025.01.03	01:36:27.630		0.93662			4
2025.01.03	01:36:32.104		0.93661			4
2025.01.03	01:36:32.410	0.93650				2
2025.01.03	01:36:32.718		0.93662			4
2025.01.03	01:36:35.894		0.93661			4
2025.01.03	01:36:42.633		0.93660			4
2025.01.03	01:36:48.404	0.93649	0.93661			6
2025.01.03	01:36:52.626	0.93650				2
2025.01.03	01:36:55.233	0.93649				2
2025.01.03	01:37:00.782	0.93649				2
2025.01.03	01:37:16.825		0.93660			4
2025.01.03	01:37:17.435	0.93648				2
2025.01.03	01:37:22.764		0.93661			4
2025.01.03	01:37:27.330	0.93649				2
2025.01.03	01:37:47.514	0.93650				2
2025.01.03	01:37:50.473	0.93649				2
2025.01.03	01:37:52.820	0.93650				2
2025.01.03	01:38:00.679	0.93650				2
2025.01.03	01:38:01.147	0.93649				2
2025.01.03	01:38:05.120	0.93650				2
2025.01.03	01:38:26.421		0.93661			4
2025.01.03	01:38:48.401	0.93649				2
2025.01.03	01:38:53.384	0.93650				2
2025.01.03	01:39:01.297	0.93650				2
2025.01.03	01:39:04.600	0.93649				2
2025.01.03	01:39:07.630	0.93650	0.93662			6
2025.01.03	01:39:10.827	0.93649				2
2025.01.03	01:39:39.243		0.93660			4
2025.01.03	01:39:46.127	0.93650				2
2025.01.03	01:39:59.618	0.93649	0.93661			6
2025.01.03	01:40:00.683	0.93649				2
2025.01.03	01:40:16.738	0.93648	0.93660			6
2025.01.03	01:40:20.707	0.93656	0.93666			6
2025.01.03	01:40:23.419	0.93655				2
2025.01.03	01:40:31.272	0.93654				2
2025.01.03	01:40:34.963	0.93655	0.93667			6
2025.01.03	01:40:42.002	0.93654				2
2025.01.03	01:40:46.349	0.93656	0.93666			6
2025.01.03	01:40:46.895		0.93667			4
2025.01.03	01:40:47.247	0.93655				2
2025.01.03	01:40:51.755	0.93653	0.93665			6
2025.01.03	01:40:52.957	0.93652				2
2025.01.03	01:40:59.670	0.93653				2
2025.01.03	01:41:00.521	0.93653				2
2025.01.03	01:41:06.903	0.93654	0.93666			6
2025.01.03	01:41:40.673	0.93653				2
2025.01.03	01:41:45.324	0.93654				2
2025.01.03	01:41:54.828	0.93653				2
2025.01.03	01:41:57.287	0.93651	0.93664			6
2025.01.03	01:42:00.747	0.93651				2
2025.01.03	01:42:02.795	0.93650	0.93663			6
2025.01.03	01:42:07.200	0.93651	0.93664			6
2025.01.03	01:42:21.133	0.93650				2
2025.01.03	01:42:22.753	0.93651				2
2025.01.03	01:42:33.699	0.93650				2
2025.01.03	01:42:43.734		0.93663			4
2025.01.03	01:42:46.616		0.93662			4
2025.01.03	01:42:49.199	0.93649				2
2025.01.03	01:42:49.502		0.93660			4
2025.01.03	01:42:49.818	0.93648				2
2025.01.03	01:42:52.073	0.93649	0.93662			6
2025.01.03	01:42:57.403	0.93650	0.93664			6
2025.01.03	01:42:59.650	0.93648	0.93661			6
2025.01.03	01:42:59.979	0.93647				2
2025.01.03	01:43:00.369	0.93648				2
2025.01.03	01:43:02.758	0.93651	0.93662			6
2025.01.03	01:43:04.801	0.93650	0.93663			6
2025.01.03	01:43:09.751		0.93662			4
2025.01.03	01:43:24.349		0.93663			4
2025.01.03	01:43:33.323		0.93662			4
2025.01.03	01:43:44.861	0.93651				2
2025.01.03	01:43:49.778	0.93650				2
2025.01.03	01:43:52.403	0.93651				2
2025.01.03	01:43:57.664		0.93663			4
2025.01.03	01:43:57.988		0.93662			4
2025.01.03	01:44:00.112	0.93651				2
2025.01.03	01:44:06.142		0.93664			4
2025.01.03	01:44:23.426		0.93663			4
2025.01.03	01:44:23.747		0.93665			4
2025.01.03	01:44:52.893		0.93664			4
2025.01.03	01:45:00.018	0.93650				2
2025.01.03	01:45:03.681	0.93651				2
2025.01.03	01:45:11.725		0.93663			4
2025.01.03	01:45:13.477	0.93650	0.93662			6
2025.01.03	01:45:16.454	0.93651				2
2025.01.03	01:45:19.220	0.93650				2
2025.01.03	01:45:25.535	0.93651	0.93663			6
2025.01.03	01:45:33.251	0.93649				2
2025.01.03	01:45:36.993		0.93661			4
2025.01.03	01:45:40.122	0.93648				2
2025.01.03	01:46:01.337	0.93648				2
2025.01.03	01:46:03.957	0.93646	0.93658			6
2025.01.03	01:46:12.415	0.93644				2
2025.01.03	01:46:14.331	0.93643	0.93657			6
2025.01.03	01:46:14.836	0.93645	0.93658			6
2025.01.03	01:46:40.678		0.93657			4
2025.01.03	01:46:49.492	0.93643				2
2025.01.03	01:46:58.353		0.93656			4
2025.01.03	01:46:59.138		0.93657			4
2025.01.03	01:47:00.422	0.93644				2
2025.01.03	01:47:00.750	0.93643				2
2025.01.03	01:47:01.470	0.93644				2
2025.01.03	01:47:01.789	0.93643				2
2025.01.03	01:47:02.508	0.93641	0.93654			6
2025.01.03	01:47:08.288		0.93653			4
2025.01.03	01:47:09.298		0.93654			4
2025.01.03	01:47:10.006		0.93653			4
2025.01.03	01:47:11.551	0.93642	0.93655			6
2025.01.03	01:47:17.421		0.93654			4
2025.01.03	01:47:22.222	0.93641				2
2025.01.03	01:47:51.554		0.93655			4
2025.01.03	01:47:55.244	0.93642				2
2025.01.03	01:48:03.111	0.93642				2
2025.01.03	01:48:22.626	0.93639	0.93651			6
2025.01.03	01:48:22.957	0.93638				2
2025.01.03	01:48:44.002	0.93639				2
2025.01.03	01:48:47.955	0.93640	0.93652			6
2025.01.03	01:48:51.153	0.93639	0.93653			6
2025.01.03	01:48:59.125		0.93652			4
2025.01.03	01:49:01.376	0.93639				2
2025.01.03	01:49:05.128	0.93640	0.93651			6
2025.01.03	01:49:08.349		0.93650			4
2025.01.03	01:49:08.672		0.93652			4
2025.01.03	01:49:53.565	0.93641	0.93654			6
2025.01.03	01:49:54.319		0.93653			4
2025.01.03	01:49:54.738	0.93640	0.93652			6
2025.01.03	01:50:00.005	0.93641				2
2025.01.03	01:50:01.529	0.93639				2
2025.01.03	01:50:03.043	0.93641				2
2025.01.03	01:50:07.226	0.93639				2
2025.01.03	01:50:16.390	0.93640				2
2025.01.03	01:50:17.539	0.93641				2
2025.01.03	01:50:24.485		0.93653			4
2025.01.03	01:50:30.333		0.93652			4
2025.01.03	01:50:44.262	0.93642	0.93654			6
2025.01.03	01:50:48.925		0.93655			4
2025.01.03	01:50:50.880		0.93654			4
2025.01.03	01:50:56.482		0.93655			4
2025.01.03	01:50:57.621	0.93643	0.93657			6
2025.01.03	01:50:58.658		0.93655			4
2025.01.03	01:50:59.719	0.93644				2
2025.01.03	01:51:00.468	0.93644				2
2025.01.03	01:51:01.535	0.93643				2
2025.01.03	01:51:01.841	0.93644				2
2025.01.03	01:51:08.132		0.93658			4
2025.01.03	01:51:30.452	0.93645				2
2025.01.03	01:51:47.061	0.93644				2
2025.01.03	01:51:48.264		0.93656			4
2025.01.03	01:51:48.824	0.93645	0.93657			6
2025.01.03	01:51:49.413	0.93644				2
2025.01.03	01:51:49.731		0.93656			4
2025.01.03	01:51:59.259	0.93641	0.93653			6
2025.01.03	01:52:00.362	0.93641				2
2025.01.03	01:52:03.971	0.93639				2
2025.01.03	01:52:17.592		0.93652			4
2025.01.03	01:52:33.890	0.93638				2
2025.01.03	01:52:41.061		0.93651			4
2025.01.03	01:52:48.396	0.93640	0.93653			6
2025.01.03	01:52:49.167		0.93652			4
2025.01.03	01:52:49.596		0.93653			4
2025.01.03	01:53:00.272	0.93640				2
2025.01.03	01:53:01.662	0.93643	0.93654			6
2025.01.03	01:53:04.998	0.93644				2
2025.01.03	01:53:05.561		0.93656			4
2025.01.03	01:53:23.377		0.93657			4
2025.01.03	01:53:36.120		0.93656			4
2025.01.03	01:53:41.371	0.93643				2
2025.01.03	01:53:59.604	0.93647	0.93659			6
2025.01.03	01:54:00.249	0.93647				2
2025.01.03	01:54:00.586		0.93660			4
2025.01.03	01:54:02.238	0.93644	0.93657			6
2025.01.03	01:54:05.195	0.93645	0.93658			6
2025.01.03	01:54:17.028		0.93657			4
2025.01.03	01:54:33.252	0.93644				2
2025.01.03	01:54:36.818	0.93647	0.93658			6
2025.01.03	01:54:40.546		0.93659			4
2025.01.03	01:54:40.847		0.93660			4
2025.01.03	01:54:45.236	0.93644	0.93655			6
2025.01.03	01:54:48.265		0.93657			4
2025.01.03	01:54:51.274		0.93655			4
2025.01.03	01:54:52.186		0.93657			4
2025.01.03	01:54:55.461		0.93656			4
2025.01.03	01:54:58.430		0.93655			4
2025.01.03	01:54:58.732		0.93656			4
2025.01.03	01:55:02.707	0.93644	0.93657			6
2025.01.03	01:55:03.228		0.93658			4
2025.01.03	01:55:13.823		0.93657			4
2025.01.03	01:55:40.422	0.93645				2
2025.01.03	01:55:58.957		0.93658			4
2025.01.03	01:56:00.496	0.93645	0.93657			6
2025.01.03	01:56:22.840	0.93644				2
2025.01.03	01:56:54.871	0.93641	0.93653			6
2025.01.03	01:56:59.421		0.93652			4
2025.01.03	01:57:02.057	0.93641	0.93653			6
2025.01.03	01:57:13.193	0.93642	0.93655			6
2025.01.03	01:57:26.227	0.93641				2
2025.01.03	01:57:39.651		0.93654			4
2025.01.03	01:57:42.321	0.93642				2
2025.01.03	01:57:56.140		0.93653			4
2025.01.03	01:57:57.643		0.93654			4
2025.01.03	01:58:00.261	0.93642				2
2025.01.03	01:58:10.521	0.93644	0.93655			6
2025.01.03	01:58:13.203		0.93656			4
2025.01.03	01:58:16.401	0.93642	0.93655			6
2025.01.03	01:58:20.690		0.93654			4
2025.01.03	01:58:24.322		0.93653			4
2025.01.03	01:58:32.418		0.93654			4
2025.01.03	01:58:37.320		0.93653			4
2025.01.03	01:58:39.922		0.93655			4
2025.01.03	01:58:42.927		0.93653			4
2025.01.03	01:58:43.515		0.93654			4
2025.01.03	01:58:54.044	0.93644	0.93656			6
2025.01.03	01:59:00.293	0.93644				2
2025.01.03	01:59:13.561	0.93645	0.93658			6
2025.01.03	01:59:21.940	0.93646				2
2025.01.03	02:00:00.352	0.93646				2
2025.01.03	02:00:04.439	0.93645				2
2025.01.03	02:00:05.856	0.93646				2
2025.01.03	02:00:06.668	0.93645	0.93657			6
2025.01.03	02:00:11.274	0.93642	0.93655			6
2025.01.03	02:00:11.582		0.93654			4
2025.01.03	02:00:23.444	0.93641	0.93652			6
2025.01.03	02:00:31.230	0.93642				2
2025.01.03	02:01:00.350	0.93639	0.93650			6
2025.01.03	02:01:00.731		0.93651			4
2025.01.03	02:01:01.368	0.93640				2
2025.01.03	02:01:02.786	0.93639	0.93650			6
2025.01.03	02:01:13.423	0.93641	0.93651			6
2025.01.03	02:01:14.500	0.93640	0.93650			6
2025.01.03	02:01:21.923	0.93639				2
2025.01.03	02:01:25.313	0.93640				2
2025.01.03	02:01:27.250		0.93651			4
2025.01.03	02:01:30.873		0.93650			4
2025.01.03	02:01:31.227	0.93638	0.93649			6
2025.01.03	02:01:42.913	0.93639				2
2025.01.03	02:01:44.279		0.93650			4
2025.01.03	02:01:44.598	0.93640				2
2025.01.03	02:01:45.956		0.93651			4
2025.01.03	02:01:50.619	0.93641				2
2025.01.03	02:01:52.907	0.93642				2
2025.01.03	02:01:53.680	0.93641				2
2025.01.03	02:01:54.362	0.93640				2
2025.01.03	02:02:00.018	0.93640				2
2025.01.03	02:02:00.999	0.93639				2
2025.01.03	02:02:04.309		0.93649			4
2025.01.03	02:02:06.416	0.93637	0.93648			6
2025.01.03	02:02:06.779	0.93638	0.93651			6
2025.01.03	02:02:08.340	0.93640				2
2025.01.03	02:02:08.670	0.93639	0.93652			6
2025.01.03	02:02:09.212		0.93651			4
2025.01.03	02:02:09.596	0.93640	0.93650			6
2025.01.03	02:02:10.349	0.93639				2
2025.01.03	02:02:10.690	0.93640				2
2025.01.03	02:02:16.917	0.93641				2
2025.01.03	02:02:17.419		0.93651			4
2025.01.03	02:02:23.820		0.93652			4
2025.01.03	02:02:29.269		0.93653			4
2025.01.03	02:02:30.050	0.93644	0.93656			6
2025.01.03	02:02:38.786	0.93645	0.93657			6
2025.01.03	02:02:40.530	0.93648	0.93660			6
2025.01.03	02:02:42.373	0.93649				2
2025.01.03	02:02:45.401	0.93647	0.93658			6
2025.01.03	02:02:46.195	0.93648	0.93659			6
2025.01.03	02:02:50.098	0.93647	0.93658			6
2025.01.03	02:02:50.773		0.93657			4
2025.01.03	02:02:56.038		0.93658			4
2025.01.03	02:02:56.347	0.93648	0.93657			6
2025.01.03	02:03:00.471	0.93647	0.93658			6
2025.01.03	02:03:01.018	0.93649				2
2025.01.03	02:03:01.444	0.93648				2
2025.01.03	02:03:02.036	0.93649	0.93660			6
2025.01.03	02:03:03.555		0.93661			4
2025.01.03	02:03:06.842	0.93647	0.93658			6
2025.01.03	02:03:07.161	0.93646	0.93657			6
2025.01.03	02:03:14.659		0.93658			4
2025.01.03	02:03:17.876		0.93657			4
2025.01.03	02:03:19.822	0.93644	0.93655			6
2025.01.03	02:03:20.777	0.93645	0.93656			6
2025.01.03	02:03:23.746	0.93639	0.93651			6
2025.01.03	02:03:24.049	0.93638	0.93649			6
2025.01.03	02:03:24.425	0.93636	0.93647			6
2025.01.03	02:03:25.907	0.93637	0.93646			6
2025.01.03	02:03:30.351	0.93639	0.93649			6
2025.01.03	02:03:30.670		0.93650			4
2025.01.03	02:03:33.930	0.93638				2
2025.01.03	02:03:35.121		0.93651			4
2025.01.03	02:03:36.787	0.93639				2
2025.01.03	02:03:39.653	0.93642	0.93654			6
2025.01.03	02:03:43.819	0.93643	0.93653			6
2025.01.03	02:03:46.242		0.93654			4
2025.01.03	02:03:48.882	0.93644	0.93656			6
2025.01.03	02:03:49.911	0.93643	0.93654			6
2025.01.03	02:04:03.371	0.93643				2
2025.01.03	02:04:07.101		0.93655			4
2025.01.03	02:04:08.952		0.93654			4
2025.01.03	02:04:14.122	0.93642				2
2025.01.03	02:04:17.970	0.93641	0.93653			6
2025.01.03	02:04:19.582	0.93645	0.93658			6
2025.01.03	02:04:20.347		0.93657			4
2025.01.03	02:04:20.689		0.93658			4
2025.01.03	02:04:24.149	0.93646	0.93656			6
2025.01.03	02:04:25.996	0.93645	0.93658			6
2025.01.03	02:04:27.073	0.93646				2
2025.01.03	02:04:35.322	0.93645	0.93657			6
2025.01.03	02:04:36.226	0.93644				2
2025.01.03	02:04:42.342	0.93645	0.93656			6
2025.01.03	02:04:42.740		0.93657			4
2025.01.03	02:04:47.137	0.93644				2
2025.01.03	02:04:53.380		0.93655			4
2025.01.03	02:04:53.709		0.93656			4
2025.01.03	02:04:57.662	0.93647	0.93657			6
2025.01.03	02:04:57.983	0.93646	0.93658			6
2025.01.03	02:04:58.285	0.93645				2
2025.01.03	02:05:00.020	0.93645				2
2025.01.03	02:05:02.075		0.93657			4
2025.01.03	02:05:04.889	0.93644				2
2025.01.03	02:05:06.026	0.93642	0.93654			6
2025.01.03	02:05:06.469		0.93653			4
2025.01.03	02:05:14.983		0.93654			4
2025.01.03	02:05:19.067	0.93641	0.93653			6
2025.01.03	02:05:26.941		0.93652			4
2025.01.03	02:05:27.714		0.93654			4
2025.01.03	02:05:28.521		0.93652			4
2025.01.03	02:05:34.498	0.93642	0.93653			6
2025.01.03	02:05:34.802	0.93644	0.93655			6
2025.01.03	02:05:35.433		0.93656			4
2025.01.03	02:05:35.992		0.93655			4
2025.01.03	02:05:36.359		0.93656			4
2025.01.03	02:05:46.761		0.93655			4
2025.01.03	02:05:47.165		0.93656			4
2025.01.03	02:06:00.841	0.93644				2
2025.01.03	02:06:04.337	0.93646				2
2025.01.03	02:06:23.291	0.93645				2
2025.01.03	02:06:27.664	0.93643	0.93654			6
2025.01.03	02:06:30.280	0.93641				2
2025.01.03	02:06:30.644	0.93643	0.93655			6
2025.01.03	02:06:31.382	0.93644				2
2025.01.03	02:06:32.757		0.93656			4
2025.01.03	02:06:38.164		0.93657			4
2025.01.03	02:06:42.020	0.93645				2
2025.01.03	02:07:00.363	0.93645				2
2025.01.03	02:07:01.557		0.93658			4
2025.01.03	02:07:04.344		0.93657			4
2025.01.03	02:07:08.346		0.93658			4
2025.01.03	02:07:20.684	0.93644	0.93656			6
2025.01.03	02:07:20.998	0.93643				2
2025.01.03	02:07:25.842	0.93645	0.93657			6
2025.01.03	02:07:30.425	0.93644	0.93656			6
2025.01.03	02:07:31.437	0.93645				2
2025.01.03	02:07:32.492	0.93646				2
2025.01.03	02:07:32.806	0.93645				2
2025.01.03	02:07:36.921	0.93644				2
2025.01.03	02:07:41.379	0.93645	0.93657			6
2025.01.03	02:07:47.126	0.93644				2
2025.01.03	02:07:57.486		0.93656			4
2025.01.03	02:07:57.828		0.93657			4
2025.01.03	02:08:00.592	0.93644				2
2025.01.03	02:08:03.512	0.93646				2
2025.01.03	02:08:03.827		0.93658			4
2025.01.03	02:08:06.320	0.93645				2
2025.01.03	02:08:08.829	0.93647	0.93660			6
2025.01.03	02:08:12.520	0.93648				2
2025.01.03	02:08:24.926	0.93649	0.93661			6
2025.01.03	02:08:26.067		0.93660			4
2025.01.03	02:08:26.863	0.93648				2
2025.01.03	02:08:28.195	0.93649	0.93659			6
2025.01.03	02:08:28.517	0.93647				2
2025.01.03	02:08:29.815		0.93660			4
2025.01.03	02:08:31.849	0.93649	0.93661			6
2025.01.03	02:08:33.020	0.93650				2
2025.01.03	02:08:42.146	0.93649				2
2025.01.03	02:08:46.697	0.93650	0.93660			6
2025.01.03	02:08:52.563	0.93644	0.93657			6
2025.01.03	02:08:53.390	0.93645	0.93656			6
2025.01.03	02:08:53.707	0.93644	0.93655			6
2025.01.03	02:08:54.341	0.93643	0.93656			6
2025.01.03	02:08:55.393	0.93644				2
2025.01.03	02:08:57.898	0.93643				2
2025.01.03	02:08:59.561	0.93645				2
2025.01.03	02:09:00.324	0.93645				2
2025.01.03	02:09:02.171	0.93644				2
2025.01.03	02:09:06.344	0.93643	0.93655			6
2025.01.03	02:09:10.947		0.93656			4
2025.01.03	02:09:19.893		0.93655			4
2025.01.03	02:09:25.643	0.93644				2
2025.01.03	02:09:26.701	0.93645	0.93659			6
2025.01.03	02:09:27.050	0.93647				2
2025.01.03	02:09:27.986	0.93645	0.93658			6
2025.01.03	02:09:28.372	0.93646	0.93659			6
2025.01.03	02:09:30.721	0.93647				2
2025.01.03	02:09:32.138	0.93646				2
2025.01.03	02:09:36.285		0.93658			4
2025.01.03	02:09:37.346	0.93647				2
2025.01.03	02:09:38.365	0.93645				2
2025.01.03	02:09:42.690	0.93644	0.93655			6
2025.01.03	02:09:44.341		0.93656			4
2025.01.03	02:09:46.089		0.93655			4
2025.01.03	02:09:58.396		0.93654			4
2025.01.03	02:09:58.820		0.93653			4
2025.01.03	02:10:00.390	0.93644				2
2025.01.03	02:10:02.794		0.93654			4
2025.01.03	02:10:03.155		0.93653			4
2025.01.03	02:10:05.094		0.93654			4
2025.01.03	02:10:08.352		0.93655			4
2025.01.03	02:10:10.153		0.93656			4
2025.01.03	02:10:15.764	0.93645	0.93657			6
2025.01.03	02:10:16.729	0.93644				2
2025.01.03	02:10:19.165	0.93646	0.93656			6
2025.01.03	02:10:19.470	0.93645	0.93657			6
2025.01.03	02:10:20.233	0.93646	0.93658			6
2025.01.03	02:10:20.616		0.93659			4
2025.01.03	02:10:24.342		0.93658			4
2025.01.03	02:10:28.037	0.93648				2
2025.01.03	02:10:29.153		0.93659			4
2025.01.03	02:10:40.493		0.93660			4
2025.01.03	02:10:42.818		0.93659			4
2025.01.03	02:10:50.677	0.93646	0.93657			6
2025.01.03	02:10:51.666	0.93648	0.93659			6
2025.01.03	02:10:53.593		0.93658			4
2025.01.03	02:11:00.007	0.93648	0.93659			6
2025.01.03	02:11:09.309		0.93658			4
2025.01.03	02:11:10.450		0.93659			4
2025.01.03	02:11:18.771	0.93649	0.93660			6
2025.01.03	02:11:22.732	0.93648	0.93658			6
2025.01.03	02:11:23.767		0.93659			4
2025.01.03	02:11:24.075		0.93657			4
2025.01.03	02:11:25.857		0.93658			4
2025.01.03	02:11:26.453	0.93649				2
2025.01.03	02:11:28.960		0.93659			4
2025.01.03	02:11:35.486	0.93648				2
2025.01.03	02:11:36.704	0.93647				2
2025.01.03	02:11:41.543	0.93648				2
2025.01.03	02:11:42.352		0.93658			4
2025.01.03	02:11:42.659		0.93659			4
2025.01.03	02:11:46.903	0.93647	0.93658			6
2025.01.03	02:11:54.456	0.93650				2
2025.01.03	02:11:56.637	0.93649				2
2025.01.03	02:11:58.596	0.93648				2
2025.01.03	02:12:00.872	0.93648	0.93659			6
2025.01.03	02:12:01.521		0.93658			4
2025.01.03	02:12:04.426		0.93660			4
2025.01.03	02:12:06.077		0.93659			4
2025.01.03	02:12:10.678		0.93660			4
2025.01.03	02:12:11.907		0.93659			4
2025.01.03	02:12:13.016	0.93649	0.93660			6
2025.01.03	02:12:13.336	0.93648				2
2025.01.03	02:12:13.638		0.93659			4
2025.01.03	02:12:14.561	0.93647	0.93658			6
2025.01.03	02:12:17.182		0.93659			4
2025.01.03	02:12:22.361	0.93645	0.93657			6
2025.01.03	02:12:26.614		0.93656			4
2025.01.03	02:12:27.404	0.93644				2
2025.01.03	02:12:27.710		0.93657			4
2025.01.03	02:12:28.347		0.93656			4
2025.01.03	02:12:34.572	0.93645	0.93659			6
2025.01.03	02:12:36.034		0.93658			4
2025.01.03	02:12:40.918	0.93646	0.93659			6
2025.01.03	02:12:46.340		0.93658			4
2025.01.03	02:12:51.566	0.93645				2
2025.01.03	02:12:55.439		0.93659			4
2025.01.03	02:12:56.868		0.93658			4
2025.01.03	02:13:00.067	0.93646	0.93659			6
2025.01.03	02:13:01.670	0.93647				2
2025.01.03	02:13:03.740	0.93646				2
2025.01.03	02:13:21.976	0.93647				2
2025.01.03	02:13:25.925		0.93658			4
2025.01.03	02:13:26.984	0.93648				2
2025.01.03	02:13:28.418	0.93646	0.93659			6
2025.01.03	02:13:29.176	0.93647	0.93658			6
2025.01.03	02:13:31.131		0.93659			4
2025.01.03	02:13:43.339	0.93649				2
2025.01.03	02:13:43.648	0.93648				2
2025.01.03	02:13:45.445	0.93647	0.93660			6
2025.01.03	02:13:50.477		0.93661			4
2025.01.03	02:13:50.821		0.93660			4
2025.01.03	02:13:52.873	0.93646	0.93659			6
2025.01.03	02:13:57.492	0.93647	0.93658			6
2025.01.03	02:14:00.021	0.93647	0.93659			6
2025.01.03	02:14:02.773		0.93658			4
2025.01.03	02:14:05.130	0.93648	0.93660			6
2025.01.03	02:14:08.685	0.93647				2
2025.01.03	02:14:10.183	0.93645	0.93658			6
2025.01.03	02:14:10.490	0.93646				2
2025.01.03	02:14:10.819		0.93659			4
2025.01.03	02:14:15.694	0.93647				2
2025.01.03	02:14:16.996	0.93648	0.93660			6
2025.01.03	02:14:18.011		0.93659			4
2025.01.03	02:14:21.939	0.93647				2
2025.01.03	02:14:30.846	0.93646				2
2025.01.03	02:14:31.670	0.93645	0.93656			6
2025.01.03	02:14:32.008	0.93644				2
2025.01.03	02:14:32.696		0.93657			4
2025.01.03	02:14:33.004	0.93646				2
2025.01.03	02:14:36.181	0.93645				2
2025.01.03	02:14:37.085	0.93646				2
2025.01.03	02:14:38.047	0.93647	0.93658			6
2025.01.03	02:14:38.649	0.93646				2
2025.01.03	02:14:39.110	0.93647				2
2025.01.03	02:14:40.754	0.93645				2
2025.01.03	02:14:51.922		0.93657			4
2025.01.03	02:14:54.661	0.93644	0.93656			6
2025.01.03	02:14:55.784		0.93655			4
2025.01.03	02:14:56.341		0.93654			4
2025.01.03	02:14:58.373		0.93656			4
2025.01.03	02:15:01.493	0.93645	0.93658			6
2025.01.03	02:15:01.802		0.93656			4
2025.01.03	02:15:02.422	0.93643	0.93655			6
2025.01.03	02:15:02.758	0.93644				2
2025.01.03	02:15:03.264	0.93643				2
2025.01.03	02:15:03.621	0.93644				2
2025.01.03	02:15:04.001	0.93643				2
2025.01.03	02:15:06.587	0.93646	0.93656			6
2025.01.03	02:15:06.918	0.93644				2
2025.01.03	02:15:09.676	0.93645	0.93657			6
2025.01.03	02:15:13.251	0.93644				2
2025.01.03	02:15:15.203	0.93646	0.93658			6
2025.01.03	02:15:15.925	0.93645				2
2025.01.03	02:15:16.465	0.93646	0.93659			6
2025.01.03	02:15:16.819		0.93658			4
2025.01.03	02:15:19.233	0.93645				2
2025.01.03	02:15:19.615	0.93646	0.93659			6
2025.01.03	02:15:26.082		0.93657			4
2025.01.03	02:15:26.492		0.93658			4
2025.01.03	02:15:30.240		0.93657			4
2025.01.03	02:15:32.121		0.93658			4
2025.01.03	02:15:33.987	0.93647				2
2025.01.03	02:15:35.739	0.93646				2
2025.01.03	02:15:51.987	0.93647				2
2025.01.03	02:15:57.374	0.93646				2
2025.01.03	02:15:58.178	0.93647	0.93657			6
2025.01.03	02:15:58.871	0.93648				2
2025.01.03	02:16:00.315	0.93648				2
2025.01.03	02:16:03.244	0.93647	0.93659			6
2025.01.03	02:16:03.549	0.93646	0.93658			6
2025.01.03	02:16:05.084		0.93659			4
2025.01.03	02:16:05.738		0.93658			4
2025.01.03	02:16:06.988		0.93659			4
2025.01.03	02:16:10.929		0.93658			4
2025.01.03	02:16:11.730		0.93659			4
2025.01.03	02:16:12.043	0.93645	0.93658			6
2025.01.03	02:16:13.738		0.93657			4
2025.01.03	02:16:15.427	0.93647	0.93658			6
2025.01.03	02:16:17.831	0.93648	0.93659			6
2025.01.03	02:16:18.169		0.93660			4
2025.01.03	02:16:18.500	0.93649	0.93661			6
2025.01.03	02:16:20.240	0.93648				2
2025.01.03	02:16:21.473	0.93649				2
2025.01.03	02:16:24.833	0.93648				2
2025.01.03	02:16:26.402	0.93650	0.93660			6
2025.01.03	02:16:26.751	0.93649	0.93659			6
2025.01.03	02:16:27.392		0.93660			4
2025.01.03	02:16:28.185	0.93648				2
2025.01.03	02:16:32.488	0.93649				2
2025.01.03	02:16:33.185	0.93648				2
2025.01.03	02:16:34.427	0.93646	0.93659			6
2025.01.03	02:16:39.799		0.93658			4
2025.01.03	02:16:43.937	0.93647				2
2025.01.03	02:16:49.960	0.93646	0.93659			6
2025.01.03	02:16:50.339	0.93647				2
2025.01.03	02:16:50.839		0.93658			4
2025.01.03	02:16:54.512	0.93646				2
2025.01.03	02:17:01.558	0.93646				2
2025.01.03	02:17:02.175	0.93645				2
2025.01.03	02:17:03.265	0.93646				2
2025.01.03	02:17:05.319	0.93645				2
2025.01.03	02:17:05.640	0.93649	0.93660			6
2025.01.03	02:17:06.460	0.93648				2
2025.01.03	02:17:13.206	0.93651	0.93661			6
2025.01.03	02:17:13.605	0.93650				2
2025.01.03	02:17:17.848	0.93652	0.93664			6
2025.01.03	02:17:20.475	0.93650	0.93662			6
2025.01.03	02:17:20.778	0.93651				2
2025.01.03	02:17:21.767	0.93650				2
2025.01.03	02:17:23.185	0.93651				2
2025.01.03	02:17:24.513	0.93650				2
2025.01.03	02:17:24.898	0.93649				2
2025.01.03	02:17:25.475	0.93647	0.93661			6
2025.01.03	02:17:25.780		0.93659			4
2025.01.03	02:17:36.928	0.93650	0.93662			6
2025.01.03	02:17:39.487	0.93649				2
2025.01.03	02:17:42.338	0.93650				2
2025.01.03	02:17:44.342	0.93647	0.93659			6
2025.01.03	02:17:45.165	0.93648				2
2025.01.03	02:17:45.569	0.93649				2
2025.01.03	02:17:46.055	0.93648				2
2025.01.03	02:17:47.176		0.93660			4
2025.01.03	02:17:50.598	0.93649	0.93662			6
2025.01.03	02:17:51.606	0.93650				2
2025.01.03	02:17:54.021	0.93651	0.93663			6
2025.01.03	02:17:56.625	0.93650	0.93664			6
2025.01.03	02:17:57.958		0.93663			4
2025.01.03	02:18:04.340	0.93651				2
2025.01.03	02:18:07.324	0.93650				2
2025.01.03	02:18:09.706		0.93662			4
2025.01.03	02:18:19.294	0.93651				2
2025.01.03	02:18:19.688	0.93650				2
2025.01.03	02:18:27.186	0.93649	0.93659			6
2025.01.03	02:18:27.509		0.93660			4
2025.01.03	02:18:48.839		0.93659			4
2025.01.03	02:18:49.477	0.93650				2
2025.01.03	02:18:51.971	0.93649				2
2025.01.03	02:18:53.018	0.93648				2
2025.01.03	02:18:53.328	0.93649				2
2025.01.03	02:18:54.733	0.93648				2
2025.01.03	02:18:55.044	0.93649				2
2025.01.03	02:18:56.784	0.93647				2
2025.01.03	02:19:00.219	0.93647				2
2025.01.03	02:19:01.367	0.93649				2
2025.01.03	02:19:02.308	0.93647				2
2025.01.03	02:19:02.613	0.93649	0.93660			6
2025.01.03	02:19:03.560	0.93647	0.93659			6
2025.01.03	02:19:03.982	0.93649	0.93660			6
2025.01.03	02:19:04.345	0.93647				2
2025.01.03	02:19:05.751	0.93649	0.93661			6
2025.01.03	02:19:08.842		0.93660			4
2025.01.03	02:19:40.520	0.93648	0.93658			6
2025.01.03	02:19:44.412	0.93646	0.93657			6
2025.01.03	02:19:45.219	0.93644	0.93655			6
2025.01.03	02:19:48.308	0.93643	0.93653			6
2025.01.03	02:19:52.247	0.93645	0.93656			6
2025.01.03	02:19:58.480	0.93644				2
2025.01.03	02:20:00.608	0.93645				2
2025.01.03	02:20:02.569	0.93647	0.93657			6
2025.01.03	02:20:06.693		0.93658			4
2025.01.03	02:20:09.846		0.93657			4
2025.01.03	02:20:17.837	0.93645				2
2025.01.03	02:20:18.252		0.93656			4
2025.01.03	02:20:19.972	0.93644				2
2025.01.03	02:20:26.878		0.93657			4
2025.01.03	02:20:33.055	0.93645				2
2025.01.03	02:20:35.047	0.93644				2
2025.01.03	02:20:44.141	0.93643	0.93654			6
2025.01.03	02:20:47.098		0.93656			4
2025.01.03	02:20:51.726	0.93641	0.93654			6
2025.01.03	02:20:56.348	0.93642				2
2025.01.03	02:20:57.419		0.93655			4
2025.01.03	02:20:58.169	0.93643				2
2025.01.03	02:20:59.231	0.93642				2
2025.01.03	02:21:00.284	0.93642				2
2025.01.03	02:21:00.726	0.93643				2
2025.01.03	02:21:01.264	0.93642				2
2025.01.03	02:21:02.263	0.93643				2
2025.01.03	02:21:04.622	0.93642				2
2025.01.03	02:21:05.046	0.93644				2
2025.01.03	02:21:22.228	0.93642				2
2025.01.03	02:21:25.348	0.93643				2
2025.01.03	02:21:25.812	0.93642				2
2025.01.03	02:21:29.520		0.93654			4
2025.01.03	02:21:30.565	0.93641				2
2025.01.03	02:21:42.867	0.93643	0.93656			6
2025.01.03	02:21:43.546	0.93644				2
2025.01.03	02:21:44.344	0.93645				2
2025.01.03	02:21:44.759		0.93657			4
2025.01.03	02:22:00.949	0.93645				2
2025.01.03	02:22:05.947	0.93643				2
2025.01.03	02:22:06.270		0.93656			4
2025.01.03	02:22:06.619	0.93645	0.93657			6
2025.01.03	02:22:07.647	0.93644				2
2025.01.03	02:22:08.342		0.93656			4
2025.01.03	02:22:08.643		0.93657			4
2025.01.03	02:22:08.956	0.93647				2
2025.01.03	02:22:09.423	0.93645				2
2025.01.03	02:22:16.341	0.93644				2
2025.01.03	02:22:25.726	0.93643	0.93656			6
2025.01.03	02:22:47.144	0.93645	0.93658			6
2025.01.03	02:23:00.680	0.93645	0.93657			6
2025.01.03	02:23:04.905		0.93656			4
2025.01.03	02:23:30.942	0.93646				2
2025.01.03	02:23:39.749	0.93644				2
2025.01.03	02:23:40.581	0.93643	0.93654			6
2025.01.03	02:23:40.946		0.93655			4
2025.01.03	02:23:43.603		0.93656			4
2025.01.03	02:23:53.909	0.93645				2
2025.01.03	02:23:56.941	0.93646	0.93658			6
2025.01.03	02:24:00.394	0.93646				2
2025.01.03	02:24:14.056	0.93647				2
2025.01.03	02:24:17.132		0.93659			4
2025.01.03	02:24:17.446	0.93649	0.93660			6
2025.01.03	02:24:18.265	0.93648				2
2025.01.03	02:24:18.682	0.93646				2
2025.01.03	02:24:20.247	0.93647	0.93659			6
2025.01.03	02:24:22.421	0.93646				2
2025.01.03	02:24:23.774	0.93647				2
2025.01.03	02:24:24.714	0.93646				2
2025.01.03	02:24:27.116	0.93647				2
2025.01.03	02:24:28.055	0.93648				2
2025.01.03	02:24:31.573	0.93647	0.93658			6
2025.01.03	02:24:32.855	0.93648				2
2025.01.03	02:24:33.203	0.93646				2
2025.01.03	02:24:40.567	0.93645	0.93657			6
2025.01.03	02:24:40.882		0.93656			4
2025.01.03	02:24:42.342	0.93643				2
2025.01.03	02:24:45.996	0.93642	0.93654			6
2025.01.03	02:24:51.372	0.93644	0.93656			6
2025.01.03	02:24:52.001	0.93645				2
2025.01.03	02:25:00.068	0.93645				2
2025.01.03	02:25:01.525		0.93655			4
2025.01.03	02:25:02.956		0.93656			4
2025.01.03	02:25:03.289		0.93658			4
2025.01.03	02:25:03.605		0.93656			4
2025.01.03	02:25:04.944		0.93658			4
2025.01.03	02:25:05.782		0.93657			4
2025.01.03	02:25:06.693		0.93655			4
2025.01.03	02:25:08.665	0.93643				2
2025.01.03	02:25:09.042	0.93644				2
2025.01.03	02:25:09.434		0.93656			4
2025.01.03	02:25:20.843	0.93642	0.93653			6
2025.01.03	02:25:31.231	0.93641				2
2025.01.03	02:25:36.401	0.93640				2
2025.01.03	02:25:36.711	0.93641	0.93652			6
2025.01.03	02:25:42.541	0.93642				2
2025.01.03	02:25:43.986		0.93653			4
2025.01.03	02:25:45.880	0.93643	0.93654			6
2025.01.03	02:25:52.516		0.93653			4
2025.01.03	02:25:52.824	0.93641				2
2025.01.03	02:26:00.351	0.93642				2
2025.01.03	02:26:00.782	0.93641				2
2025.01.03	02:26:01.233	0.93642				2
2025.01.03	02:26:03.581	0.93643				2
2025.01.03	02:26:05.761	0.93642	0.93654			6
2025.01.03	02:26:07.054	0.93643				2
2025.01.03	02:26:09.428	0.93645				2
2025.01.03	02:26:11.999	0.93643				2
2025.01.03	02:26:12.358	0.93645				2
2025.01.03	02:26:13.647	0.93644	0.93656			6
2025.01.03	02:26:15.586	0.93643				2
2025.01.03	02:26:17.501	0.93645				2
2025.01.03	02:26:21.084		0.93658			4
2025.01.03	02:26:23.556	0.93646				2
2025.01.03	02:26:26.386	0.93647				2
2025.01.03	02:26:26.897	0.93648				2
2025.01.03	02:26:27.322	0.93647				2
2025.01.03	02:26:29.352	0.93646				2
2025.01.03	02:26:30.122	0.93647				2
2025.01.03	02:26:36.535	0.93646	0.93656			6
2025.01.03	02:26:38.548	0.93645				2
2025.01.03	02:26:41.180	0.93646				2
2025.01.03	02:26:42.732	0.93644				2
2025.01.03	02:26:46.781	0.93645				2
2025.01.03	02:26:47.122	0.93646				2
2025.01.03	02:26:50.965	0.93647	0.93657			6
2025.01.03	02:26:51.291	0.93648				2
2025.01.03	02:26:52.543	0.93647				2
2025.01.03	02:26:52.973	0.93648	0.93658			6
2025.01.03	02:27:00.363	0.93647				2
2025.01.03	02:27:01.268		0.93659			4
2025.01.03	02:27:04.140		0.93658			4
2025.01.03	02:27:05.435	0.93648				2
2025.01.03	02:27:06.241		0.93659			4
2025.01.03	02:27:06.802	0.93646				2
2025.01.03	02:27:09.386	0.93648	0.93658			6
2025.01.03	02:27:09.814		0.93660			4
2025.01.03	02:27:11.697	0.93649				2
2025.01.03	02:27:17.657	0.93648	0.93661			6
2025.01.03	02:27:17.964	0.93649				2
2025.01.03	02:27:18.323	0.93650				2
2025.01.03	02:27:20.950	0.93649				2
2025.01.03	02:27:25.228	0.93650				2
2025.01.03	02:27:25.969	0.93649				2
2025.01.03	02:27:26.272	0.93650				2
2025.01.03	02:27:26.770	0.93649				2
2025.01.03	02:27:27.101	0.93650				2
2025.01.03	02:27:28.047	0.93649				2
2025.01.03	02:27:28.354	0.93650				2
2025.01.03	02:27:29.092	0.93649				2
2025.01.03	02:27:29.399	0.93650				2
2025.01.03	02:27:30.135	0.93649				2
2025.01.03	02:27:30.444	0.93650				2
2025.01.03	02:27:36.041	0.93651				2
2025.01.03	02:27:36.919	0.93650				2
2025.01.03	02:27:37.238	0.93651				2
2025.01.03	02:27:40.265	0.93652				2
2025.01.03	02:27:43.396		0.93663			4
2025.01.03	02:27:43.742	0.93650	0.93661			6
2025.01.03	02:27:44.419	0.93651	0.93662			6
2025.01.03	02:27:45.266	0.93650				2
2025.01.03	02:27:50.209	0.93652	0.93663			6
2025.01.03	02:27:55.800	0.93653	0.93665			6
2025.01.03	02:27:57.878		0.93663			4
2025.01.03	02:27:58.211		0.93665			4
2025.01.03	02:28:00.383	0.93653				2
2025.01.03	02:28:00.731	0.93654				2
2025.01.03	02:28:01.729		0.93664			4
2025.01.03	02:28:03.743	0.93653	0.93665			6
2025.01.03	02:28:04.045	0.93654				2
2025.01.03	02:28:04.757	0.93653				2
2025.01.03	02:28:07.831		0.93663			4
2025.01.03	02:28:08.160		0.93664			4
2025.01.03	02:28:10.903	0.93652	0.93663			6
2025.01.03	02:28:11.244		0.93664			4
2025.01.03	02:28:13.893	0.93650	0.93662			6
2025.01.03	02:28:14.408	0.93651				2
2025.01.03	02:28:16.678	0.93650				2
2025.01.03	02:28:21.237	0.93651				2
2025.01.03	02:28:30.376	0.93649	0.93661			6
2025.01.03	02:28:31.035	0.93650				2
2025.01.03	02:28:31.738	0.93649				2
2025.01.03	02:28:36.430	0.93650				2
2025.01.03	02:28:40.292	0.93652	0.93662			6
2025.01.03	02:28:43.897	0.93651				2
2025.01.03	02:28:44.964	0.93650				2
2025.01.03	02:28:45.688	0.93651				2
2025.01.03	02:28:49.488	0.93648	0.93659			6
2025.01.03	02:28:49.825		0.93658			4
2025.01.03	02:28:50.484	0.93646	0.93657			6
2025.01.03	02:29:00.574	0.93646				2
2025.01.03	02:29:03.789	0.93645	0.93656			6
2025.01.03	02:29:40.759	0.93644	0.93655			6
2025.01.03	02:29:41.067	0.93643	0.93652			6
2025.01.03	02:29:41.413		0.93655			4
2025.01.03	02:29:41.724		0.93654			4
2025.01.03	02:29:46.945	0.93644				2
2025.01.03	02:29:51.749		0.93655			4
2025.01.03	02:29:53.794	0.93643				2
2025.01.03	02:29:55.615	0.93645	0.93657			6
2025.01.03	02:29:56.165		0.93656			4
2025.01.03	02:29:58.449		0.93655			4
2025.01.03	02:29:59.377	0.93644				2
2025.01.03	02:30:00.305	0.93644				2
2025.01.03	02:30:00.820	0.93645	0.93656			6
2025.01.03	02:30:01.126	0.93646				2
2025.01.03	02:30:02.353	0.93647	0.93657			6
2025.01.03	02:30:06.129	0.93646				2
2025.01.03	02:30:17.565	0.93645				2
2025.01.03	02:30:22.423	0.93646	0.93656			6
2025.01.03	02:30:31.776	0.93647	0.93657			6
2025.01.03	02:30:36.367	0.93645	0.93655			6
2025.01.03	02:30:47.008		0.93656			4
2025.01.03	02:30:56.967	0.93644				2
2025.01.03	02:30:57.722	0.93645				2
2025.01.03	02:31:00.286	0.93644				2
2025.01.03	02:31:01.090	0.93645				2
2025.01.03	02:31:01.666	0.93644				2
2025.01.03	02:31:02.335	0.93645				2
2025.01.03	02:31:02.647	0.93644				2
2025.01.03	02:31:03.035	0.93645				2
2025.01.03	02:31:04.738	0.93644				2
2025.01.03	02:31:05.102	0.93645				2
2025.01.03	02:31:05.957	0.93644				2
2025.01.03	02:31:06.456	0.93645				2
2025.01.03	02:31:06.975	0.93644				2
2025.01.03	02:31:07.525	0.93645				2
2025.01.03	02:31:07.833	0.93644	0.93655			6
2025.01.03	02:31:10.073		0.93656			4
2025.01.03	02:31:12.199		0.93655			4
2025.01.03	02:31:13.253	0.93640	0.93650			6
2025.01.03	02:31:13.557	0.93639				2
2025.01.03	02:31:14.294	0.93637	0.93649			6
2025.01.03	02:31:18.050	0.93638	0.93651			6
2025.01.03	02:31:20.077		0.93650			4
2025.01.03	02:31:21.659	0.93641	0.93651			6
2025.01.03	02:31:22.750		0.93652			4
2025.01.03	02:31:25.447	0.93643	0.93653			6
2025.01.03	02:31:25.885	0.93642				2
2025.01.03	02:31:26.218	0.93643	0.93654			6
2025.01.03	02:31:30.301	0.93641	0.93653			6
2025.01.03	02:31:30.606	0.93642	0.93654			6
2025.01.03	02:31:31.750	0.93643				2
2025.01.03	02:31:32.251	0.93642				2
2025.01.03	02:31:35.236	0.93643	0.93655			6
2025.01.03	02:31:35.569	0.93644	0.93656			6
2025.01.03	02:31:38.622	0.93642	0.93654			6
2025.01.03	02:31:40.232	0.93643				2
2025.01.03	02:31:50.017	0.93641				2
2025.01.03	02:31:51.077		0.93653			4
2025.01.03	02:31:51.449	0.93642				2
2025.01.03	02:31:57.441	0.93644	0.93654			6
2025.01.03	02:31:57.844	0.93645	0.93655			6
2025.01.03	02:32:00.520	0.93645				2
2025.01.03	02:32:01.672	0.93644				2
2025.01.03	02:32:02.064	0.93645				2
2025.01.03	02:32:02.372	0.93643				2
2025.01.03	02:32:03.112	0.93644				2
2025.01.03	02:32:03.531	0.93643				2
2025.01.03	02:32:05.146	0.93644				2
2025.01.03	02:32:06.548	0.93643				2
2025.01.03	02:32:06.886	0.93644				2
2025.01.03	02:32:11.202	0.93643				2
2025.01.03	02:32:11.506	0.93644				2
2025.01.03	02:32:12.215	0.93643				2
2025.01.03	02:32:13.385	0.93644				2
2025.01.03	02:32:19.281	0.93643				2
2025.01.03	02:32:19.652	0.93644				2
2025.01.03	02:32:20.391	0.93643				2
2025.01.03	02:32:20.695	0.93644	0.93656			6
2025.01.03	02:32:21.032	0.93643				2
2025.01.03	02:32:21.372	0.93644	0.93654			6
2025.01.03	02:32:21.791	0.93642				2
2025.01.03	02:32:22.434	0.93643				2
2025.01.03	02:32:30.357	0.93642				2
2025.01.03	02:32:36.953	0.93643	0.93655			6
2025.01.03	02:32:42.215	0.93642				2
2025.01.03	02:32:43.296	0.93643				2
2025.01.03	02:32:45.322	0.93642				2
2025.01.03	02:32:48.701		0.93654			4
2025.01.03	02:32:59.320		0.93653			4
2025.01.03	02:32:59.622		0.93654			4
2025.01.03	02:33:00.065	0.93642				2
2025.01.03	02:33:05.428		0.93653			4
2025.01.03	02:33:06.838		0.93654			4
2025.01.03	02:33:07.376		0.93653			4
2025.01.03	02:33:07.884		0.93654			4
2025.01.03	02:33:09.825	0.93641				2
2025.01.03	02:33:10.537	0.93642				2
2025.01.03	02:33:20.680	0.93644	0.93656			6
2025.01.03	02:33:21.607		0.93655			4
2025.01.03	02:33:21.921		0.93656			4
2025.01.03	02:33:23.313		0.93657			4
2025.01.03	02:33:37.794		0.93656			4
2025.01.03	02:34:00.245	0.93644				2
2025.01.03	02:34:12.719		0.93655			4
2025.01.03	02:34:14.806		0.93656			4
2025.01.03	02:34:15.131		0.93655			4
2025.01.03	02:34:16.162		0.93656			4
2025.01.03	02:34:16.895	0.93643				2
2025.01.03	02:34:24.096	0.93645				2
2025.01.03	02:34:25.543	0.93646				2
2025.01.03	02:34:25.910		0.93657			4
2025.01.03	02:34:30.196	0.93645	0.93658			6
2025.01.03	02:34:34.754		0.93657			4
2025.01.03	02:34:48.373		0.93658			4
2025.01.03	02:34:51.444	0.93644	0.93657			6
2025.01.03	02:34:51.747	0.93646				2
2025.01.03	02:34:52.069	0.93647				2
2025.01.03	02:34:56.357	0.93646				2
2025.01.03	02:34:58.441		0.93658			4
2025.01.03	02:35:00.574	0.93646				2
2025.01.03	02:35:02.520		0.93657			4
2025.01.03	02:35:02.936		0.93658			4
2025.01.03	02:35:03.565		0.93657			4
2025.01.03	02:35:04.394		0.93658			4
2025.01.03	02:35:22.758		0.93657			4
2025.01.03	02:35:23.125		0.93658			4
2025.01.03	02:35:27.015	0.93647	0.93660			6
2025.01.03	02:35:27.849		0.93659			4
2025.01.03	02:35:33.216		0.93660			4
2025.01.03	02:35:33.875	0.93648				2
2025.01.03	02:35:54.145		0.93659			4
2025.01.03	02:35:54.466	0.93646	0.93658			6
2025.01.03	02:35:55.081		0.93659			4
2025.01.03	02:35:56.172	0.93647				2
2025.01.03	02:35:56.542	0.93646	0.93657			6
2025.01.03	02:35:56.872	0.93645				2
2025.01.03	02:35:57.855		0.93656			4
2025.01.03	02:36:00.801	0.93645				2
2025.01.03	02:36:01.104		0.93657			4
2025.01.03	02:36:06.289	0.93644				2
2025.01.03	02:36:10.368		0.93656			4
2025.01.03	02:36:12.695		0.93655			4
2025.01.03	02:36:14.460	0.93643				2
2025.01.03	02:36:16.563	0.93644				2
2025.01.03	02:36:16.870	0.93647	0.93657			6
2025.01.03	02:36:17.335		0.93658			4
2025.01.03	02:36:17.736	0.93646				2
2025.01.03	02:36:25.075	0.93645	0.93657			6
2025.01.03	02:36:27.171	0.93646				2
2025.01.03	02:36:28.947		0.93658			4
2025.01.03	02:36:31.125		0.93657			4
2025.01.03	02:36:32.603	0.93645	0.93658			6
2025.01.03	02:36:32.991	0.93646	0.93657			6
2025.01.03	02:36:33.679	0.93645	0.93658			6
2025.01.03	02:36:33.998	0.93646	0.93657			6
2025.01.03	02:36:34.906		0.93658			4
2025.01.03	02:36:36.106		0.93657			4
2025.01.03	02:36:38.204		0.93658			4
2025.01.03	02:36:44.492		0.93657			4
2025.01.03	02:36:45.391	0.93645	0.93658			6
2025.01.03	02:36:45.702	0.93646				2
2025.01.03	02:36:46.035	0.93645				2
2025.01.03	02:36:50.122	0.93646				2
2025.01.03	02:36:54.196	0.93645				2
2025.01.03	02:36:54.530	0.93646	0.93657			6
2025.01.03	02:36:55.430	0.93645	0.93658			6
2025.01.03	02:36:57.630	0.93646	0.93657			6
2025.01.03	02:36:59.228	0.93644	0.93655			6
2025.01.03	02:36:59.581	0.93645	0.93656			6
2025.01.03	02:37:00.275	0.93645				2
2025.01.03	02:37:10.343	0.93646	0.93657			6
2025.01.03	02:37:12.581		0.93658			4
2025.01.03	02:37:15.867		0.93657			4
2025.01.03	02:37:19.723		0.93658			4
2025.01.03	02:37:23.078	0.93645				2
2025.01.03	02:37:26.096	0.93646				2
2025.01.03	02:37:29.929	0.93645				2
2025.01.03	02:37:30.680	0.93646				2
2025.01.03	02:37:31.250	0.93645				2
2025.01.03	02:37:32.167	0.93646				2
2025.01.03	02:37:33.237	0.93645				2
2025.01.03	02:37:33.626	0.93646				2
2025.01.03	02:37:35.184	0.93645				2
2025.01.03	02:37:35.536	0.93646				2
2025.01.03	02:37:36.130	0.93645				2
2025.01.03	02:37:36.596	0.93646				2
2025.01.03	02:37:42.761	0.93647				2
2025.01.03	02:37:45.939	0.93646				2
2025.01.03	02:38:00.091	0.93646				2
2025.01.03	02:38:03.735	0.93645				2
2025.01.03	02:38:04.073	0.93646				2
2025.01.03	02:38:11.937	0.93645				2
2025.01.03	02:38:12.362	0.93646				2
2025.01.03	02:38:14.304	0.93645				2
2025.01.03	02:38:16.339	0.93646	0.93657			6
2025.01.03	02:38:21.383	0.93645	0.93658			6
2025.01.03	02:38:21.708	0.93646				2
2025.01.03	02:38:22.579		0.93657			4
2025.01.03	02:38:22.964	0.93645	0.93655			6
2025.01.03	02:38:23.381	0.93643				2
2025.01.03	02:38:24.356		0.93656			4
2025.01.03	02:38:24.720		0.93654			4
2025.01.03	02:38:25.024		0.93655			4
2025.01.03	02:38:25.567	0.93642				2
2025.01.03	02:38:27.056		0.93653			4
2025.01.03	02:38:27.705		0.93655			4
2025.01.03	02:38:28.340	0.93643				2
2025.01.03	02:38:31.998		0.93653			4
2025.01.03	02:38:32.310		0.93654			4
2025.01.03	02:38:33.741	0.93640	0.93650			6
2025.01.03	02:38:36.868	0.93641	0.93653			6
2025.01.03	02:38:41.081		0.93652			4
2025.01.03	02:38:51.325		0.93651			4
2025.01.03	02:38:51.699		0.93652			4
2025.01.03	02:38:52.281	0.93642				2
2025.01.03	02:38:56.387	0.93643	0.93655			6
2025.01.03	02:38:58.420	0.93644	0.93654			6
2025.01.03	02:38:58.777		0.93655			4
2025.01.03	02:39:00.551	0.93644				2
2025.01.03	02:39:10.897	0.93645				2
2025.01.03	02:39:12.387	0.93644				2
2025.01.03	02:39:12.702	0.93645				2
2025.01.03	02:39:14.325	0.93644				2
2025.01.03	02:39:35.328	0.93645	0.93656			6
2025.01.03	02:39:35.644	0.93648	0.93658			6
2025.01.03	02:39:37.419	0.93649	0.93661			6
2025.01.03	02:39:37.814	0.93650				2
2025.01.03	02:39:44.306	0.93649	0.93660			6
2025.01.03	02:39:51.534	0.93650				2
2025.01.03	02:39:58.653	0.93649				2
2025.01.03	02:39:59.561		0.93659			4
2025.01.03	02:40:00.050	0.93650				2
2025.01.03	02:40:01.284	0.93649				2
2025.01.03	02:40:01.587	0.93650	0.93660			6
2025.01.03	02:40:05.741		0.93661			4
2025.01.03	02:40:06.439		0.93660			4
2025.01.03	02:40:08.411	0.93651				2
2025.01.03	02:40:15.524		0.93663			4
2025.01.03	02:40:15.827	0.93652				2
2025.01.03	02:40:16.294		0.93662			4
2025.01.03	02:40:16.792	0.93651	0.93661			6
2025.01.03	02:40:17.555		0.93662			4
2025.01.03	02:40:17.873		0.93661			4
2025.01.03	02:40:18.779	0.93649	0.93658			6
2025.01.03	02:40:19.087		0.93659			4
2025.01.03	02:40:21.628	0.93648				2
2025.01.03	02:40:25.572		0.93658			4
2025.01.03	02:40:41.078		0.93659			4
2025.01.03	02:40:45.729		0.93658			4
2025.01.03	02:40:48.312	0.93647	0.93657			6
2025.01.03	02:40:54.526	0.93649	0.93658			6
2025.01.03	02:40:56.402	0.93648				2
2025.01.03	02:40:56.788	0.93649	0.93659			6
2025.01.03	02:41:00.502	0.93649				2
2025.01.03	02:41:03.240	0.93650	0.93660			6
2025.01.03	02:41:03.583		0.93661			4
2025.01.03	02:41:09.615	0.93649				2
2025.01.03	02:41:12.198		0.93660			4
2025.01.03	02:41:16.488	0.93650				2
2025.01.03	02:41:17.719		0.93661			4
2025.01.03	02:41:18.564	0.93649	0.93660			6
2025.01.03	02:41:19.626	0.93650	0.93659			6
2025.01.03	02:41:21.374		0.93660			4
2025.01.03	02:41:22.199	0.93648	0.93659			6
2025.01.03	02:41:23.725		0.93658			4
2025.01.03	02:41:31.678	0.93649	0.93659			6
2025.01.03	02:41:32.558	0.93648	0.93658			6
2025.01.03	02:41:39.094	0.93647	0.93657			6
2025.01.03	02:41:41.555		0.93656			4
2025.01.03	02:41:48.614	0.93646	0.93658			6
2025.01.03	02:41:49.705	0.93647	0.93657			6
2025.01.03	02:41:50.468	0.93648	0.93658			6
2025.01.03	02:41:51.876	0.93647				2
2025.01.03	02:41:53.828		0.93659			4
2025.01.03	02:41:55.727	0.93648				2
2025.01.03	02:41:56.131		0.93658			4
2025.01.03	02:41:56.864		0.93659			4
2025.01.03	02:41:58.373		0.93658			4
2025.01.03	02:41:58.764	0.93643	0.93654			6
2025.01.03	02:42:00.361	0.93643				2
2025.01.03	02:42:04.070	0.93642				2
2025.01.03	02:42:05.706		0.93653			4
2025.01.03	02:42:06.074	0.93643				2
2025.01.03	02:42:06.515	0.93642	0.93654			6
2025.01.03	02:42:06.896		0.93653			4
2025.01.03	02:42:07.302		0.93654			4
2025.01.03	02:42:09.320		0.93653			4
2025.01.03	02:42:20.569		0.93652			4
2025.01.03	02:42:21.009		0.93653			4
2025.01.03	02:42:25.195	0.93643				2
2025.01.03	02:42:25.801	0.93642				2
2025.01.03	02:42:39.434		0.93652			4
2025.01.03	02:42:41.681		0.93653			4
2025.01.03	02:42:49.780		0.93651			4
2025.01.03	02:42:50.149		0.93652			4
2025.01.03	02:42:54.952		0.93653			4
2025.01.03	02:42:57.870	0.93643				2
2025.01.03	02:43:00.071	0.93643				2
2025.01.03	02:43:01.125	0.93642				2
2025.01.03	02:43:18.261		0.93652			4
2025.01.03	02:43:18.653		0.93653			4
2025.01.03	02:43:33.553	0.93639	0.93652			6
2025.01.03	02:43:33.863	0.93642	0.93654			6
2025.01.03	02:43:34.346		0.93653			4
2025.01.03	02:43:35.389		0.93654			4
2025.01.03	02:44:00.566	0.93642				2
2025.01.03	02:44:02.803		0.93652			4
2025.01.03	02:44:03.145	0.93641				2
2025.01.03	02:44:03.495		0.93653			4
2025.01.03	02:44:04.342		0.93652			4
2025.01.03	02:44:05.016		0.93651			4
2025.01.03	02:44:09.839		0.93652			4
2025.01.03	02:44:10.263	0.93642				2
2025.01.03	02:44:14.097		0.93651			4
2025.01.03	02:44:14.412		0.93652			4
2025.01.03	02:44:21.784		0.93653			4
2025.01.03	02:44:23.588	0.93643	0.93654			6
2025.01.03	02:44:23.934	0.93642	0.93653			6
2025.01.03	02:44:24.249		0.93654			4
2025.01.03	02:44:24.588		0.93655			4
2025.01.03	02:44:24.911	0.93643				2
2025.01.03	02:44:47.059	0.93642				2
2025.01.03	02:44:58.999		0.93654			4
2025.01.03	02:44:59.505	0.93644	0.93656			6
2025.01.03	02:45:00.330	0.93644				2
2025.01.03	02:45:02.720		0.93655			4
2025.01.03	02:45:03.597	0.93643	0.93656			6
2025.01.03	02:45:04.310	0.93642	0.93654			6
2025.01.03	02:45:05.032	0.93643	0.93656			6
2025.01.03	02:45:05.354	0.93644	0.93655			6
2025.01.03	02:45:06.397	0.93642	0.93654			6
2025.01.03	02:45:19.867		0.93653			4
2025.01.03	02:45:21.108	0.93643	0.93655			6
2025.01.03	02:45:29.792	0.93644				2
2025.01.03	02:45:31.007		0.93656			4
2025.01.03	02:45:31.315		0.93655			4
2025.01.03	02:45:39.790		0.93654			4
2025.01.03	02:45:40.144		0.93656			4
2025.01.03	02:45:42.729		0.93655			4
2025.01.03	02:45:43.044		0.93656			4
2025.01.03	02:45:44.852		0.93655			4
2025.01.03	02:45:45.232		0.93656			4
2025.01.03	02:45:46.609		0.93655			4
2025.01.03	02:45:47.759		0.93657			4
2025.01.03	02:45:49.324	0.93646	0.93656			6
2025.01.03	02:45:55.881		0.93657			4
2025.01.03	02:46:00.168	0.93646				2
2025.01.03	02:46:12.027		0.93658			4
2025.01.03	02:46:15.730	0.93645				2
2025.01.03	02:46:23.690	0.93644	0.93657			6
2025.01.03	02:46:24.162	0.93645				2
2025.01.03	02:46:28.355	0.93644				2
2025.01.03	02:46:28.903		0.93658			4
2025.01.03	02:46:31.126		0.93657			4
2025.01.03	02:46:35.682	0.93645				2
2025.01.03	02:46:45.922	0.93644	0.93658			6
2025.01.03	02:46:46.259	0.93645				2
2025.01.03	02:46:46.785	0.93644				2
2025.01.03	02:46:47.536	0.93645				2
2025.01.03	02:46:47.902	0.93644				2
2025.01.03	02:46:48.796		0.93657			4
2025.01.03	02:47:00.445	0.93644				2
2025.01.03	02:47:09.804	0.93645				2
2025.01.03	02:47:10.264	0.93644				2
2025.01.03	02:47:12.356	0.93645				2
2025.01.03	02:47:12.742	0.93644				2
2025.01.03	02:47:15.437	0.93645				2
2025.01.03	02:47:16.136		0.93658			4
2025.01.03	02:47:17.938	0.93644				2
2025.01.03	02:47:18.351	0.93645				2
2025.01.03	02:47:30.635	0.93644	0.93657			6
2025.01.03	02:47:42.607	0.93643	0.93653			6
2025.01.03	02:47:46.371	0.93642	0.93654			6
2025.01.03	02:47:47.359		0.93653			4
2025.01.03	02:48:00.026	0.93642				2
2025.01.03	02:48:29.486	0.93645	0.93656			6
2025.01.03	02:48:34.761	0.93643	0.93653			6
2025.01.03	02:48:35.752	0.93642				2
2025.01.03	02:49:00.370	0.93642				2
2025.01.03	02:49:03.420	0.93643				2
2025.01.03	02:49:09.158	0.93641	0.93652			6
2025.01.03	02:49:09.868	0.93643	0.93653			6
2025.01.03	02:49:12.965	0.93644				2
2025.01.03	02:49:13.579	0.93645	0.93655			6
2025.01.03	02:49:14.356	0.93644				2
2025.01.03	02:49:22.301	0.93642	0.93652			6
2025.01.03	02:49:24.942	0.93641				2
2025.01.03	02:49:30.115	0.93642				2
2025.01.03	02:49:30.415	0.93643				2
2025.01.03	02:49:30.818	0.93642				2
2025.01.03	02:49:31.900	0.93643	0.93653			6
2025.01.03	02:49:40.148	0.93644	0.93655			6
2025.01.03	02:49:41.055	0.93645	0.93654			6
2025.01.03	02:49:41.369	0.93644				2
2025.01.03	02:49:42.338	0.93645				2
2025.01.03	02:49:43.863	0.93644	0.93653			6
2025.01.03	02:49:45.641		0.93654			4
2025.01.03	02:49:47.185	0.93645	0.93656			6
2025.01.03	02:49:56.521	0.93646				2
2025.01.03	02:49:58.451	0.93645	0.93654			6
2025.01.03	02:49:58.820	0.93646	0.93656			6
2025.01.03	02:49:59.167	0.93648	0.93657			6
2025.01.03	02:50:01.026	0.93649				2
2025.01.03	02:50:03.770		0.93659			4
2025.01.03	02:50:04.670	0.93648				2
2025.01.03	02:50:10.933		0.93658			4
2025.01.03	02:50:11.272	0.93649				2
2025.01.03	02:50:19.574	0.93648	0.93660			6
2025.01.03	02:50:22.702	0.93649	0.93658			6
2025.01.03	02:50:26.830	0.93648				2
2025.01.03	02:50:29.417	0.93646	0.93656			6
2025.01.03	02:50:29.723	0.93645				2
2025.01.03	02:50:30.053	0.93646				2
2025.01.03	02:50:30.358	0.93645				2
2025.01.03	02:50:30.681	0.93646				2
2025.01.03	02:50:30.987	0.93645				2
2025.01.03	02:50:31.304	0.93646				2
2025.01.03	02:50:31.613	0.93645				2
2025.01.03	02:50:33.424	0.93646				2
2025.01.03	02:50:33.751	0.93647				2
2025.01.03	02:50:34.184	0.93646				2
2025.01.03	02:50:41.317	0.93645				2
2025.01.03	02:50:42.258	0.93647				2
2025.01.03	02:50:43.001	0.93646				2
2025.01.03	02:50:43.312	0.93647				2
2025.01.03	02:50:43.933	0.93646				2
2025.01.03	02:50:44.255	0.93647				2
2025.01.03	02:50:44.564	0.93646				2
2025.01.03	02:50:44.878	0.93647	0.93655			6
2025.01.03	02:50:45.230	0.93646				2
2025.01.03	02:50:45.533	0.93647				2
2025.01.03	02:50:45.885	0.93646				2
2025.01.03	02:50:46.334	0.93647				2
2025.01.03	02:50:46.652	0.93646				2
2025.01.03	02:50:46.961	0.93647				2
2025.01.03	02:50:47.727	0.93646				2
2025.01.03	02:50:49.727	0.93645				2
2025.01.03	02:50:51.138	0.93646				2
2025.01.03	02:50:51.458	0.93645				2
2025.01.03	02:50:51.764	0.93646				2
2025.01.03	02:50:52.076	0.93645				2
2025.01.03	02:50:52.733	0.93647				2
2025.01.03	02:50:53.127	0.93646				2
2025.01.03	02:50:53.934	0.93647				2
2025.01.03	02:50:55.109	0.93646				2
2025.01.03	02:50:55.446	0.93647				2
2025.01.03	02:50:55.839	0.93646				2
2025.01.03	02:50:56.334	0.93647				2
2025.01.03	02:50:56.676	0.93646				2
2025.01.03	02:50:57.733	0.93647				2
2025.01.03	02:50:58.452	0.93646				2
2025.01.03	02:50:58.760	0.93647				2
2025.01.03	02:50:59.077	0.93646				2
2025.01.03	02:50:59.385	0.93647				2
2025.01.03	02:50:59.704	0.93646				2
2025.01.03	02:51:00.136	0.93647				2
2025.01.03	02:51:00.857	0.93646	0.93656			6
2025.01.03	02:51:01.163	0.93647				2
2025.01.03	02:51:01.488	0.93646				2
2025.01.03	02:51:01.789	0.93647				2
2025.01.03	02:51:02.106	0.93646				2
2025.01.03	02:51:02.640	0.93644				2
2025.01.03	02:51:07.774		0.93655			4
2025.01.03	02:51:08.965	0.93643				2
2025.01.03	02:51:10.239	0.93644				2
2025.01.03	02:51:11.052		0.93656			4
2025.01.03	02:51:11.386	0.93645	0.93655			6
2025.01.03	02:51:15.137	0.93646				2
2025.01.03	02:51:15.552	0.93645				2
2025.01.03	02:51:15.993	0.93646				2
2025.01.03	02:51:22.466	0.93647				2
2025.01.03	02:51:22.776	0.93646				2
2025.01.03	02:51:25.517	0.93647				2
2025.01.03	02:51:25.909		0.93657			4
2025.01.03	02:51:26.228	0.93648	0.93659			6
2025.01.03	02:51:27.238	0.93647	0.93658			6
2025.01.03	02:51:28.327	0.93646	0.93657			6
2025.01.03	02:51:29.335		0.93658			4
2025.01.03	02:51:30.302		0.93656			4
2025.01.03	02:51:30.926	0.93647	0.93657			6
2025.01.03	02:51:31.246	0.93648				2
2025.01.03	02:51:31.557		0.93660			4
2025.01.03	02:51:32.534		0.93659			4
2025.01.03	02:51:34.253	0.93647	0.93657			6
2025.01.03	02:51:35.018	0.93646	0.93656			6
2025.01.03	02:51:36.750	0.93647	0.93657			6
2025.01.03	02:51:38.706	0.93648	0.93659			6
2025.01.03	02:51:39.952		0.93660			4
2025.01.03	02:51:40.747		0.93659			4
2025.01.03	02:51:41.373	0.93647	0.93660			6
2025.01.03	02:51:44.403	0.93649				2
2025.01.03	02:51:47.118	0.93647				2
2025.01.03	02:51:47.583	0.93649				2
2025.01.03	02:52:00.435	0.93649				2
2025.01.03	02:52:03.948		0.93659			4
2025.01.03	02:52:09.620	0.93648	0.93660			6
2025.01.03	02:52:14.449	0.93649	0.93659			6
2025.01.03	02:52:16.532		0.93660			4
2025.01.03	02:52:20.100		0.93661			4
2025.01.03	02:52:21.972		0.93660			4
2025.01.03	02:52:25.647	0.93648	0.93659			6
2025.01.03	02:52:28.082		0.93658			4
2025.01.03	02:52:29.121	0.93649				2
2025.01.03	02:52:29.511	0.93648				2
2025.01.03	02:52:30.369	0.93650	0.93660			6
2025.01.03	02:52:30.684	0.93651				2
2025.01.03	02:52:31.004	0.93650				2
2025.01.03	02:52:31.787		0.93659			4
2025.01.03	02:52:32.409	0.93649				2
2025.01.03	02:52:33.140	0.93650				2
2025.01.03	02:52:33.461	0.93649				2
2025.01.03	02:52:34.394	0.93648	0.93660			6
2025.01.03	02:52:34.705	0.93649	0.93659			6
2025.01.03	02:52:35.024		0.93658			4
2025.01.03	02:52:36.070		0.93659			4
2025.01.03	02:52:40.315	0.93648				2
2025.01.03	02:52:40.618	0.93649				2
2025.01.03	02:52:40.991	0.93648				2
2025.01.03	02:52:41.331	0.93646	0.93658			6
2025.01.03	02:52:42.282	0.93647	0.93659			6
2025.01.03	02:52:42.647	0.93646	0.93658			6
2025.01.03	02:52:42.957		0.93659			4
2025.01.03	02:52:43.683		0.93658			4
2025.01.03	02:52:44.002		0.93659			4
2025.01.03	02:52:44.630		0.93658			4
2025.01.03	02:52:44.942		0.93659			4
2025.01.03	02:52:47.870		0.93658			4
2025.01.03	02:52:58.754	0.93645	0.93657			6
2025.01.03	02:53:00.374	0.93646	0.93656			6
2025.01.03	02:53:01.159	0.93645				2
2025.01.03	02:53:01.554	0.93646				2
2025.01.03	02:53:07.498	0.93644				2
2025.01.03	02:53:09.575	0.93645				2
2025.01.03	02:53:13.676	0.93644	0.93655			6
2025.01.03	02:53:16.938	0.93643				2
2025.01.03	02:53:20.353	0.93642				2
2025.01.03	02:53:22.322		0.93656			4
2025.01.03	02:53:24.271		0.93653			4
2025.01.03	02:53:26.348		0.93654			4
2025.01.03	02:53:26.763	0.93643				2
2025.01.03	02:53:28.391		0.93656			4
2025.01.03	02:53:29.410		0.93655			4
2025.01.03	02:53:29.785	0.93642	0.93656			6
2025.01.03	02:53:30.112	0.93643	0.93655			6
2025.01.03	02:53:34.345		0.93656			4
2025.01.03	02:53:34.680	0.93644				2
2025.01.03	02:53:35.407	0.93645				2
2025.01.03	02:53:36.351		0.93655			4
2025.01.03	02:53:38.580	0.93644	0.93656			6
2025.01.03	02:53:40.175	0.93643				2
2025.01.03	02:53:40.730	0.93645	0.93655			6
2025.01.03	02:53:41.042		0.93656			4
2025.01.03	02:53:44.048	0.93644				2
2025.01.03	02:53:51.462	0.93643				2
2025.01.03	02:53:55.068	0.93644				2
2025.01.03	02:53:56.246	0.93643	0.93655			6
2025.01.03	02:53:57.047	0.93644	0.93656			6
2025.01.03	02:53:59.518	0.93643	0.93655			6
2025.01.03	02:54:00.322	0.93643	0.93656			6
2025.01.03	02:54:07.052	0.93642	0.93654			6
2025.01.03	02:54:09.788	0.93641	0.93653			6
2025.01.03	02:54:13.517	0.93642	0.93652			6
2025.01.03	02:54:13.931		0.93654			4
2025.01.03	02:54:14.348	0.93641	0.93653			6
2025.01.03	02:54:15.392	0.93642				2
2025.01.03	02:54:15.991		0.93651			4
2025.01.03	02:54:16.329		0.93652			4
2025.01.03	02:54:17.053	0.93643	0.93653			6
2025.01.03	02:54:17.965	0.93644	0.93654			6
2025.01.03	02:54:21.518		0.93653			4
2025.01.03	02:54:25.588		0.93654			4
2025.01.03	02:54:26.120	0.93643	0.93655			6
2025.01.03	02:54:30.747		0.93653			4
2025.01.03	02:54:31.446		0.93654			4
2025.01.03	02:54:31.799		0.93653			4
2025.01.03	02:54:33.492	0.93644	0.93654			6
2025.01.03	02:54:35.492		0.93655			4
2025.01.03	02:54:35.908		0.93656			4
2025.01.03	02:54:40.595		0.93655			4
2025.01.03	02:54:42.693		0.93654			4
2025.01.03	02:54:43.723		0.93653			4
2025.01.03	02:54:44.084		0.93655			4
2025.01.03	02:54:44.686		0.93654			4
2025.01.03	02:54:44.992		0.93656			4
2025.01.03	02:54:48.916	0.93645	0.93655			6
2025.01.03	02:54:50.559	0.93644				2
2025.01.03	02:54:51.965	0.93643				2
2025.01.03	02:55:00.147	0.93643	0.93654			6
2025.01.03	02:55:00.889		0.93655			4
2025.01.03	02:55:03.665	0.93642	0.93656			6
2025.01.03	02:55:04.704	0.93643				2
2025.01.03	02:55:11.172		0.93655			4
2025.01.03	02:55:13.600		0.93656			4
2025.01.03	02:55:14.303	0.93644				2
2025.01.03	02:55:14.708	0.93643	0.93655			6
2025.01.03	02:55:26.983	0.93642	0.93654			6
2025.01.03	02:55:27.456	0.93641				2
2025.01.03	02:55:27.853		0.93652			4
2025.01.03	02:55:30.946	0.93642				2
2025.01.03	02:55:34.497	0.93641	0.93650			6
2025.01.03	02:55:38.861	0.93643	0.93656			6
2025.01.03	02:55:40.192	0.93644				2
2025.01.03	02:55:44.059	0.93645				2
2025.01.03	02:55:44.637	0.93644				2
2025.01.03	02:55:44.985	0.93645				2
2025.01.03	02:55:46.483	0.93646				2
2025.01.03	02:55:47.562	0.93645				2
2025.01.03	02:55:48.358	0.93644				2
2025.01.03	02:55:50.213	0.93645				2
2025.01.03	02:55:50.644	0.93644				2
2025.01.03	02:55:51.447	0.93645	0.93655			6
2025.01.03	02:55:52.668		0.93656			4
2025.01.03	02:55:55.068	0.93644	0.93655			6
2025.01.03	02:55:59.483	0.93645				2
2025.01.03	02:55:59.802	0.93644	0.93656			6
2025.01.03	02:56:00.685	0.93644				2
2025.01.03	02:56:05.711		0.93655			4
2025.01.03	02:56:06.031		0.93656			4
2025.01.03	02:56:07.381	0.93645				2
2025.01.03	02:56:07.758		0.93654			4
2025.01.03	02:56:08.385	0.93644	0.93656			6
2025.01.03	02:56:10.828	0.93645				2
2025.01.03	02:56:12.916	0.93644	0.93655			6
2025.01.03	02:56:13.217	0.93645	0.93656			6
2025.01.03	02:56:15.443		0.93655			4
2025.01.03	02:56:15.961	0.93644				2
2025.01.03	02:56:18.529	0.93645				2
2025.01.03	02:56:23.081		0.93656			4
2025.01.03	02:56:29.105	0.93646				2
2025.01.03	02:56:30.140	0.93645				2
2025.01.03	02:56:34.346	0.93646				2
2025.01.03	02:56:35.813	0.93644				2
2025.01.03	02:56:36.153	0.93645				2
2025.01.03	02:56:36.734	0.93644				2
2025.01.03	02:56:37.102	0.93645				2
2025.01.03	02:56:39.066	0.93644				2
2025.01.03	02:56:40.824	0.93645				2
2025.01.03	02:56:41.206	0.93642	0.93653			6
2025.01.03	02:56:41.746		0.93655			4
2025.01.03	02:56:42.207	0.93641	0.93654			6
2025.01.03	02:56:43.140		0.93653			4
2025.01.03	02:56:43.501		0.93652			4
2025.01.03	02:56:43.804	0.93643	0.93655			6
2025.01.03	02:56:44.342		0.93656			4
2025.01.03	02:56:47.413	0.93642				2
2025.01.03	02:56:47.966	0.93643				2
2025.01.03	02:56:48.345		0.93655			4
2025.01.03	02:56:49.007		0.93656			4
2025.01.03	02:56:49.324		0.93655			4
2025.01.03	02:56:49.983	0.93645	0.93656			6
2025.01.03	02:56:50.304		0.93655			4
2025.01.03	02:56:51.776	0.93646				2
2025.01.03	02:56:56.419	0.93645				2
2025.01.03	02:56:58.503	0.93647	0.93657			6
2025.01.03	02:56:59.930	0.93649				2
2025.01.03	02:57:00.270	0.93649				2
2025.01.03	02:57:02.734	0.93646	0.93656			6
2025.01.03	02:57:03.915	0.93643	0.93651			6
2025.01.03	02:57:04.246	0.93642				2
2025.01.03	02:57:06.785	0.93641				2
2025.01.03	02:57:15.853	0.93642				2
2025.01.03	02:57:17.969	0.93641	0.93650			6
2025.01.03	02:57:26.125		0.93651			4
2025.01.03	02:57:27.356	0.93642	0.93653			6
2025.01.03	02:57:28.094	0.93641	0.93650			6
2025.01.03	02:57:29.254	0.93642	0.93652			6
2025.01.03	02:57:31.970	0.93641	0.93651			6
2025.01.03	02:57:32.383	0.93640				2
2025.01.03	02:57:33.277		0.93650			4
2025.01.03	02:57:33.627	0.93641				2
2025.01.03	02:57:40.575	0.93640	0.93649			6
2025.01.03	02:58:00.046	0.93640				2
2025.01.03	02:58:05.477	0.93639	0.93648			6
2025.01.03	02:58:07.778	0.93640				2
2025.01.03	02:58:09.201	0.93638	0.93647			6
2025.01.03	02:58:09.505	0.93639	0.93646			6
2025.01.03	02:58:10.682	0.93638				2
2025.01.03	02:58:14.200	0.93639	0.93647			6
2025.01.03	02:58:17.566		0.93648			4
2025.01.03	02:58:19.873	0.93638	0.93646			6
2025.01.03	02:58:20.178	0.93639	0.93647			6
2025.01.03	02:58:21.745		0.93646			4
2025.01.03	02:58:23.318	0.93638				2
2025.01.03	02:58:30.447	0.93639	0.93647			6
2025.01.03	02:58:30.801	0.93638	0.93646			6
2025.01.03	02:58:34.390	0.93641	0.93649			6
2025.01.03	02:58:34.703	0.93640				2
2025.01.03	02:58:35.856	0.93641	0.93648			6
2025.01.03	02:58:36.341	0.93639				2
2025.01.03	02:58:36.646	0.93638				2
2025.01.03	02:58:39.201	0.93637				2
2025.01.03	02:58:41.063	0.93638				2
2025.01.03	02:58:41.853	0.93637				2
2025.01.03	02:58:43.095	0.93638				2
2025.01.03	02:58:45.351	0.93639	0.93649			6
2025.01.03	02:58:47.730	0.93640				2
2025.01.03	02:58:48.038	0.93639				2
2025.01.03	02:58:49.476	0.93640				2
2025.01.03	02:58:50.376	0.93639				2
2025.01.03	02:58:58.234	0.93641	0.93650			6
2025.01.03	02:59:00.389	0.93640	0.93649			6
2025.01.03	02:59:02.092	0.93641				2
2025.01.03	02:59:02.452	0.93639	0.93647			6
2025.01.03	02:59:03.698	0.93640	0.93650			6
2025.01.03	02:59:04.412		0.93649			4
2025.01.03	02:59:07.991	0.93638	0.93648			6
2025.01.03	02:59:13.542	0.93637				2
2025.01.03	02:59:14.280	0.93638	0.93647			6
2025.01.03	02:59:17.779		0.93646			4
2025.01.03	02:59:19.904	0.93639	0.93648			6
2025.01.03	02:59:23.185	0.93638				2
2025.01.03	02:59:23.686	0.93637	0.93647			6
2025.01.03	02:59:24.314	0.93636				2
2025.01.03	02:59:25.282		0.93644			4
2025.01.03	02:59:26.355		0.93645			4
2025.01.03	02:59:27.448	0.93637				2
2025.01.03	02:59:28.577	0.93638	0.93647			6
2025.01.03	02:59:29.581	0.93639	0.93648			6
2025.01.03	02:59:29.910	0.93637	0.93647			6
2025.01.03	02:59:31.620	0.93640				2
2025.01.03	02:59:31.924	0.93639	0.93649			6
2025.01.03	02:59:32.921		0.93648			4
2025.01.03	02:59:33.601	0.93640				2
2025.01.03	02:59:34.989	0.93638	0.93646			6
2025.01.03	02:59:35.290	0.93639				2
2025.01.03	02:59:36.405		0.93648			4
2025.01.03	02:59:38.352		0.93647			4
2025.01.03	02:59:43.414		0.93646			4
2025.01.03	02:59:43.788		0.93647			4
2025.01.03	02:59:50.208		0.93648			4
2025.01.03	02:59:52.995		0.93647			4
2025.01.03	02:59:54.908		0.93649			4
2025.01.03	02:59:56.487		0.93648			4
2025.01.03	02:59:57.307		0.93649			4
2025.01.03	02:59:58.366	0.93638	0.93648			6
2025.01.03	02:59:59.426	0.93639	0.93647			6
2025.01.03	03:00:00.112	0.93639				2
2025.01.03	03:00:00.835		0.93649			4
2025.01.03	03:00:02.180	0.93638	0.93646			6
2025.01.03	03:00:02.493	0.93637	0.93648			6
2025.01.03	03:00:02.884	0.93638	0.93647			6
2025.01.03	03:00:03.625	0.93637	0.93646			6
2025.01.03	03:00:03.938	0.93636	0.93645			6
2025.01.03	03:00:04.247	0.93635	0.93644			6
2025.01.03	03:00:04.566		0.93645			4
2025.01.03	03:00:05.185	0.93634				2
2025.01.03	03:00:05.508		0.93646			4
2025.01.03	03:00:05.823	0.93635	0.93644			6
2025.01.03	03:00:07.196		0.93645			4
2025.01.03	03:00:10.968	0.93636				2
2025.01.03	03:00:11.853	0.93638	0.93649			6
2025.01.03	03:00:12.185	0.93637	0.93648			6
2025.01.03	03:00:12.498		0.93646			4
2025.01.03	03:00:13.879	0.93636				2
2025.01.03	03:00:14.658	0.93635				2
2025.01.03	03:00:15.560	0.93636				2
2025.01.03	03:00:17.721	0.93638	0.93648			6
2025.01.03	03:00:19.220	0.93639				2
2025.01.03	03:00:26.249	0.93638	0.93647			6
2025.01.03	03:00:27.321	0.93637				2
2025.01.03	03:00:27.626		0.93645			4
2025.01.03	03:00:27.968		0.93646			4
2025.01.03	03:00:28.340	0.93638	0.93647			6
2025.01.03	03:00:28.659		0.93648			4
2025.01.03	03:00:29.437		0.93647			4
2025.01.03	03:00:30.385	0.93637				2
2025.01.03	03:00:30.691		0.93648			4
2025.01.03	03:00:31.389		0.93647			4
2025.01.03	03:00:32.233		0.93646			4
2025.01.03	03:00:33.143		0.93647			4
2025.01.03	03:00:33.540		0.93646			4
2025.01.03	03:00:33.885	0.93636	0.93645			6
2025.01.03	03:00:35.312	0.93634	0.93644			6
2025.01.03	03:00:37.354	0.93633				2
2025.01.03	03:00:37.739	0.93635				2
2025.01.03	03:00:38.086	0.93636				2
2025.01.03	03:00:39.041	0.93637	0.93646			6
2025.01.03	03:00:39.342		0.93648			4
2025.01.03	03:00:40.839	0.93635	0.93645			6
2025.01.03	03:00:41.488		0.93643			4
2025.01.03	03:00:41.884		0.93645			4
2025.01.03	03:00:42.733		0.93644			4
2025.01.03	03:00:43.378	0.93634	0.93645			6
2025.01.03	03:00:44.346		0.93644			4
2025.01.03	03:00:45.385	0.93633	0.93642			6
2025.01.03	03:00:48.258	0.93637	0.93647			6
2025.01.03	03:00:50.550	0.93636				2
2025.01.03	03:00:51.475	0.93637				2
2025.01.03	03:00:53.105	0.93636	0.93646			6
2025.01.03	03:00:53.461	0.93634	0.93643			6
2025.01.03	03:00:55.285	0.93636	0.93645			6
2025.01.03	03:00:56.937	0.93635	0.93644			6
2025.01.03	03:00:58.036	0.93634	0.93643			6
2025.01.03	03:00:58.418	0.93633	0.93642			6
2025.01.03	03:00:59.211	0.93634	0.93643			6
2025.01.03	03:01:00.576	0.93634				2
2025.01.03	03:01:01.221		0.93644			4
2025.01.03	03:01:02.679	0.93633	0.93643			6
2025.01.03	03:01:03.547	0.93634	0.93644			6
2025.01.03	03:01:05.003		0.93643			4
2025.01.03	03:01:07.100	0.93635	0.93644			6
2025.01.03	03:01:08.458	0.93634	0.93645			6
2025.01.03	03:01:08.794		0.93644			4
2025.01.03	03:01:09.842		0.93643			4
2025.01.03	03:01:10.549		0.93644			4
2025.01.03	03:01:10.897	0.93635	0.93645			6
2025.01.03	03:01:11.272	0.93634	0.93644			6
2025.01.03	03:01:12.562	0.93633				2
2025.01.03	03:01:14.952	0.93636	0.93646			6
2025.01.03	03:01:15.286		0.93647			4
2025.01.03	03:01:17.357	0.93637	0.93646			6
2025.01.03	03:01:19.493	0.93636	0.93645			6
2025.01.03	03:01:19.959	0.93635				2
2025.01.03	03:01:21.541		0.93646			4
2025.01.03	03:01:21.920		0.93645			4
2025.01.03	03:01:22.289		0.93643			4
2025.01.03	03:01:22.851	0.93634	0.93645			6
2025.01.03	03:01:23.959		0.93643			4
2025.01.03	03:01:24.991		0.93645			4
2025.01.03	03:01:26.733	0.93635				2
2025.01.03	03:01:28.926	0.93634	0.93643			6
2025.01.03	03:01:29.359	0.93636	0.93645			6
2025.01.03	03:01:29.947		0.93646			4
2025.01.03	03:01:31.551	0.93637	0.93648			6
2025.01.03	03:01:31.952	0.93636	0.93647			6
2025.01.03	03:01:34.349	0.93637				2
2025.01.03	03:01:34.693	0.93636				2
2025.01.03	03:01:35.158		0.93646			4
