<DATE>	<TIME>	<BID>	<ASK>	<LAST>	<VOLUME>	<FLAGS>
2025.01.02	00:05:40.341	0.93726	0.93962			6
2025.01.02	00:05:52.492		0.93948			4
2025.01.02	00:06:02.543	0.93726	0.93950			6
2025.01.02	00:06:15.402		0.93949			4
2025.01.02	00:06:15.982	0.93733				2
2025.01.02	00:06:22.814		0.93948			4
2025.01.02	00:07:05.994	0.93733				2
2025.01.02	00:07:15.982	0.93738				2
2025.01.02	00:07:21.310		0.93936			4
2025.01.02	00:07:21.880		0.93937			4
2025.01.02	00:07:27.833	0.93724				2
2025.01.02	00:07:32.488		0.93940			4
2025.01.02	00:07:32.896		0.93943			4
2025.01.02	00:07:33.246		0.93947			4
2025.01.02	00:07:33.653		0.93941			4
2025.01.02	00:07:47.489		0.93932			4
2025.01.02	00:07:56.293		0.93938			4
2025.01.02	00:07:56.696		0.93941			4
2025.01.02	00:08:02.338	0.93724	0.93944			6
2025.01.02	00:08:02.702		0.93945			4
2025.01.02	00:08:20.362		0.93943			4
2025.01.02	00:08:25.361		0.93945			4
2025.01.02	00:08:28.359		0.93944			4
2025.01.02	00:08:32.363		0.93943			4
2025.01.02	00:08:35.183	0.93770				2
2025.01.02	00:08:38.365		0.93942			4
2025.01.02	00:08:46.125	0.93724				2
2025.01.02	00:08:49.238	0.93703	0.93920			6
2025.01.02	00:08:55.885		0.93919			4
2025.01.02	00:09:00.115	0.93703				2
2025.01.02	00:09:04.951		0.93918			4
2025.01.02	00:09:16.467		0.93917			4
2025.01.02	00:09:27.650		0.93916			4
2025.01.02	00:09:40.095		0.93915			4
2025.01.02	00:10:00.140	0.93703				2
2025.01.02	00:10:07.396	0.93697	0.93900			6
2025.01.02	00:10:10.380	0.93703	0.93914			6
2025.01.02	00:10:14.953		0.93915			4
2025.01.02	00:10:18.278		0.93914			4
2025.01.02	00:10:18.882		0.93915			4
2025.01.02	00:10:22.811		0.93914			4
2025.01.02	00:10:43.061		0.93913			4
2025.01.02	00:10:54.847		0.93912			4
2025.01.02	00:10:59.077	0.93697	0.93899			6
2025.01.02	00:11:01.521	0.93697				2
2025.01.02	00:11:03.064	0.93703	0.93913			6
2025.01.02	00:11:04.012	0.93697	0.93899			6
2025.01.02	00:11:07.981	0.93703	0.93913			6
2025.01.02	00:11:08.900	0.93697	0.93899			6
2025.01.02	00:11:15.770		0.93905			4
2025.01.02	00:11:16.384		0.93908			4
2025.01.02	00:11:16.783		0.93911			4
2025.01.02	00:11:17.189		0.93914			4
2025.01.02	00:11:17.599		0.93920			4
2025.01.02	00:11:17.988		0.93923			4
2025.01.02	00:11:18.319		0.93926			4
2025.01.02	00:11:18.781		0.93929			4
2025.01.02	00:11:19.183		0.93935			4
2025.01.02	00:11:19.584	0.93703	0.93912			6
2025.01.02	00:11:40.383		0.93910			4
2025.01.02	00:11:45.219		0.93911			4
2025.01.02	00:11:50.657		0.93910			4
2025.01.02	00:11:51.867		0.93909			4
2025.01.02	00:11:54.588		0.93904			4
2025.01.02	00:12:00.028	0.93703				2
2025.01.02	00:12:02.143		0.93905			4
2025.01.02	00:12:09.399		0.93906			4
2025.01.02	00:12:10.306		0.93905			4
2025.01.02	00:12:13.326		0.93906			4
2025.01.02	00:12:17.559		0.93901			4
2025.01.02	00:12:20.581		0.93907			4
2025.01.02	00:12:25.416		0.93902			4
2025.01.02	00:12:29.040		0.93901			4
2025.01.02	00:12:30.554		0.93902			4
2025.01.02	00:12:31.158		0.93901			4
2025.01.02	00:12:53.222		0.93900			4
2025.01.02	00:12:55.336		0.93901			4
2025.01.02	00:13:00.173	0.93703				2
2025.01.02	00:13:01.382		0.93906			4
2025.01.02	00:13:22.839		0.93905			4
2025.01.02	00:13:31.909		0.93901			4
2025.01.02	00:13:45.512		0.93902			4
2025.01.02	00:14:00.022	0.93703				2
2025.01.02	00:14:45.662		0.93902			4
2025.01.02	00:14:49.893		0.93904			4
2025.01.02	00:15:00.171	0.93703				2
2025.01.02	00:15:02.286		0.93903			4
2025.01.02	00:15:18.407		0.93904			4
2025.01.02	00:15:32.358		0.93895			4
2025.01.02	00:15:48.076		0.93896			4
2025.01.02	00:15:49.585		0.93895			4
2025.01.02	00:15:56.286		0.93896			4
2025.01.02	00:16:00.214	0.93703				2
2025.01.02	00:16:07.920		0.93903			4
2025.01.02	00:16:08.526		0.93904			4
2025.01.02	00:16:11.247		0.93903			4
2025.01.02	00:16:18.500		0.93904			4
2025.01.02	00:16:21.220		0.93905			4
2025.01.02	00:16:21.823		0.93904			4
2025.01.02	00:16:22.429		0.93905			4
2025.01.02	00:16:23.034		0.93904			4
2025.01.02	00:16:23.639		0.93905			4
2025.01.02	00:16:24.242		0.93904			4
2025.01.02	00:16:24.848		0.93905			4
2025.01.02	00:16:25.453		0.93904			4
2025.01.02	00:16:26.056		0.93905			4
2025.01.02	00:16:26.661		0.93904			4
2025.01.02	00:16:27.265		0.93905			4
2025.01.02	00:16:27.870		0.93904			4
2025.01.02	00:16:28.474		0.93905			4
2025.01.02	00:16:29.077		0.93904			4
2025.01.02	00:16:29.683		0.93905			4
2025.01.02	00:16:30.287		0.93904			4
2025.01.02	00:16:30.892		0.93905			4
2025.01.02	00:17:00.258	0.93703				2
2025.01.02	00:17:04.188	0.93705	0.93910			6
2025.01.02	00:17:05.396	0.93708	0.93913			6
2025.01.02	00:17:05.697	0.93710	0.93915			6
2025.01.02	00:17:08.118	0.93709	0.93914			6
2025.01.02	00:17:09.327	0.93710	0.93915			6
2025.01.02	00:17:09.931	0.93722	0.93928			6
2025.01.02	00:17:10.233		0.93927			4
2025.01.02	00:17:11.140		0.93928			4
2025.01.02	00:17:12.349	0.93721	0.93927			6
2025.01.02	00:17:13.256	0.93722	0.93928			6
2025.01.02	00:17:14.163	0.93721				2
2025.01.02	00:17:15.067	0.93722				2
2025.01.02	00:17:16.278	0.93720				2
2025.01.02	00:17:17.184	0.93721	0.93929			6
2025.01.02	00:17:18.090		0.93928			4
2025.01.02	00:17:19.300		0.93929			4
2025.01.02	00:17:20.206	0.93720	0.93928			6
2025.01.02	00:17:21.113	0.93721	0.93929			6
2025.01.02	00:17:22.321	0.93720				2
2025.01.02	00:17:23.228	0.93721	0.93930			6
2025.01.02	00:17:25.344	0.93719	0.93929			6
2025.01.02	00:17:26.252	0.93720	0.93930			6
2025.01.02	00:17:27.459	0.93740	0.93972			6
2025.01.02	00:17:28.308	0.93741				2
2025.01.02	00:17:29.720		0.93971			4
2025.01.02	00:17:31.236		0.93972			4
2025.01.02	00:17:38.321	0.93745	0.93968			6
2025.01.02	00:17:43.228	0.93744				2
2025.01.02	00:17:46.302		0.93969			4
2025.01.02	00:17:52.834	0.93736	0.93960			6
2025.01.02	00:17:59.248		0.93961			4
2025.01.02	00:18:01.224	0.93736				2
2025.01.02	00:18:06.918	0.93735				2
2025.01.02	00:18:13.532		0.93962			4
2025.01.02	00:18:16.520	0.93734				2
2025.01.02	00:18:22.824		0.93963			4
2025.01.02	00:18:24.022	0.93733				2
2025.01.02	00:18:27.919		0.93964			4
2025.01.02	00:18:29.420	0.93732				2
2025.01.02	00:18:31.306	0.93730	0.93966			6
2025.01.02	00:18:35.805	0.93732	0.93964			6
2025.01.02	00:18:47.127		0.93965			4
2025.01.02	00:18:51.166		0.93964			4
2025.01.02	00:19:00.031	0.93732				2
2025.01.02	00:19:14.137	0.93733				2
2025.01.02	00:19:16.820	0.93734	0.93965			6
2025.01.02	00:19:24.324		0.93964			4
2025.01.02	00:19:30.769	0.93798	0.94015			6
2025.01.02	00:19:31.082	0.93797	0.94014			6
2025.01.02	00:19:31.988	0.93796	0.94013			6
2025.01.02	00:19:42.618	0.93797	0.94014			6
2025.01.02	00:19:44.432		0.94013			4
2025.01.02	00:19:48.360		0.94014			4
2025.01.02	00:19:49.871	0.93780	0.93997			6
2025.01.02	00:19:52.591	0.93787	0.94003			6
2025.01.02	00:19:55.007	0.93788				2
2025.01.02	00:19:57.730		0.94002			4
2025.01.02	00:20:00.146	0.93788				2
2025.01.02	00:20:04.376		0.94001			4
2025.01.02	00:20:05.586	0.93789				2
2025.01.02	00:20:10.418		0.94000			4
2025.01.02	00:20:15.255	0.93790				2
2025.01.02	00:20:16.766		0.93999			4
2025.01.02	00:20:19.185	0.93793	0.94002			6
2025.01.02	00:20:20.696	0.93788	0.93997			6
2025.01.02	00:20:21.905	0.93789				2
2025.01.02	00:20:24.626		0.93996			4
2025.01.02	00:20:24.928		0.93997			4
2025.01.02	00:20:26.137		0.93996			4
2025.01.02	00:20:30.974	0.93790				2
2025.01.02	00:20:32.183		0.93995			4
2025.01.02	00:20:37.322		0.93994			4
2025.01.02	00:20:39.740	0.93791				2
2025.01.02	00:20:44.272		0.93993			4
2025.01.02	00:20:50.014	0.93792				2
2025.01.02	00:20:52.434		0.93992			4
2025.01.02	00:20:58.178		0.93991			4
2025.01.02	00:21:00.039	0.93792				2
2025.01.02	00:21:00.641	0.93793				2
2025.01.02	00:21:07.595		0.93990			4
2025.01.02	00:21:13.338	0.93794				2
2025.01.02	00:21:14.847		0.93989			4
2025.01.02	00:21:23.616		0.93988			4
2025.01.02	00:21:25.126	0.93795				2
2025.01.02	00:21:29.963	0.93754	0.93977			6
2025.01.02	00:21:45.319		0.93976			4
2025.01.02	00:21:47.045	0.93755				2
2025.01.02	00:21:54.921	0.93754	0.93977			6
2025.01.02	00:21:58.522		0.93976			4
2025.01.02	00:22:00.022	0.93754				2
2025.01.02	00:22:01.227	0.93755				2
2025.01.02	00:22:04.821	0.93754				2
2025.01.02	00:22:06.031	0.93755				2
2025.01.02	00:22:18.425	0.93764	0.93967			6
2025.01.02	00:22:21.918	0.93763				2
2025.01.02	00:22:25.824		0.93968			4
2025.01.02	00:22:54.028	0.93762				2
2025.01.02	00:22:58.031	0.93750	0.93981			6
2025.01.02	00:23:01.825	0.93750				2
2025.01.02	00:23:06.921		0.93980			4
2025.01.02	00:23:10.528	0.93783	0.93992			6
2025.01.02	00:23:10.914	0.93785	0.93994			6
2025.01.02	00:23:14.120		0.93993			4
2025.01.02	00:23:15.928	0.93786				2
2025.01.02	00:23:24.919	0.93787				2
2025.01.02	00:23:31.226		0.93992			4
2025.01.02	00:23:43.221		0.93991			4
2025.01.02	00:23:45.027	0.93788				2
2025.01.02	00:23:59.723		0.93990			4
2025.01.02	00:24:01.521	0.93788				2
2025.01.02	00:24:06.620	0.93789				2
2025.01.02	00:24:13.827	0.93746	0.93984			6
2025.01.02	00:24:16.530	0.93747				2
2025.01.02	00:24:30.320	0.93748	0.93983			6
2025.01.02	00:24:32.128	0.93747				2
2025.01.02	00:24:34.824	0.93748				2
2025.01.02	00:24:49.519		0.93982			4
2025.01.02	00:24:53.120	0.93749				2
2025.01.02	00:25:01.825	0.93749				2
2025.01.02	00:25:04.222	0.93795	0.93991			6
2025.01.02	00:25:26.122	0.93750	0.93985			6
2025.01.02	00:25:34.399	0.93794	0.93989			6
2025.01.02	00:25:38.709	0.93797	0.93992			6
2025.01.02	00:25:44.682	0.93801	0.93996			6
2025.01.02	00:25:51.318		0.93995			4
2025.01.02	00:25:57.451		0.93996			4
2025.01.02	00:25:57.930	0.93802				2
2025.01.02	00:26:00.620	0.93802				2
2025.01.02	00:26:02.234	0.93801	0.93995			6
2025.01.02	00:26:05.121	0.93808	0.94001			6
2025.01.02	00:26:05.722		0.94003			4
2025.01.02	00:26:06.250		0.94000			4
2025.01.02	00:26:06.591	0.93806				2
2025.01.02	00:26:07.123	0.93807	0.94001			6
2025.01.02	00:26:07.859	0.93806	0.94000			6
2025.01.02	00:26:09.926		0.93999			4
2025.01.02	00:26:10.820	0.93808	0.94002			6
2025.01.02	00:26:11.555	0.93807	0.94001			6
2025.01.02	00:26:17.326	0.93808				2
2025.01.02	00:26:18.724	0.93811	0.94005			6
2025.01.02	00:26:19.820	0.93812				2
2025.01.02	00:26:30.025		0.94004			4
2025.01.02	00:27:00.024	0.93812	0.94003			6
2025.01.02	00:27:15.323	0.93813				2
2025.01.02	00:27:40.821		0.94002			4
2025.01.02	00:27:57.320	0.93814				2
2025.01.02	00:27:57.971	0.93817	0.94006			6
2025.01.02	00:28:00.629	0.93817				2
2025.01.02	00:28:03.372	0.93812	0.93998			6
2025.01.02	00:28:03.901	0.93809				2
2025.01.02	00:28:06.928	0.93811	0.94001			6
2025.01.02	00:28:07.454	0.93812				2
2025.01.02	00:28:27.619		0.94000			4
2025.01.02	00:28:42.090	0.93817	0.94005			6
2025.01.02	00:28:51.622	0.93814	0.94000			6
2025.01.02	00:28:52.079	0.93813				2
2025.01.02	00:28:57.923		0.93999			4
2025.01.02	00:29:00.321	0.93813				2
2025.01.02	00:29:09.990	0.93818	0.94004			6
2025.01.02	00:29:11.562		0.94003			4
2025.01.02	00:29:14.983	0.93769	0.94001			6
2025.01.02	00:29:17.521	0.93810	0.93996			6
2025.01.02	00:29:18.618		0.93995			4
2025.01.02	00:29:20.420	0.93809				2
2025.01.02	00:29:25.221		0.93996			4
2025.01.02	00:29:41.419		0.93997			4
2025.01.02	00:29:45.320		0.93996			4
2025.01.02	00:29:46.525		0.93997			4
2025.01.02	00:29:53.719	0.93811	0.93989			6
2025.01.02	00:29:54.299	0.93813				2
2025.01.02	00:30:00.378	0.93810	0.93986			6
2025.01.02	00:30:22.032	0.93808	0.93984			6
2025.01.02	00:30:25.530		0.93983			4
2025.01.02	00:30:33.120	0.93809				2
2025.01.02	00:30:38.720	0.93808	0.93982			6
2025.01.02	00:30:39.349	0.93809	0.93983			6
2025.01.02	00:30:41.420	0.93800	0.93972			6
2025.01.02	00:30:41.919	0.93798				2
2025.01.02	00:30:42.319	0.93797				2
2025.01.02	00:30:48.804	0.93798	0.93973			6
2025.01.02	00:30:56.135	0.93800	0.93974			6
2025.01.02	00:30:56.601	0.93804	0.93978			6
2025.01.02	00:31:00.921	0.93804				2
2025.01.02	00:31:02.719		0.93977			4
2025.01.02	00:31:10.670	0.93806	0.93979			6
2025.01.02	00:31:16.773		0.93978			4
2025.01.02	00:31:20.912	0.93823	0.93987			6
2025.01.02	00:31:21.224	0.93824	0.93995			6
2025.01.02	00:31:22.519		0.93996			4
2025.01.02	00:31:24.921		0.93995			4
2025.01.02	00:31:26.125	0.93825				2
2025.01.02	00:31:31.371	0.93822	0.93991			6
2025.01.02	00:31:36.923		0.93990			4
2025.01.02	00:31:42.918	0.93823	0.93989			6
2025.01.02	00:31:49.519		0.93988			4
2025.01.02	00:31:52.924	0.93748	0.93985			6
2025.01.02	00:31:57.125	0.93769				2
2025.01.02	00:31:57.924		0.93984			4
2025.01.02	00:32:00.328	0.93769				2
2025.01.02	00:32:06.019		0.93983			4
2025.01.02	00:32:14.720		0.93982			4
2025.01.02	00:32:24.624		0.93981			4
2025.01.02	00:32:32.720		0.93980			4
2025.01.02	00:32:39.920		0.93979			4
2025.01.02	00:32:41.421		0.93980			4
2025.01.02	00:32:42.933		0.93979			4
2025.01.02	00:32:49.644	0.93755	0.93978			6
2025.01.02	00:32:55.787	0.93732	0.93969			6
2025.01.02	00:33:01.131	0.93732				2
2025.01.02	00:33:02.118		0.93968			4
2025.01.02	00:33:08.622	0.93820	0.93972			6
2025.01.02	00:33:10.219		0.93971			4
2025.01.02	00:33:30.620		0.93970			4
2025.01.02	00:33:35.418	0.93821				2
2025.01.02	00:33:37.148	0.93731	0.93966			6
2025.01.02	00:34:00.327	0.93731				2
2025.01.02	00:34:03.621	0.93732	0.93965			6
2025.01.02	00:34:26.397	0.93734	0.93963			6
2025.01.02	00:34:28.220	0.93735	0.93962			6
2025.01.02	00:34:33.320	0.93819	0.93967			6
2025.01.02	00:34:33.624	0.93822	0.93970			6
2025.01.02	00:34:35.419		0.93971			4
2025.01.02	00:34:48.021		0.93972			4
2025.01.02	00:35:00.026	0.93821				2
2025.01.02	00:35:01.822		0.93973			4
2025.01.02	00:35:06.911	0.93730	0.93966			6
2025.01.02	00:35:18.028	0.93729				2
2025.01.02	00:35:20.045	0.93730				2
2025.01.02	00:35:35.720	0.93729				2
2025.01.02	00:35:37.386	0.93818	0.93972			6
2025.01.02	00:35:37.753	0.93820	0.93973			6
2025.01.02	00:35:39.107	0.93822	0.93974			6
2025.01.02	00:35:40.872	0.93820	0.93973			6
2025.01.02	00:35:44.428		0.93972			4
2025.01.02	00:35:45.392		0.93961			4
2025.01.02	00:35:45.953	0.93732	0.93964			6
2025.01.02	00:35:46.452	0.93735	0.93961			6
2025.01.02	00:35:47.461	0.93736	0.93960			6
2025.01.02	00:35:48.255	0.93734	0.93962			6
2025.01.02	00:35:48.847	0.93733	0.93964			6
2025.01.02	00:35:49.399	0.93729	0.93967			6
2025.01.02	00:35:49.820	0.93731	0.93965			6
2025.01.02	00:35:50.154	0.93734				2
2025.01.02	00:35:51.487	0.93733				2
2025.01.02	00:35:52.820	0.93822	0.93967			6
2025.01.02	00:35:53.159		0.93970			4
2025.01.02	00:35:54.618	0.93823				2
2025.01.02	00:35:55.844	0.93825	0.93966			6
2025.01.02	00:35:56.650	0.93827				2
2025.01.02	00:35:59.157		0.93971			4
2025.01.02	00:36:00.198	0.93827				2
2025.01.02	00:36:17.669		0.93968			4
2025.01.02	00:36:18.520	0.93825				2
2025.01.02	00:36:19.824	0.93826				2
2025.01.02	00:36:20.226	0.93830	0.93964			6
2025.01.02	00:36:20.576	0.93828				2
2025.01.02	00:36:20.968	0.93830				2
2025.01.02	00:36:21.267	0.93832				2
2025.01.02	00:36:22.827	0.93831	0.93966			6
2025.01.02	00:36:24.581	0.93832				2
2025.01.02	00:36:25.949	0.93835				2
2025.01.02	00:36:27.517	0.93837	0.93967			6
2025.01.02	00:36:27.820	0.93836	0.93965			6
2025.01.02	00:36:29.441	0.93842	0.93966			6
2025.01.02	00:36:30.304	0.93837				2
2025.01.02	00:36:31.441	0.93838				2
2025.01.02	00:36:32.658	0.93835				2
2025.01.02	00:36:33.020	0.93836				2
2025.01.02	00:36:33.760	0.93835				2
2025.01.02	00:36:35.057	0.93838				2
2025.01.02	00:36:36.316	0.93739	0.93971			6
2025.01.02	00:36:37.821		0.93972			4
2025.01.02	00:36:38.121		0.93973			4
2025.01.02	00:36:40.358	0.93749				2
2025.01.02	00:36:42.359		0.93974			4
2025.01.02	00:36:43.480		0.93975			4
2025.01.02	00:36:46.221		0.93976			4
2025.01.02	00:36:48.022		0.93975			4
2025.01.02	00:36:48.924		0.93977			4
2025.01.02	00:36:50.128		0.93976			4
2025.01.02	00:36:51.364		0.93975			4
2025.01.02	00:36:52.469		0.93976			4
2025.01.02	00:37:00.319	0.93749	0.93972			6
2025.01.02	00:37:01.819		0.93971			4
2025.01.02	00:37:02.389		0.93977			4
2025.01.02	00:37:06.927		0.93978			4
2025.01.02	00:37:07.232	0.93848	0.93958			6
2025.01.02	00:37:08.159	0.93732	0.93969			6
2025.01.02	00:37:10.445	0.93734	0.93964			6
2025.01.02	00:37:11.463	0.93732	0.93965			6
2025.01.02	00:37:16.818	0.93733				2
2025.01.02	00:37:20.421	0.93732				2
2025.01.02	00:37:21.573	0.93733	0.93963			6
2025.01.02	00:37:24.449	0.93732	0.93964			6
2025.01.02	00:37:25.521	0.93733				2
2025.01.02	00:37:32.341	0.93732	0.93965			6
2025.01.02	00:37:39.022		0.93964			4
2025.01.02	00:37:59.128	0.93733				2
2025.01.02	00:38:00.319	0.93733				2
2025.01.02	00:38:02.124	0.93732				2
2025.01.02	00:38:06.329	0.93733				2
2025.01.02	00:38:24.324		0.93963			4
2025.01.02	00:38:32.420		0.93964			4
2025.01.02	00:38:33.922		0.93963			4
2025.01.02	00:38:59.812	0.93737	0.93962			6
2025.01.02	00:39:00.910	0.93742	0.93966			6
2025.01.02	00:39:01.221	0.93732	0.93965			6
2025.01.02	00:39:02.430	0.93733				2
2025.01.02	00:39:09.476	0.93737				2
2025.01.02	00:39:09.874	0.93733	0.93969			6
2025.01.02	00:39:10.677	0.93734	0.93968			6
2025.01.02	00:39:12.270	0.93739	0.93963			6
2025.01.02	00:39:13.558	0.93734	0.93969			6
2025.01.02	00:39:13.930	0.93736	0.93966			6
2025.01.02	00:39:14.558	0.93732	0.93970			6
2025.01.02	00:39:15.307	0.93733	0.93969			6
2025.01.02	00:39:16.395	0.93734	0.93968			6
2025.01.02	00:39:19.954	0.93733	0.93969			6
2025.01.02	00:39:20.420	0.93732	0.93970			6
2025.01.02	00:39:22.523		0.93969			4
2025.01.02	00:39:24.498	0.93740	0.93962			6
2025.01.02	00:39:25.332	0.93735	0.93967			6
2025.01.02	00:39:25.664	0.93733	0.93969			6
2025.01.02	00:39:27.274	0.93732	0.93970			6
2025.01.02	00:39:30.274	0.93733	0.93969			6
2025.01.02	00:39:42.652	0.93743	0.93960			6
2025.01.02	00:39:43.236	0.93735	0.93967			6
2025.01.02	00:39:44.120	0.93734	0.93968			6
2025.01.02	00:39:44.548	0.93735	0.93967			6
2025.01.02	00:39:47.441	0.93740	0.93962			6
2025.01.02	00:39:47.742	0.93741				2
2025.01.02	00:39:50.125		0.93961			4
2025.01.02	00:39:51.161	0.93739	0.93963			6
2025.01.02	00:39:51.784	0.93740	0.93966			6
2025.01.02	00:39:52.473	0.93744	0.93962			6
2025.01.02	00:39:53.381	0.93750	0.93957			6
2025.01.02	00:39:54.277	0.93747	0.93956			6
2025.01.02	00:39:55.476	0.93739	0.93964			6
2025.01.02	00:40:00.314	0.93739				2
2025.01.02	00:40:01.126	0.93746	0.93957			6
2025.01.02	00:40:01.432	0.93741	0.93962			6
2025.01.02	00:40:03.270	0.93747	0.93956			6
2025.01.02	00:40:03.594	0.93745	0.93958			6
2025.01.02	00:40:05.422	0.93744				2
2025.01.02	00:40:06.269	0.93737	0.93965			6
2025.01.02	00:40:08.097	0.93744	0.93959			6
2025.01.02	00:40:08.490	0.93743	0.93958			6
2025.01.02	00:40:08.802	0.93746	0.93957			6
2025.01.02	00:40:09.193	0.93745				2
2025.01.02	00:40:13.221	0.93740	0.93962			6
2025.01.02	00:40:17.678	0.93741	0.93961			6
2025.01.02	00:40:18.040	0.93827	0.93949			6
2025.01.02	00:40:18.523	0.93826				2
2025.01.02	00:40:18.864	0.93740	0.93961			6
2025.01.02	00:40:19.227	0.93742				2
2025.01.02	00:40:19.726	0.93741	0.93962			6
2025.01.02	00:40:20.976	0.93740				2
2025.01.02	00:40:22.553	0.93826	0.93949			6
2025.01.02	00:40:23.129	0.93742	0.93961			6
2025.01.02	00:40:25.221		0.93962			4
2025.01.02	00:40:25.521		0.93961			4
2025.01.02	00:40:25.835		0.93962			4
2025.01.02	00:40:26.158	0.93741				2
2025.01.02	00:40:26.720	0.93742				2
2025.01.02	00:40:30.454	0.93743	0.93961			6
2025.01.02	00:40:31.319	0.93741				2
2025.01.02	00:40:32.421	0.93755	0.93960			6
2025.01.02	00:40:32.741	0.93743	0.93961			6
2025.01.02	00:40:34.176	0.93742	0.93960			6
2025.01.02	00:40:35.123	0.93743				2
2025.01.02	00:40:35.425	0.93742				2
2025.01.02	00:40:35.754		0.93961			4
2025.01.02	00:40:36.063	0.93743	0.93960			6
2025.01.02	00:40:40.520	0.93742				2
2025.01.02	00:40:41.480	0.93743				2
2025.01.02	00:40:44.119	0.93741				2
2025.01.02	00:40:44.477	0.93743				2
2025.01.02	00:40:47.146	0.93742	0.93961			6
2025.01.02	00:40:47.734	0.93741				2
2025.01.02	00:40:51.372	0.93739				2
2025.01.02	00:40:53.419	0.93741				2
2025.01.02	00:40:55.824	0.93742	0.93960			6
2025.01.02	00:40:56.674	0.93741				2
2025.01.02	00:40:57.932		0.93961			4
2025.01.02	00:41:01.407	0.93742	0.93960			6
2025.01.02	00:41:02.245	0.93740	0.93961			6
2025.01.02	00:41:02.551	0.93755	0.93960			6
2025.01.02	00:41:03.324	0.93741				2
2025.01.02	00:41:03.874	0.93742				2
2025.01.02	00:41:06.477		0.93959			4
2025.01.02	00:41:07.536	0.93741	0.93960			6
2025.01.02	00:41:08.420	0.93742				2
2025.01.02	00:41:12.019	0.93743				2
2025.01.02	00:41:13.688	0.93745	0.93958			6
2025.01.02	00:41:22.171	0.93744	0.93959			6
2025.01.02	00:41:32.132	0.93743				2
2025.01.02	00:41:39.700		0.93958			4
2025.01.02	00:41:40.820		0.93959			4
2025.01.02	00:41:41.650	0.93742				2
2025.01.02	00:41:41.962	0.93744				2
2025.01.02	00:42:00.622	0.93744				2
2025.01.02	00:42:01.563	0.93743	0.93958			6
2025.01.02	00:42:02.419	0.93744				2
2025.01.02	00:42:09.981	0.93823	0.93949			6
2025.01.02	00:42:11.624	0.93821				2
2025.01.02	00:42:12.025	0.93822				2
2025.01.02	00:42:14.225	0.93823				2
2025.01.02	00:42:15.288	0.93821				2
2025.01.02	00:42:15.618	0.93741	0.93975			6
2025.01.02	00:42:15.919	0.93823	0.93949			6
2025.01.02	00:42:16.821	0.93824				2
2025.01.02	00:42:17.667	0.93822				2
2025.01.02	00:42:18.000	0.93823				2
2025.01.02	00:42:21.668	0.93821				2
2025.01.02	00:42:25.818	0.93822				2
2025.01.02	00:42:26.133	0.93823				2
2025.01.02	00:42:27.876	0.93824				2
2025.01.02	00:42:29.420	0.93823				2
2025.01.02	00:42:32.430	0.93824				2
2025.01.02	00:42:35.193	0.93830	0.93950			6
2025.01.02	00:42:35.506	0.93824				2
2025.01.02	00:42:39.509		0.93951			4
2025.01.02	00:42:40.488		0.93950			4
2025.01.02	00:42:41.744		0.93951			4
2025.01.02	00:42:42.102		0.93949			4
2025.01.02	00:42:44.836	0.93736	0.93967			6
2025.01.02	00:42:47.118	0.93833	0.93956			6
2025.01.02	00:42:48.041	0.93835				2
2025.01.02	00:42:48.708	0.93834				2
2025.01.02	00:42:49.117	0.93835	0.93952			6
2025.01.02	00:42:49.522	0.93837				2
2025.01.02	00:42:51.823	0.93838				2
2025.01.02	00:42:53.288	0.93740	0.93963			6
2025.01.02	00:42:53.718	0.93741				2
2025.01.02	00:42:56.889	0.93744	0.93960			6
2025.01.02	00:42:57.925	0.93739	0.93964			6
2025.01.02	00:42:59.714	0.93743	0.93960			6
2025.01.02	00:43:00.792	0.93747	0.93956			6
2025.01.02	00:43:01.129	0.93748				2
2025.01.02	00:43:01.529	0.93746				2
2025.01.02	00:43:02.123	0.93747				2
2025.01.02	00:43:04.221		0.93957			4
2025.01.02	00:43:05.396	0.93746				2
2025.01.02	00:43:06.922	0.93745	0.93958			6
2025.01.02	00:43:08.121	0.93742	0.93961			6
2025.01.02	00:43:10.832		0.93962			4
2025.01.02	00:43:11.932		0.93961			4
2025.01.02	00:43:12.319	0.93743				2
2025.01.02	00:43:12.991	0.93742	0.93962			6
2025.01.02	00:43:13.827		0.93961			4
2025.01.02	00:43:19.438	0.93743	0.93960			6
2025.01.02	00:43:20.684	0.93750	0.93954			6
2025.01.02	00:43:23.889		0.93953			4
2025.01.02	00:43:24.286	0.93752	0.93951			6
2025.01.02	00:43:25.775	0.93746	0.93955			6
2025.01.02	00:43:26.981	0.93745	0.93956			6
2025.01.02	00:43:28.372	0.93746				2
2025.01.02	00:43:30.270	0.93751	0.93950			6
2025.01.02	00:43:30.882	0.93742	0.93958			6
2025.01.02	00:43:31.890	0.93741	0.93961			6
2025.01.02	00:43:33.020	0.93740	0.93963			6
2025.01.02	00:43:33.572	0.93743	0.93959			6
2025.01.02	00:43:34.769	0.93737	0.93965			6
2025.01.02	00:43:35.085	0.93736	0.93969			6
2025.01.02	00:43:38.421		0.93967			4
2025.01.02	00:43:40.486	0.93741	0.93961			6
2025.01.02	00:43:41.569	0.93740				2
2025.01.02	00:43:42.621	0.93734	0.93968			6
2025.01.02	00:43:44.471	0.93740	0.93961			6
2025.01.02	00:43:45.460	0.93739	0.93962			6
2025.01.02	00:43:49.731	0.93740	0.93961			6
2025.01.02	00:43:51.644	0.93742	0.93959			6
2025.01.02	00:43:58.046	0.93747	0.93954			6
2025.01.02	00:44:00.073	0.93747				2
2025.01.02	00:44:00.626	0.93748	0.93953			6
2025.01.02	00:44:01.174	0.93750	0.93952			6
2025.01.02	00:44:01.618	0.93747	0.93955			6
2025.01.02	00:44:02.036	0.93748	0.93954			6
2025.01.02	00:44:04.388	0.93741	0.93961			6
2025.01.02	00:44:04.990	0.93736	0.93966			6
2025.01.02	00:44:05.800	0.93743	0.93959			6
2025.01.02	00:44:07.472	0.93748	0.93955			6
2025.01.02	00:44:08.319	0.93749	0.93954			6
2025.01.02	00:44:09.607	0.93746	0.93956			6
2025.01.02	00:44:10.012		0.93957			4
2025.01.02	00:44:12.044	0.93747	0.93955			6
2025.01.02	00:44:12.371	0.93737	0.93965			6
2025.01.02	00:44:13.105	0.93736	0.93966			6
2025.01.02	00:44:13.741		0.93967			4
2025.01.02	00:44:14.043		0.93968			4
2025.01.02	00:44:15.574		0.93966			4
2025.01.02	00:44:18.320		0.93967			4
2025.01.02	00:44:20.923	0.93742	0.93959			6
2025.01.02	00:44:21.507	0.93741				2
2025.01.02	00:44:22.108	0.93742	0.93960			6
2025.01.02	00:44:22.642	0.93740	0.93963			6
2025.01.02	00:44:23.147	0.93750	0.93953			6
2025.01.02	00:44:23.461	0.93748	0.93955			6
2025.01.02	00:44:25.220	0.93749	0.93954			6
2025.01.02	00:44:29.021	0.93744	0.93960			6
2025.01.02	00:44:29.322	0.93749	0.93954			6
2025.01.02	00:44:30.620	0.93751	0.93952			6
2025.01.02	00:44:31.933	0.93753	0.93950			6
2025.01.02	00:44:32.247	0.93755	0.93948			6
2025.01.02	00:44:35.062	0.93754	0.93949			6
2025.01.02	00:44:35.762	0.93753	0.93950			6
2025.01.02	00:44:42.202	0.93752	0.93949			6
2025.01.02	00:44:43.302	0.93753				2
2025.01.02	00:44:44.420	0.93754				2
2025.01.02	00:44:44.971	0.93748	0.93956			6
2025.01.02	00:44:45.286	0.93747				2
2025.01.02	00:44:45.614	0.93746	0.93958			6
2025.01.02	00:44:45.920		0.93957			4
2025.01.02	00:44:48.064	0.93743	0.93960			6
2025.01.02	00:44:52.019	0.93746	0.93958			6
2025.01.02	00:44:52.647	0.93750	0.93954			6
2025.01.02	00:44:54.320	0.93743	0.93958			6
2025.01.02	00:44:54.627	0.93746	0.93957			6
2025.01.02	00:44:56.122	0.93752	0.93951			6
2025.01.02	00:44:56.727	0.93753	0.93950			6
2025.01.02	00:44:57.829	0.93751	0.93952			6
2025.01.02	00:44:59.523	0.93742	0.93960			6
2025.01.02	00:44:59.841	0.93753	0.93956			6
2025.01.02	00:45:00.146	0.93749	0.93953			6
2025.01.02	00:45:01.828	0.93835	0.93956			6
2025.01.02	00:45:02.166	0.93836	0.93957			6
2025.01.02	00:45:02.468	0.93834	0.93955			6
2025.01.02	00:45:02.770	0.93835	0.93956			6
2025.01.02	00:45:03.073	0.93833	0.93954			6
2025.01.02	00:45:03.677	0.93834	0.93955			6
2025.01.02	00:45:03.980	0.93743	0.93959			6
2025.01.02	00:45:05.291	0.93752	0.93964			6
2025.01.02	00:45:08.286	0.93770	0.93946			6
2025.01.02	00:45:11.721		0.93951			4
2025.01.02	00:45:12.281		0.93952			4
2025.01.02	00:45:12.622		0.93954			4
2025.01.02	00:45:12.968		0.93952			4
2025.01.02	00:45:20.940		0.93950			4
2025.01.02	00:45:21.868	0.93760	0.93948			6
2025.01.02	00:45:35.056	0.93759	0.93942			6
2025.01.02	00:45:35.425	0.93760	0.93941			6
2025.01.02	00:45:37.820	0.93761	0.93940			6
2025.01.02	00:45:38.431	0.93762				2
2025.01.02	00:45:39.889	0.93754	0.93948			6
2025.01.02	00:45:40.523	0.93753	0.93949			6
2025.01.02	00:45:41.673	0.93754	0.93948			6
2025.01.02	00:45:42.407	0.93755				2
2025.01.02	00:45:47.668	0.93761	0.93942			6
2025.01.02	00:45:52.139	0.93760				2
2025.01.02	00:45:53.721	0.93761	0.93941			6
2025.01.02	00:45:56.352	0.93760	0.93942			6
2025.01.02	00:45:57.574	0.93759				2
2025.01.02	00:45:57.927	0.93761				2
2025.01.02	00:46:00.625	0.93761				2
2025.01.02	00:46:00.971	0.93760	0.93943			6
2025.01.02	00:46:02.542	0.93761	0.93942			6
2025.01.02	00:46:04.519	0.93760	0.93943			6
2025.01.02	00:46:05.071	0.93759	0.93944			6
2025.01.02	00:46:07.467	0.93760	0.93942			6
2025.01.02	00:46:07.899	0.93758	0.93945			6
2025.01.02	00:46:10.658	0.93755	0.93948			6
2025.01.02	00:46:11.441	0.93756	0.93947			6
2025.01.02	00:46:12.622	0.93757				2
2025.01.02	00:46:15.074	0.93760	0.93942			6
2025.01.02	00:46:15.618	0.93762				2
2025.01.02	00:46:19.487	0.93756	0.93948			6
2025.01.02	00:46:21.730	0.93755	0.93949			6
2025.01.02	00:46:22.539	0.93757	0.93948			6
2025.01.02	00:46:23.215	0.93755	0.93949			6
2025.01.02	00:46:24.281	0.93757	0.93947			6
2025.01.02	00:46:25.254	0.93755	0.93950			6
2025.01.02	00:46:29.121	0.93754	0.93951			6
2025.01.02	00:46:30.023	0.93753				2
2025.01.02	00:46:31.416	0.93841	0.93932			6
2025.01.02	00:46:31.736	0.93831				2
2025.01.02	00:46:32.569	0.93829				2
2025.01.02	00:46:39.934	0.93827				2
2025.01.02	00:46:40.273	0.93826				2
2025.01.02	00:46:42.593		0.93938			4
2025.01.02	00:46:50.239	0.93827				2
2025.01.02	00:46:51.310	0.93751	0.93953			6
2025.01.02	00:46:53.888	0.93752	0.93952			6
2025.01.02	00:46:54.203		0.93951			4
2025.01.02	00:46:56.682	0.93764	0.93939			6
2025.01.02	00:46:57.054	0.93762	0.93940			6
2025.01.02	00:46:57.497	0.93765	0.93937			6
2025.01.02	00:46:59.074	0.93770	0.93931			6
2025.01.02	00:46:59.430	0.93772				2
2025.01.02	00:46:59.760	0.93769	0.93933			6
2025.01.02	00:47:00.066	0.93773	0.93931			6
2025.01.02	00:47:00.411	0.93772	0.93930			6
2025.01.02	00:47:01.081	0.93773				2
2025.01.02	00:47:02.101	0.93838	0.93928			6
2025.01.02	00:47:02.409	0.93839	0.93930			6
2025.01.02	00:47:02.715	0.93838	0.93936			6
2025.01.02	00:47:03.921	0.93771	0.93931			6
2025.01.02	00:47:04.321	0.93770	0.93932			6
2025.01.02	00:47:05.499	0.93769	0.93933			6
2025.01.02	00:47:05.810	0.93770	0.93932			6
2025.01.02	00:47:08.589	0.93764	0.93938			6
2025.01.02	00:47:12.683	0.93751	0.93952			6
2025.01.02	00:47:13.224	0.93823	0.93920			6
2025.01.02	00:47:21.469	0.93824				2
2025.01.02	00:47:22.716	0.93823				2
2025.01.02	00:47:24.417	0.93819	0.93931			6
2025.01.02	00:47:24.961		0.93933			4
2025.01.02	00:47:25.441	0.93822	0.93929			6
2025.01.02	00:47:26.446	0.93825				2
2025.01.02	00:47:29.230	0.93826				2
2025.01.02	00:47:33.309	0.93825				2
2025.01.02	00:47:35.073	0.93827				2
2025.01.02	00:47:42.757		0.93927			4
2025.01.02	00:47:46.734		0.93924			4
2025.01.02	00:48:01.182	0.93827				2
2025.01.02	00:48:04.941	0.93828				2
2025.01.02	00:48:05.269	0.93827				2
2025.01.02	00:48:06.730	0.93824				2
2025.01.02	00:48:09.931	0.93828	0.93925			6
2025.01.02	00:48:10.617	0.93825				2
2025.01.02	00:48:11.083		0.93924			4
2025.01.02	00:48:12.875	0.93824				2
2025.01.02	00:48:14.109	0.93838	0.93931			6
2025.01.02	00:48:14.539		0.93934			4
2025.01.02	00:48:14.970	0.93751	0.93952			6
2025.01.02	00:48:17.122		0.93951			4
2025.01.02	00:48:17.800	0.93750				2
2025.01.02	00:48:20.723	0.93751	0.93950			6
2025.01.02	00:48:21.837	0.93752	0.93949			6
2025.01.02	00:48:23.120	0.93753				2
2025.01.02	00:48:30.932		0.93948			4
2025.01.02	00:48:31.740	0.93756	0.93946			6
2025.01.02	00:48:34.820	0.93753	0.93949			6
2025.01.02	00:48:35.164	0.93757	0.93945			6
2025.01.02	00:48:37.504	0.93756	0.93946			6
2025.01.02	00:48:39.024	0.93757				2
2025.01.02	00:48:40.525		0.93945			4
2025.01.02	00:48:42.992	0.93758				2
2025.01.02	00:48:44.733	0.93759	0.93944			6
2025.01.02	00:48:48.021	0.93760				2
2025.01.02	00:48:51.021		0.93943			4
2025.01.02	00:48:52.232	0.93758				2
2025.01.02	00:48:56.721	0.93759				2
2025.01.02	00:49:00.572	0.93758	0.93944			6
2025.01.02	00:49:01.518		0.93943			4
2025.01.02	00:49:01.831		0.93944			4
2025.01.02	00:49:02.200	0.93759	0.93943			6
2025.01.02	00:49:02.713	0.93754	0.93948			6
2025.01.02	00:49:05.419	0.93756				2
2025.01.02	00:49:07.174	0.93754				2
2025.01.02	00:49:09.674	0.93756	0.93947			6
2025.01.02	00:49:12.608	0.93760	0.93941			6
2025.01.02	00:49:16.530	0.93761				2
2025.01.02	00:49:17.300	0.93762	0.93942			6
2025.01.02	00:49:18.625	0.93761				2
2025.01.02	00:49:20.419		0.93941			4
2025.01.02	00:49:20.971		0.93942			4
2025.01.02	00:49:23.136	0.93760	0.93941			6
2025.01.02	00:49:24.629	0.93761				2
2025.01.02	00:49:33.167	0.93762				2
2025.01.02	00:49:34.518	0.93763				2
2025.01.02	00:49:40.819		0.93940			4
2025.01.02	00:49:43.518	0.93761				2
2025.01.02	00:49:53.121	0.93762				2
2025.01.02	00:50:01.520	0.93762				2
2025.01.02	00:50:06.629		0.93939			4
2025.01.02	00:50:17.384	0.93763				2
2025.01.02	00:50:20.086	0.93835	0.93924			6
2025.01.02	00:50:23.377	0.93836				2
2025.01.02	00:50:27.321	0.93756	0.93946			6
2025.01.02	00:50:30.577	0.93831	0.93924			6
2025.01.02	00:50:33.336	0.93832				2
2025.01.02	00:50:40.225	0.93833				2
2025.01.02	00:50:55.094	0.93832				2
2025.01.02	00:50:56.835	0.93826				2
2025.01.02	00:50:57.876	0.93823				2
2025.01.02	00:50:59.876	0.93826	0.93909			6
2025.01.02	00:51:00.874	0.93826				2
2025.01.02	00:51:02.400	0.93819	0.93901			6
2025.01.02	00:51:03.508	0.93821				2
2025.01.02	00:51:04.088	0.93822				2
2025.01.02	00:51:13.191	0.93820				2
2025.01.02	00:51:19.395	0.93819				2
2025.01.02	00:51:21.050	0.93751	0.93924			6
2025.01.02	00:51:21.459	0.93752	0.93923			6
2025.01.02	00:51:23.420	0.93741	0.93934			6
2025.01.02	00:51:23.976	0.93752	0.93923			6
2025.01.02	00:51:32.117	0.93758	0.93917			6
2025.01.02	00:51:33.592		0.93916			4
2025.01.02	00:51:35.136	0.93755	0.93920			6
2025.01.02	00:51:39.333	0.93754				2
2025.01.02	00:51:42.138		0.93921			4
2025.01.02	00:51:42.644	0.93758	0.93916			6
2025.01.02	00:51:43.188	0.93762	0.93911			6
2025.01.02	00:51:44.721	0.93758	0.93916			6
2025.01.02	00:51:45.275	0.93754	0.93921			6
2025.01.02	00:51:45.908	0.93749	0.93926			6
2025.01.02	00:51:46.411	0.93754	0.93921			6
2025.01.02	00:51:48.872	0.93752	0.93923			6
2025.01.02	00:51:50.371	0.93763	0.93913			6
2025.01.02	00:51:51.439	0.93756	0.93919			6
2025.01.02	00:51:52.000	0.93755				2
2025.01.02	00:51:52.431	0.93765	0.93911			6
2025.01.02	00:51:54.033	0.93764				2
2025.01.02	00:51:57.956	0.93755	0.93920			6
2025.01.02	00:52:02.234	0.93755				2
2025.01.02	00:52:03.665	0.93739	0.93936			6
2025.01.02	00:52:04.118		0.93937			4
2025.01.02	00:52:04.520	0.93738				2
2025.01.02	00:52:05.123		0.93938			4
2025.01.02	00:52:07.596	0.93737	0.93939			6
2025.01.02	00:52:08.305	0.93825	0.93907			6
2025.01.02	00:52:09.263	0.93826				2
2025.01.02	00:52:10.180	0.93739	0.93936			6
2025.01.02	00:52:12.447	0.93827	0.93910			6
2025.01.02	00:52:12.763		0.93913			4
2025.01.02	00:52:13.071		0.93919			4
2025.01.02	00:52:13.472	0.93828	0.93925			6
2025.01.02	00:52:13.890		0.93928			4
2025.01.02	00:52:14.294		0.93934			4
2025.01.02	00:52:14.697		0.93937			4
2025.01.02	00:52:15.092		0.93940			4
2025.01.02	00:52:15.494	0.93760	0.93916			6
2025.01.02	00:52:23.739	0.93758				2
2025.01.02	00:52:25.073	0.93742				2
2025.01.02	00:52:33.623		0.93917			4
2025.01.02	00:52:35.124		0.93916			4
2025.01.02	00:52:39.273	0.93744	0.93915			6
2025.01.02	00:52:41.726	0.93743	0.93916			6
2025.01.02	00:52:43.221	0.93744	0.93915			6
2025.01.02	00:52:43.811	0.93743	0.93916			6
2025.01.02	00:52:48.924	0.93742	0.93917			6
2025.01.02	00:52:53.850	0.93744	0.93916			6
2025.01.02	00:52:54.929		0.93915			4
2025.01.02	00:52:57.019	0.93745	0.93914			6
2025.01.02	00:52:57.402	0.93741	0.93918			6
2025.01.02	00:53:00.330	0.93740	0.93919			6
2025.01.02	00:53:01.519		0.93918			4
2025.01.02	00:53:03.875	0.93741				2
2025.01.02	00:53:08.008	0.93742	0.93917			6
2025.01.02	00:53:08.887	0.93743	0.93916			6
2025.01.02	00:53:11.162	0.93740	0.93918			6
2025.01.02	00:53:11.540	0.93739	0.93920			6
2025.01.02	00:53:12.451	0.93736	0.93923			6
2025.01.02	00:53:13.478	0.93734	0.93925			6
2025.01.02	00:53:14.421	0.93730	0.93930			6
2025.01.02	00:53:18.620	0.93729				2
2025.01.02	00:53:23.092	0.93728	0.93929			6
2025.01.02	00:53:23.977	0.93729	0.93928			6
2025.01.02	00:53:24.869	0.93728	0.93929			6
2025.01.02	00:53:25.776	0.93825	0.93939			6
2025.01.02	00:53:27.850	0.93826	0.93940			6
2025.01.02	00:53:29.684	0.93827				2
2025.01.02	00:53:30.859	0.93826				2
2025.01.02	00:53:36.619		0.93939			4
2025.01.02	00:53:37.189		0.93940			4
2025.01.02	00:53:37.786		0.93939			4
2025.01.02	00:53:38.970	0.93827	0.93940			6
2025.01.02	00:53:39.872		0.93939			4
2025.01.02	00:53:40.371		0.93940			4
2025.01.02	00:53:41.727		0.93939			4
2025.01.02	00:53:43.752	0.93830	0.93942			6
2025.01.02	00:53:44.541	0.93831	0.93944			6
2025.01.02	00:53:47.634	0.93830				2
2025.01.02	00:53:47.941	0.93832	0.93945			6
2025.01.02	00:53:52.520		0.93944			4
2025.01.02	00:53:53.150	0.93831	0.93943			6
2025.01.02	00:53:53.541	0.93830				2
2025.01.02	00:53:59.124	0.93831				2
2025.01.02	00:54:00.685	0.93831				2
2025.01.02	00:54:01.820	0.93830				2
2025.01.02	00:54:06.020		0.93942			4
2025.01.02	00:54:09.045	0.93828	0.93940			6
2025.01.02	00:54:09.549	0.93829	0.93941			6
2025.01.02	00:54:12.925	0.93830	0.93942			6
2025.01.02	00:54:19.491	0.93726	0.93920			6
2025.01.02	00:54:21.322	0.93727				2
2025.01.02	00:54:23.671	0.93725	0.93923			6
2025.01.02	00:54:24.076	0.93729	0.93918			6
2025.01.02	00:54:24.636	0.93730				2
2025.01.02	00:54:25.128	0.93728	0.93920			6
2025.01.02	00:54:25.701	0.93724	0.93926			6
2025.01.02	00:54:26.721	0.93821	0.93932			6
2025.01.02	00:54:28.000		0.93931			4
2025.01.02	00:54:30.621		0.93932			4
2025.01.02	00:54:32.120		0.93931			4
2025.01.02	00:54:39.940	0.93823	0.93932			6
2025.01.02	00:54:41.121		0.93933			4
2025.01.02	00:54:44.723	0.93824				2
2025.01.02	00:54:53.086	0.93819	0.93929			6
2025.01.02	00:54:53.419		0.93928			4
2025.01.02	00:54:56.172	0.93818				2
2025.01.02	00:54:57.320		0.93927			4
2025.01.02	00:55:00.458	0.93824	0.93932			6
2025.01.02	00:55:03.560	0.93825	0.93934			6
2025.01.02	00:55:04.437		0.93933			4
2025.01.02	00:55:05.439		0.93934			4
2025.01.02	00:55:09.543	0.93826				2
2025.01.02	00:55:13.467		0.93935			4
2025.01.02	00:55:15.920	0.93827				2
2025.01.02	00:55:19.518		0.93936			4
2025.01.02	00:55:20.727		0.93935			4
2025.01.02	00:55:26.368		0.93936			4
2025.01.02	00:55:27.579	0.93833	0.93941			6
2025.01.02	00:55:27.926	0.93838	0.93946			6
2025.01.02	00:55:31.054	0.93837	0.93945			6
2025.01.02	00:55:34.399	0.93834	0.93940			6
2025.01.02	00:55:34.719	0.93832				2
2025.01.02	00:55:36.928	0.93831	0.93939			6
2025.01.02	00:55:38.445	0.93838	0.93946			6
2025.01.02	00:55:41.465	0.93832	0.93941			6
2025.01.02	00:55:41.841	0.93834				2
2025.01.02	00:55:42.943	0.93826	0.93932			6
2025.01.02	00:55:43.787	0.93825	0.93931			6
2025.01.02	00:55:44.453	0.93830	0.93936			6
2025.01.02	00:55:45.318		0.93937			4
2025.01.02	00:55:47.123	0.93831				2
2025.01.02	00:55:49.579	0.93830	0.93936			6
2025.01.02	00:55:59.769	0.93832	0.93938			6
2025.01.02	00:56:01.226	0.93831				2
2025.01.02	00:56:03.770	0.93832	0.93939			6
2025.01.02	00:56:04.929	0.93827	0.93931			6
2025.01.02	00:56:05.256	0.93833	0.93939			6
2025.01.02	00:56:13.823	0.93832				2
2025.01.02	00:56:14.575	0.93824	0.93931			6
2025.01.02	00:56:16.521		0.93930			4
2025.01.02	00:56:17.348		0.93931			4
2025.01.02	00:56:17.678	0.93825				2
2025.01.02	00:56:18.266	0.93831	0.93934			6
2025.01.02	00:56:18.598	0.93833	0.93939			6
2025.01.02	00:56:20.232	0.93832	0.93937			6
2025.01.02	00:56:21.624	0.93831				2
2025.01.02	00:56:24.021		0.93938			4
2025.01.02	00:56:24.621	0.93825	0.93931			6
2025.01.02	00:56:26.132	0.93826	0.93932			6
2025.01.02	00:56:33.018	0.93827				2
2025.01.02	00:56:34.628	0.93825	0.93928			6
2025.01.02	00:56:34.944	0.93724	0.93917			6
2025.01.02	00:56:37.520	0.93823	0.93928			6
2025.01.02	00:56:37.842	0.93824	0.93929			6
2025.01.02	00:56:39.997	0.93828	0.93932			6
2025.01.02	00:56:41.676	0.93827				2
2025.01.02	00:56:49.558	0.93828				2
2025.01.02	00:56:50.168		0.93933			4
2025.01.02	00:56:52.860	0.93827	0.93932			6
2025.01.02	00:56:53.297	0.93722	0.93915			6
2025.01.02	00:56:54.700	0.93717	0.93914			6
2025.01.02	00:56:55.028	0.93716	0.93915			6
2025.01.02	00:56:58.934	0.93718	0.93913			6
2025.01.02	00:57:00.561	0.93718	0.93912			6
2025.01.02	00:57:04.349	0.93719				2
2025.01.02	00:57:05.006	0.93720	0.93911			6
2025.01.02	00:57:08.146		0.93910			4
2025.01.02	00:57:14.119	0.93722				2
2025.01.02	00:57:17.297	0.93805	0.93923			6
2025.01.02	00:57:17.614		0.93935			4
2025.01.02	00:57:18.579	0.93802	0.93939			6
2025.01.02	00:57:18.920	0.93811	0.93943			6
2025.01.02	00:57:19.222	0.93806				2
2025.01.02	00:57:20.435	0.93807	0.93942			6
2025.01.02	00:57:21.621	0.93805	0.93938			6
2025.01.02	00:57:22.819		0.93936			4
2025.01.02	00:57:23.122		0.93935			4
2025.01.02	00:57:24.595		0.93932			4
2025.01.02	00:57:25.227	0.93806				2
2025.01.02	00:57:26.421		0.93931			4
2025.01.02	00:57:27.321		0.93930			4
2025.01.02	00:57:28.522	0.93807	0.93929			6
2025.01.02	00:57:29.718		0.93928			4
2025.01.02	00:57:30.918	0.93808	0.93927			6
2025.01.02	00:57:31.541	0.93806	0.93924			6
2025.01.02	00:57:32.654	0.93719	0.93916			6
2025.01.02	00:57:33.438	0.93807	0.93922			6
2025.01.02	00:57:33.742	0.93717	0.93919			6
2025.01.02	00:57:34.920	0.93821	0.93935			6
2025.01.02	00:57:42.704	0.93825	0.93939			6
2025.01.02	00:57:44.541	0.93827	0.93940			6
2025.01.02	00:57:46.524	0.93825	0.93938			6
2025.01.02	00:57:51.469	0.93820	0.93934			6
2025.01.02	00:57:52.686	0.93819	0.93932			6
2025.01.02	00:57:53.419	0.93827	0.93931			6
2025.01.02	00:57:55.821	0.93829	0.93933			6
2025.01.02	00:57:56.293	0.93826	0.93930			6
2025.01.02	00:57:56.615	0.93825				2
2025.01.02	00:57:57.923		0.93929			4
2025.01.02	00:57:59.078		0.93928			4
2025.01.02	00:58:00.321	0.93816	0.93919			6
2025.01.02	00:58:00.639	0.93815				2
2025.01.02	00:58:03.635	0.93825	0.93930			6
2025.01.02	00:58:04.821	0.93823	0.93927			6
2025.01.02	00:58:05.136	0.93818	0.93922			6
2025.01.02	00:58:08.419	0.93819				2
2025.01.02	00:58:13.218	0.93820	0.93923			6
2025.01.02	00:58:15.494	0.93823	0.93926			6
2025.01.02	00:58:15.803	0.93826	0.93929			6
2025.01.02	00:58:21.541	0.93841	0.93943			6
2025.01.02	00:58:21.847		0.93944			4
2025.01.02	00:58:22.179	0.93839	0.93942			6
2025.01.02	00:58:23.520	0.93843	0.93946			6
2025.01.02	00:58:24.922	0.93842	0.93945			6
2025.01.02	00:58:25.237	0.93833	0.93936			6
2025.01.02	00:58:25.545	0.93834	0.93937			6
2025.01.02	00:58:27.869	0.93837	0.93939			6
2025.01.02	00:58:28.261	0.93840	0.93942			6
2025.01.02	00:58:29.636	0.93844	0.93946			6
2025.01.02	00:58:30.062	0.93838	0.93940			6
2025.01.02	00:58:30.683	0.93839	0.93942			6
2025.01.02	00:58:34.532	0.93838	0.93941			6
2025.01.02	00:58:35.990	0.93840	0.93943			6
2025.01.02	00:58:36.586		0.93944			4
2025.01.02	00:58:37.099	0.93842	0.93945			6
2025.01.02	00:58:39.104	0.93838	0.93941			6
2025.01.02	00:58:46.523		0.93940			4
2025.01.02	00:58:47.120	0.93840	0.93943			6
2025.01.02	00:58:49.486	0.93841	0.93944			6
2025.01.02	00:58:55.553	0.93838	0.93941			6
2025.01.02	00:58:57.449	0.93836	0.93939			6
2025.01.02	00:58:59.522	0.93837	0.93941			6
2025.01.02	00:59:00.921	0.93838				2
2025.01.02	00:59:01.459	0.93840	0.93943			6
2025.01.02	00:59:02.516	0.93838	0.93941			6
2025.01.02	00:59:04.450	0.93839	0.93943			6
2025.01.02	00:59:11.421		0.93942			4
2025.01.02	00:59:15.452	0.93840	0.93943			6
2025.01.02	00:59:17.363	0.93839	0.93942			6
2025.01.02	00:59:19.362	0.93840	0.93943			6
2025.01.02	00:59:20.449	0.93841	0.93944			6
2025.01.02	00:59:21.754		0.93943			4
2025.01.02	00:59:23.722	0.93840				2
2025.01.02	00:59:26.726	0.93839				2
2025.01.02	00:59:33.138		0.93944			4
2025.01.02	00:59:33.457	0.93842	0.93945			6
2025.01.02	00:59:33.795	0.93841	0.93944			6
2025.01.02	00:59:35.474	0.93839	0.93943			6
2025.01.02	00:59:41.004	0.93841	0.93945			6
2025.01.02	00:59:42.453	0.93839	0.93943			6
2025.01.02	00:59:43.382	0.93842	0.93946			6
2025.01.02	00:59:45.074	0.93840	0.93944			6
2025.01.02	00:59:45.458	0.93841	0.93945			6
2025.01.02	00:59:46.932	0.93843	0.93949			6
2025.01.02	00:59:47.243	0.93844				2
2025.01.02	00:59:48.621	0.93845				2
2025.01.02	00:59:49.524	0.93837	0.93941			6
2025.01.02	00:59:50.453	0.93838	0.93942			6
2025.01.02	00:59:51.321	0.93837				2
2025.01.02	00:59:51.621	0.93838				2
2025.01.02	00:59:52.485	0.93836	0.93940			6
2025.01.02	00:59:53.593	0.93835	0.93939			6
2025.01.02	00:59:55.327	0.93836	0.93940			6
2025.01.02	00:59:56.519	0.93837	0.93944			6
2025.01.02	00:59:56.821	0.93839				2
2025.01.02	00:59:57.871	0.93843	0.93947			6
2025.01.02	00:59:59.124	0.93842	0.93941			6
2025.01.02	00:59:59.452	0.93837				2
2025.01.02	01:00:00.322	0.93838	0.93951			6
2025.01.02	01:00:00.622	0.93827	0.93945			6
2025.01.02	01:00:00.926	0.93803	0.93939			6
2025.01.02	01:00:01.242	0.93794	0.93963			6
2025.01.02	01:00:01.562		0.93987			4
2025.01.02	01:00:01.877	0.93793	0.93988			6
2025.01.02	01:00:02.182	0.93805	0.93961			6
2025.01.02	01:00:03.558	0.93795	0.93989			6
2025.01.02	01:00:03.892	0.93799	0.93990			6
2025.01.02	01:00:04.195	0.93805	0.93978			6
2025.01.02	01:00:04.507	0.93803				2
2025.01.02	01:00:05.072		0.93976			4
2025.01.02	01:00:05.525	0.93807	0.93978			6
2025.01.02	01:00:06.454	0.93805	0.93970			6
2025.01.02	01:00:07.116		0.93963			4
2025.01.02	01:00:07.419		0.93969			4
2025.01.02	01:00:08.422	0.93806	0.93968			6
2025.01.02	01:00:08.745	0.93811	0.93973			6
2025.01.02	01:00:09.047	0.93806	0.93968			6
2025.01.02	01:00:09.390	0.93805	0.93967			6
2025.01.02	01:00:09.853	0.93809	0.93971			6
2025.01.02	01:00:10.329		0.93970			4
2025.01.02	01:00:10.693	0.93813	0.93974			6
2025.01.02	01:00:11.066	0.93817	0.93977			6
2025.01.02	01:00:11.381	0.93819				2
2025.01.02	01:00:12.319	0.93820				2
2025.01.02	01:00:13.097		0.93974			4
2025.01.02	01:00:13.837	0.93826	0.93978			6
2025.01.02	01:00:14.138		0.93975			4
2025.01.02	01:00:14.585	0.93835	0.93973			6
2025.01.02	01:00:15.187	0.93802	0.93968			6
2025.01.02	01:00:15.495	0.93774	0.93967			6
2025.01.02	01:00:15.921		0.93966			4
2025.01.02	01:00:16.449	0.93777				2
2025.01.02	01:00:17.299		0.93970			4
2025.01.02	01:00:17.719	0.93776	0.93963			6
2025.01.02	01:00:18.067	0.93782	0.93954			6
2025.01.02	01:00:18.452	0.93774	0.93962			6
2025.01.02	01:00:18.846	0.93775	0.93971			6
2025.01.02	01:00:21.021	0.93781				2
2025.01.02	01:00:21.359	0.93786	0.93973			6
2025.01.02	01:00:21.975		0.93974			4
2025.01.02	01:00:22.420	0.93792	0.93973			6
2025.01.02	01:00:22.800	0.93799	0.93963			6
2025.01.02	01:00:24.545	0.93800	0.93964			6
2025.01.02	01:00:25.009	0.93799	0.93965			6
2025.01.02	01:00:27.320		0.93964			4
2025.01.02	01:00:27.629	0.93804	0.93959			6
2025.01.02	01:00:28.455		0.93958			4
2025.01.02	01:00:29.020	0.93805	0.93957			6
2025.01.02	01:00:29.442	0.93804				2
2025.01.02	01:00:30.175	0.93799	0.93962			6
2025.01.02	01:00:31.013	0.93800	0.93961			6
2025.01.02	01:00:31.388		0.93965			4
2025.01.02	01:00:31.703		0.93971			4
2025.01.02	01:00:32.002	0.93801	0.93970			6
2025.01.02	01:00:32.389	0.93804				2
2025.01.02	01:00:32.731	0.93808				2
2025.01.02	01:00:33.620	0.93807	0.93973			6
2025.01.02	01:00:34.524		0.93974			4
2025.01.02	01:00:35.054	0.93812	0.93969			6
2025.01.02	01:00:35.416	0.93817	0.93962			6
2025.01.02	01:00:35.725	0.93813	0.93967			6
2025.01.02	01:00:36.085	0.93812				2
2025.01.02	01:00:36.932	0.93814	0.93965			6
2025.01.02	01:00:37.521	0.93815				2
2025.01.02	01:00:38.121	0.93813	0.93964			6
2025.01.02	01:00:38.800	0.93815	0.93963			6
2025.01.02	01:00:40.534	0.93813	0.93965			6
2025.01.02	01:00:42.074	0.93806	0.93971			6
2025.01.02	01:00:43.313	0.93803	0.93963			6
2025.01.02	01:00:43.706		0.93962			4
2025.01.02	01:00:44.060	0.93800				2
2025.01.02	01:00:44.969	0.93799	0.93961			6
2025.01.02	01:00:45.286	0.93802	0.93958			6
2025.01.02	01:00:46.218	0.93807				2
2025.01.02	01:00:46.717	0.93804	0.93961			6
2025.01.02	01:00:47.119	0.93807				2
2025.01.02	01:00:47.522		0.93962			4
2025.01.02	01:00:48.058	0.93849	0.93983			6
2025.01.02	01:00:48.563		0.93985			4
2025.01.02	01:00:49.845		0.93984			4
2025.01.02	01:00:50.370	0.93806	0.93960			6
2025.01.02	01:00:51.020	0.93808				2
2025.01.02	01:00:51.503	0.93807	0.93962			6
2025.01.02	01:00:51.920	0.93804	0.93966			6
2025.01.02	01:00:52.227	0.93810	0.93960			6
2025.01.02	01:00:53.421	0.93816	0.93959			6
2025.01.02	01:00:54.020	0.93814				2
2025.01.02	01:00:54.537	0.93812				2
2025.01.02	01:00:55.214	0.93806	0.93962			6
2025.01.02	01:00:55.820	0.93810	0.93970			6
2025.01.02	01:00:57.639	0.93848	0.93981			6
2025.01.02	01:00:58.448	0.93852	0.93982			6
2025.01.02	01:00:58.897		0.93981			4
2025.01.02	01:00:59.720	0.93818	0.93970			6
2025.01.02	01:01:00.310	0.93817				2
2025.01.02	01:01:00.759	0.93825	0.93964			6
2025.01.02	01:01:01.242	0.93827				2
2025.01.02	01:01:02.415	0.93840	0.93973			6
2025.01.02	01:01:03.400	0.93859	0.93980			6
2025.01.02	01:01:03.743	0.93867				2
2025.01.02	01:01:05.357	0.93892	0.93955			6
2025.01.02	01:01:06.031	0.93893				2
2025.01.02	01:01:06.383	0.93872	0.93978			6
2025.01.02	01:01:06.736	0.93879				2
2025.01.02	01:01:10.401	0.93874	0.93969			6
2025.01.02	01:01:13.062	0.93876				2
2025.01.02	01:01:13.547	0.93875				2
2025.01.02	01:01:14.713	0.93870				2
2025.01.02	01:01:15.473	0.93879				2
2025.01.02	01:01:20.165	0.93886	0.93978			6
2025.01.02	01:01:20.722	0.93879				2
2025.01.02	01:01:30.618	0.93885				2
2025.01.02	01:01:33.776	0.93883	0.93980			6
2025.01.02	01:01:34.083	0.93887	0.93979			6
2025.01.02	01:01:34.474	0.93879	0.93973			6
2025.01.02	01:01:36.162		0.93979			4
2025.01.02	01:01:36.620	0.93893				2
2025.01.02	01:01:39.246	0.93879	0.93970			6
2025.01.02	01:01:41.824		0.93973			4
2025.01.02	01:01:42.128		0.93970			4
2025.01.02	01:01:43.731	0.93882				2
2025.01.02	01:01:44.119	0.93881	0.93943			6
2025.01.02	01:01:44.426	0.93882	0.93945			6
2025.01.02	01:01:45.616	0.93889	0.93941			6
2025.01.02	01:01:48.740		0.93940			4
2025.01.02	01:01:49.136	0.93890	0.93938			6
2025.01.02	01:01:51.621	0.93879	0.93967			6
2025.01.02	01:01:52.368	0.93893	0.93939			6
2025.01.02	01:01:54.286	0.93880	0.93967			6
2025.01.02	01:01:55.004	0.93892	0.93938			6
2025.01.02	01:01:58.769	0.93889	0.93936			6
2025.01.02	01:02:00.320	0.93889				2
2025.01.02	01:02:03.688	0.93891	0.93938			6
2025.01.02	01:02:05.474		0.93940			4
2025.01.02	01:02:05.878	0.93892	0.93944			6
2025.01.02	01:02:06.322	0.93891				2
2025.01.02	01:02:10.371	0.93886	0.93943			6
2025.01.02	01:02:10.682		0.93945			4
2025.01.02	01:02:11.701	0.93887	0.93943			6
2025.01.02	01:02:12.005	0.93899				2
2025.01.02	01:02:15.263		0.93964			4
2025.01.02	01:02:15.855		0.93941			4
2025.01.02	01:02:19.354	0.93900				2
2025.01.02	01:02:20.420	0.93895				2
2025.01.02	01:02:20.782	0.93891				2
2025.01.02	01:02:21.532	0.93902	0.93952			6
2025.01.02	01:02:24.003		0.93953			4
2025.01.02	01:02:26.040		0.93952			4
2025.01.02	01:02:27.608		0.93953			4
2025.01.02	01:02:28.861	0.93903	0.93963			6
2025.01.02	01:02:30.703	0.93902				2
2025.01.02	01:02:32.121	0.93903				2
2025.01.02	01:02:33.320	0.93910	0.93956			6
2025.01.02	01:02:33.631	0.93912				2
2025.01.02	01:02:36.921	0.93913				2
2025.01.02	01:02:37.380		0.93960			4
2025.01.02	01:02:39.069	0.93918	0.93968			6
2025.01.02	01:02:39.921	0.93919				2
2025.01.02	01:02:41.996	0.93917	0.93959			6
2025.01.02	01:02:42.484	0.93912	0.93956			6
2025.01.02	01:02:47.721	0.93913				2
2025.01.02	01:02:50.334	0.93918				2
2025.01.02	01:02:52.556	0.93923	0.93965			6
2025.01.02	01:02:52.960	0.93924				2
2025.01.02	01:02:53.472	0.93916	0.93960			6
2025.01.02	01:02:54.024	0.93914				2
2025.01.02	01:02:55.219	0.93915				2
2025.01.02	01:02:56.485	0.93916				2
2025.01.02	01:02:57.954		0.93956			4
2025.01.02	01:02:58.521	0.93917				2
2025.01.02	01:03:00.446	0.93917				2
2025.01.02	01:03:04.220	0.93918				2
2025.01.02	01:03:05.609		0.93958			4
2025.01.02	01:03:06.107	0.93921	0.93964			6
2025.01.02	01:03:07.820	0.93918	0.93965			6
2025.01.02	01:03:09.129	0.93922				2
2025.01.02	01:03:11.991	0.93923	0.93964			6
2025.01.02	01:03:12.473	0.93917	0.93971			6
2025.01.02	01:03:12.784	0.93922	0.93966			6
2025.01.02	01:03:13.107	0.93923				2
2025.01.02	01:03:14.040	0.93922				2
2025.01.02	01:03:15.706	0.93923				2
2025.01.02	01:03:16.922	0.93925				2
2025.01.02	01:03:18.625	0.93926				2
2025.01.02	01:03:19.717	0.93924	0.93971			6
2025.01.02	01:03:20.984	0.93925	0.93964			6
2025.01.02	01:03:21.288	0.93922				2
2025.01.02	01:03:21.731	0.93925				2
2025.01.02	01:03:23.261	0.93928				2
2025.01.02	01:03:24.488	0.93934				2
2025.01.02	01:03:25.383	0.93927	0.93957			6
2025.01.02	01:03:25.820	0.93928				2
2025.01.02	01:03:27.354	0.93925				2
2025.01.02	01:03:28.532	0.93930				2
2025.01.02	01:03:29.476	0.93926				2
2025.01.02	01:03:31.020	0.93929				2
2025.01.02	01:03:32.719		0.93954			4
2025.01.02	01:03:33.025	0.93927				2
2025.01.02	01:03:33.567		0.93951			4
2025.01.02	01:03:37.355	0.93930				2
2025.01.02	01:03:50.682		0.93955			4
2025.01.02	01:03:51.993	0.93927	0.93952			6
2025.01.02	01:03:53.652	0.93928				2
2025.01.02	01:04:00.681	0.93928				2
2025.01.02	01:04:02.894	0.93932				2
2025.01.02	01:04:04.095	0.93936	0.93956			6
2025.01.02	01:04:06.927	0.93940	0.93961			6
2025.01.02	01:04:07.489	0.93938				2
2025.01.02	01:04:11.561		0.93960			4
2025.01.02	01:04:14.714	0.93939	0.93962			6
2025.01.02	01:04:15.146	0.93940	0.93964			6
2025.01.02	01:04:15.738	0.93941				2
2025.01.02	01:04:19.336	0.93939				2
2025.01.02	01:04:19.708	0.93942	0.93952			6
2025.01.02	01:04:21.543	0.93939	0.93964			6
2025.01.02	01:04:26.340		0.93965			4
2025.01.02	01:04:35.479		0.93964			4
2025.01.02	01:04:35.890	0.93935	0.93960			6
2025.01.02	01:04:40.174	0.93934				2
2025.01.02	01:04:42.620	0.93933				2
2025.01.02	01:04:43.003	0.93932				2
2025.01.02	01:04:48.246	0.93936	0.93962			6
2025.01.02	01:04:57.192	0.93937	0.93963			6
2025.01.02	01:04:58.098	0.93936	0.93961			6
2025.01.02	01:04:58.432	0.93937	0.93962			6
2025.01.02	01:04:59.080	0.93938				2
2025.01.02	01:05:00.321	0.93933	0.93959			6
2025.01.02	01:05:01.900	0.93930	0.93958			6
2025.01.02	01:05:02.208	0.93926	0.93952			6
2025.01.02	01:05:02.633	0.93920	0.93948			6
2025.01.02	01:05:03.245	0.93918	0.93946			6
2025.01.02	01:05:04.159	0.93921				2
2025.01.02	01:05:04.939		0.93948			4
2025.01.02	01:05:05.393	0.93925	0.93946			6
2025.01.02	01:05:05.703	0.93923	0.93947			6
2025.01.02	01:05:06.431	0.93925	0.93950			6
2025.01.02	01:05:09.212		0.93951			4
2025.01.02	01:05:13.625		0.93950			4
2025.01.02	01:05:21.434		0.93949			4
2025.01.02	01:05:23.701	0.93926				2
2025.01.02	01:05:28.955		0.93951			4
2025.01.02	01:05:31.308	0.93933	0.93943			6
2025.01.02	01:05:33.138	0.93926	0.93950			6
2025.01.02	01:05:45.022	0.93927				2
2025.01.02	01:05:51.304	0.93928				2
2025.01.02	01:05:53.429	0.93929				2
2025.01.02	01:06:01.221	0.93929	0.93949			6
2025.01.02	01:06:01.923		0.93950			4
2025.01.02	01:06:02.292		0.93949			4
2025.01.02	01:06:03.285	0.93932	0.93952			6
2025.01.02	01:06:05.730	0.93928				2
2025.01.02	01:06:06.597	0.93927	0.93947			6
2025.01.02	01:06:08.119	0.93926				2
2025.01.02	01:06:10.470		0.93946			4
2025.01.02	01:06:16.204		0.93947			4
2025.01.02	01:06:19.638	0.93927				2
2025.01.02	01:06:20.367		0.93946			4
2025.01.02	01:06:23.987		0.93945			4
2025.01.02	01:06:27.321	0.93924				2
2025.01.02	01:06:29.425	0.93927	0.93946			6
2025.01.02	01:06:30.067		0.93945			4
2025.01.02	01:06:30.468		0.93946			4
2025.01.02	01:06:31.313		0.93945			4
2025.01.02	01:06:35.115		0.93946			4
2025.01.02	01:06:46.515	0.93926				2
2025.01.02	01:06:51.104		0.93945			4
2025.01.02	01:06:51.622	0.93924				2
2025.01.02	01:06:58.668	0.93928				2
2025.01.02	01:07:00.476	0.93922	0.93943			6
2025.01.02	01:07:00.794		0.93946			4
2025.01.02	01:07:03.273		0.93945			4
2025.01.02	01:07:04.172	0.93920	0.93944			6
2025.01.02	01:07:04.487		0.93942			4
2025.01.02	01:07:05.251	0.93921	0.93944			6
2025.01.02	01:07:06.242		0.93943			4
2025.01.02	01:07:11.161		0.93942			4
2025.01.02	01:07:11.941	0.93924	0.93945			6
2025.01.02	01:07:12.620	0.93921	0.93944			6
2025.01.02	01:07:13.820	0.93922				2
2025.01.02	01:07:17.321	0.93923				2
2025.01.02	01:07:31.126		0.93945			4
2025.01.02	01:07:40.222	0.93929	0.93954			6
2025.01.02	01:07:40.575	0.93930				2
2025.01.02	01:07:43.846	0.93932				2
2025.01.02	01:07:50.215		0.93958			4
2025.01.02	01:08:00.462	0.93932	0.93955			6
2025.01.02	01:08:01.409		0.93954			4
2025.01.02	01:08:05.462		0.93953			4
2025.01.02	01:08:06.865	0.93937	0.93956			6
2025.01.02	01:08:28.915		0.93957			4
2025.01.02	01:08:31.067	0.93942	0.93961			6
2025.01.02	01:08:31.382	0.93943	0.93960			6
2025.01.02	01:08:31.690	0.93944				2
2025.01.02	01:08:32.002	0.93943	0.93961			6
2025.01.02	01:08:35.159		0.93962			4
2025.01.02	01:08:35.724	0.93944				2
2025.01.02	01:08:37.002	0.93943	0.93961			6
2025.01.02	01:08:37.848		0.93962			4
2025.01.02	01:08:39.115		0.93961			4
2025.01.02	01:08:40.387		0.93960			4
2025.01.02	01:08:41.627	0.93944	0.93962			6
2025.01.02	01:08:42.333		0.93960			4
2025.01.02	01:08:46.942		0.93961			4
2025.01.02	01:08:49.522	0.93945				2
2025.01.02	01:08:50.786	0.93944				2
2025.01.02	01:08:53.720	0.93945				2
2025.01.02	01:08:55.364	0.93944				2
2025.01.02	01:08:59.587		0.93962			4
2025.01.02	01:09:00.020	0.93944				2
2025.01.02	01:09:00.381	0.93946	0.93964			6
2025.01.02	01:09:03.476		0.93967			4
2025.01.02	01:09:03.789	0.93947	0.93965			6
2025.01.02	01:09:04.222	0.93944				2
2025.01.02	01:09:05.121	0.93947	0.93966			6
2025.01.02	01:09:05.422	0.93944	0.93965			6
2025.01.02	01:09:06.455		0.93966			4
2025.01.02	01:09:06.814	0.93948	0.93970			6
2025.01.02	01:09:07.220	0.93949				2
2025.01.02	01:09:07.694	0.93947	0.93968			6
2025.01.02	01:09:14.364	0.93946	0.93967			6
2025.01.02	01:09:15.058	0.93948				2
2025.01.02	01:09:16.123	0.93944	0.93963			6
2025.01.02	01:09:18.412		0.93965			4
2025.01.02	01:09:21.237	0.93941	0.93962			6
2025.01.02	01:09:21.891		0.93963			4
2025.01.02	01:09:30.859	0.93942				2
2025.01.02	01:09:31.372		0.93964			4
2025.01.02	01:09:36.267		0.93965			4
2025.01.02	01:09:37.819	0.93941				2
2025.01.02	01:09:38.272	0.93947	0.93968			6
2025.01.02	01:09:39.994		0.93969			4
2025.01.02	01:09:40.386	0.93952	0.93972			6
2025.01.02	01:09:40.735		0.93970			4
2025.01.02	01:09:41.934		0.93971			4
2025.01.02	01:09:44.719	0.93950	0.93969			6
2025.01.02	01:09:45.625	0.93949				2
2025.01.02	01:09:46.558	0.93953	0.93974			6
2025.01.02	01:09:48.038	0.93954				2
2025.01.02	01:09:49.901		0.93975			4
2025.01.02	01:09:51.921	0.93950	0.93970			6
2025.01.02	01:09:52.597	0.93951				2
2025.01.02	01:09:55.318	0.93954	0.93977			6
2025.01.02	01:09:58.221		0.93976			4
2025.01.02	01:09:58.523	0.93951	0.93973			6
2025.01.02	01:10:00.304	0.93951				2
2025.01.02	01:10:01.161	0.93950	0.93968			6
2025.01.02	01:10:01.484	0.93945	0.93963			6
2025.01.02	01:10:02.719	0.93944				2
2025.01.02	01:10:03.309	0.93945	0.93967			6
2025.01.02	01:10:05.120	0.93946	0.93968			6
2025.01.02	01:10:07.384		0.93967			4
2025.01.02	01:10:08.896		0.93966			4
2025.01.02	01:10:09.952	0.93945	0.93964			6
2025.01.02	01:10:11.708	0.93946	0.93965			6
2025.01.02	01:10:17.837	0.93944				2
2025.01.02	01:10:20.421	0.93943				2
2025.01.02	01:10:24.324	0.93946	0.93963			6
2025.01.02	01:10:26.120	0.93945	0.93962			6
2025.01.02	01:10:27.839	0.93944	0.93964			6
2025.01.02	01:10:31.819	0.93945	0.93965			6
2025.01.02	01:10:34.516	0.93946	0.93966			6
2025.01.02	01:10:34.820	0.93945				2
2025.01.02	01:10:36.021	0.93947	0.93965			6
2025.01.02	01:10:36.618		0.93966			4
2025.01.02	01:10:38.726	0.93945				2
2025.01.02	01:10:39.321	0.93948	0.93967			6
2025.01.02	01:10:43.220		0.93966			4
2025.01.02	01:10:44.124		0.93968			4
2025.01.02	01:10:44.629		0.93964			4
2025.01.02	01:10:46.520	0.93947	0.93963			6
2025.01.02	01:11:00.462	0.93947	0.93964			6
2025.01.02	01:11:00.920	0.93948				2
2025.01.02	01:11:09.619	0.93949				2
2025.01.02	01:11:23.543	0.93944	0.93959			6
2025.01.02	01:11:24.624	0.93943				2
2025.01.02	01:11:36.562	0.93942	0.93958			6
2025.01.02	01:11:37.221		0.93957			4
2025.01.02	01:11:39.322	0.93943	0.93956			6
2025.01.02	01:11:39.626	0.93937	0.93954			6
2025.01.02	01:11:39.943		0.93953			4
2025.01.02	01:11:44.727	0.93938				2
2025.01.02	01:11:51.149	0.93937				2
2025.01.02	01:11:55.923		0.93952			4
2025.01.02	01:11:56.440	0.93936				2
2025.01.02	01:12:00.021	0.93936				2
2025.01.02	01:12:00.459		0.93953			4
2025.01.02	01:12:00.922	0.93935				2
2025.01.02	01:12:01.622	0.93937	0.93952			6
2025.01.02	01:12:02.750	0.93935	0.93953			6
2025.01.02	01:12:04.213	0.93936	0.93952			6
2025.01.02	01:12:05.809	0.93937				2
2025.01.02	01:12:15.395	0.93936				2
2025.01.02	01:12:15.700	0.93935	0.93950			6
2025.01.02	01:12:23.157	0.93936	0.93951			6
2025.01.02	01:12:25.521	0.93937	0.93952			6
2025.01.02	01:12:32.723	0.93936	0.93953			6
2025.01.02	01:12:33.185	0.93935	0.93950			6
2025.01.02	01:12:33.498	0.93934	0.93951			6
2025.01.02	01:12:34.231	0.93935	0.93950			6
2025.01.02	01:12:38.183	0.93934				2
2025.01.02	01:12:40.221		0.93951			4
2025.01.02	01:12:48.821	0.93925	0.93943			6
2025.01.02	01:12:49.221	0.93927				2
2025.01.02	01:12:51.021	0.93926				2
2025.01.02	01:12:53.421	0.93927	0.93942			6
2025.01.02	01:12:54.594	0.93926	0.93941			6
2025.01.02	01:12:55.111		0.93940			4
2025.01.02	01:12:57.828	0.93925	0.93941			6
2025.01.02	01:12:59.613	0.93926	0.93942			6
2025.01.02	01:13:00.018	0.93927				2
2025.01.02	01:13:01.219	0.93926	0.93941			6
2025.01.02	01:13:01.538	0.93925				2
2025.01.02	01:13:02.724	0.93927	0.93942			6
2025.01.02	01:13:04.559	0.93918	0.93934			6
2025.01.02	01:13:05.016	0.93917	0.93932			6
2025.01.02	01:13:08.119	0.93916				2
2025.01.02	01:13:11.700	0.93915	0.93930			6
2025.01.02	01:13:14.989	0.93914	0.93932			6
2025.01.02	01:13:16.336	0.93915	0.93931			6
2025.01.02	01:13:19.220		0.93930			4
2025.01.02	01:13:20.790		0.93931			4
2025.01.02	01:13:23.822		0.93930			4
2025.01.02	01:13:31.820		0.93931			4
2025.01.02	01:13:33.019		0.93930			4
2025.01.02	01:13:37.612		0.93931			4
2025.01.02	01:13:39.337		0.93930			4
2025.01.02	01:13:44.585		0.93931			4
2025.01.02	01:13:46.528	0.93914				2
2025.01.02	01:13:49.889	0.93924	0.93939			6
2025.01.02	01:13:50.585	0.93925	0.93940			6
2025.01.02	01:14:00.613	0.93925				2
2025.01.02	01:14:07.152	0.93922	0.93939			6
2025.01.02	01:14:07.551	0.93924				2
2025.01.02	01:14:11.581	0.93922	0.93937			6
2025.01.02	01:14:12.692	0.93921	0.93936			6
2025.01.02	01:14:15.910	0.93920				2
2025.01.02	01:14:16.819	0.93921	0.93937			6
2025.01.02	01:14:18.029	0.93922				2
2025.01.02	01:14:18.622	0.93919				2
2025.01.02	01:14:22.975	0.93920				2
2025.01.02	01:14:25.975	0.93919				2
2025.01.02	01:14:28.975	0.93920				2
2025.01.02	01:14:30.128	0.93918	0.93933			6
2025.01.02	01:14:31.078	0.93917	0.93934			6
2025.01.02	01:14:32.421	0.93920	0.93937			6
2025.01.02	01:14:33.619		0.93936			4
2025.01.02	01:14:39.602		0.93937			4
2025.01.02	01:14:50.341	0.93918	0.93934			6
2025.01.02	01:14:57.880	0.93919	0.93936			6
2025.01.02	01:14:58.185	0.93918				2
2025.01.02	01:14:58.516	0.93919				2
2025.01.02	01:14:59.721	0.93920	0.93937			6
2025.01.02	01:15:00.036	0.93923	0.93938			6
2025.01.02	01:15:00.361	0.93922	0.93937			6
2025.01.02	01:15:02.420	0.93921	0.93936			6
2025.01.02	01:15:05.719	0.93922				2
2025.01.02	01:15:06.135	0.93929	0.93944			6
2025.01.02	01:15:16.277	0.93928				2
2025.01.02	01:15:17.459	0.93929				2
2025.01.02	01:15:18.140	0.93928				2
2025.01.02	01:15:18.619	0.93933	0.93948			6
2025.01.02	01:15:18.923	0.93932				2
2025.01.02	01:15:20.525	0.93933				2
2025.01.02	01:15:27.638	0.93931				2
2025.01.02	01:15:28.961		0.93946			4
2025.01.02	01:15:30.147	0.93928	0.93938			6
2025.01.02	01:15:30.462	0.93922	0.93935			6
2025.01.02	01:15:31.386	0.93927	0.93945			6
2025.01.02	01:15:31.709	0.93933	0.93947			6
2025.01.02	01:15:33.921	0.93932				2
2025.01.02	01:15:34.515	0.93930				2
2025.01.02	01:15:34.830	0.93932				2
2025.01.02	01:15:35.638	0.93929	0.93944			6
2025.01.02	01:15:43.224	0.93928				2
2025.01.02	01:15:47.118		0.93945			4
2025.01.02	01:15:47.966	0.93929	0.93944			6
2025.01.02	01:15:49.585	0.93928				2
2025.01.02	01:15:50.596	0.93927	0.93945			6
2025.01.02	01:15:52.853	0.93928	0.93944			6
2025.01.02	01:15:53.168		0.93943			4
2025.01.02	01:15:53.901		0.93944			4
2025.01.02	01:15:55.244		0.93943			4
2025.01.02	01:15:57.030	0.93929				2
2025.01.02	01:16:00.163	0.93929				2
2025.01.02	01:16:01.208	0.93928	0.93944			6
2025.01.02	01:16:02.250	0.93929	0.93943			6
2025.01.02	01:16:05.720	0.93928	0.93944			6
2025.01.02	01:16:07.289	0.93929	0.93943			6
2025.01.02	01:16:10.711	0.93930	0.93945			6
2025.01.02	01:16:11.028		0.93944			4
2025.01.02	01:16:13.197		0.93945			4
2025.01.02	01:16:14.587	0.93931				2
2025.01.02	01:16:15.621	0.93930				2
2025.01.02	01:16:17.268	0.93931				2
2025.01.02	01:16:21.022	0.93930				2
2025.01.02	01:16:21.923	0.93931				2
2025.01.02	01:16:22.611	0.93930				2
2025.01.02	01:16:24.238	0.93931				2
2025.01.02	01:16:24.700	0.93930				2
2025.01.02	01:16:27.192	0.93931				2
2025.01.02	01:16:29.921	0.93930				2
2025.01.02	01:16:30.931	0.93931				2
2025.01.02	01:16:32.419	0.93930				2
2025.01.02	01:16:33.561	0.93931				2
2025.01.02	01:16:33.920	0.93930				2
2025.01.02	01:16:35.138	0.93931				2
2025.01.02	01:16:40.077	0.93930				2
2025.01.02	01:16:44.721	0.93929	0.93946			6
2025.01.02	01:16:46.581		0.93944			4
2025.01.02	01:16:51.461		0.93945			4
2025.01.02	01:16:55.192		0.93944			4
2025.01.02	01:17:00.112	0.93929	0.93945			6
2025.01.02	01:17:03.477		0.93944			4
2025.01.02	01:17:05.409		0.93943			4
2025.01.02	01:17:14.727	0.93928				2
2025.01.02	01:17:17.881	0.93929				2
2025.01.02	01:17:19.818	0.93928				2
2025.01.02	01:17:20.990	0.93929				2
2025.01.02	01:17:22.845	0.93928				2
2025.01.02	01:17:24.602	0.93929				2
2025.01.02	01:17:25.596	0.93930				2
2025.01.02	01:17:31.726	0.93932	0.93945			6
2025.01.02	01:17:37.769	0.93936	0.93948			6
2025.01.02	01:17:38.720	0.93934	0.93946			6
2025.01.02	01:17:39.323	0.93935				2
2025.01.02	01:17:41.808		0.93948			4
2025.01.02	01:17:44.445	0.93933	0.93946			6
2025.01.02	01:17:53.106		0.93947			4
2025.01.02	01:17:53.782	0.93934				2
2025.01.02	01:17:56.930	0.93935	0.93948			6
2025.01.02	01:18:01.532	0.93935				2
2025.01.02	01:18:03.581	0.93933	0.93947			6
2025.01.02	01:18:03.921	0.93934				2
2025.01.02	01:18:17.748		0.93946			4
2025.01.02	01:18:22.429	0.93932	0.93943			6
2025.01.02	01:18:31.709	0.93931				2
2025.01.02	01:18:32.813	0.93929				2
2025.01.02	01:18:34.086	0.93931	0.93942			6
2025.01.02	01:18:35.120	0.93930	0.93943			6
2025.01.02	01:18:35.424	0.93932				2
2025.01.02	01:18:40.463	0.93933	0.93944			6
2025.01.02	01:18:41.522	0.93932				2
2025.01.02	01:18:43.170	0.93933				2
2025.01.02	01:18:44.647		0.93946			4
2025.01.02	01:18:46.540	0.93934				2
2025.01.02	01:18:49.862	0.93933				2
2025.01.02	01:18:52.997	0.93934				2
2025.01.02	01:18:54.542	0.93933				2
2025.01.02	01:19:00.213	0.93933				2
2025.01.02	01:19:00.578	0.93936	0.93947			6
2025.01.02	01:19:00.882	0.93934				2
2025.01.02	01:19:03.000	0.93935				2
2025.01.02	01:19:04.075	0.93934				2
2025.01.02	01:19:04.499		0.93948			4
2025.01.02	01:19:10.275		0.93946			4
2025.01.02	01:19:15.328	0.93931	0.93945			6
2025.01.02	01:19:15.663	0.93933	0.93946			6
2025.01.02	01:19:16.388	0.93932	0.93945			6
2025.01.02	01:19:17.420	0.93934	0.93946			6
2025.01.02	01:19:20.354		0.93947			4
2025.01.02	01:19:21.089	0.93932	0.93945			6
2025.01.02	01:19:22.110	0.93931	0.93943			6
2025.01.02	01:19:22.442	0.93928				2
2025.01.02	01:19:22.818	0.93929	0.93942			6
2025.01.02	01:19:27.361	0.93927	0.93941			6
2025.01.02	01:19:30.323	0.93928				2
2025.01.02	01:19:31.935		0.93942			4
2025.01.02	01:19:32.348	0.93927	0.93943			6
2025.01.02	01:19:33.131	0.93928				2
2025.01.02	01:19:35.301	0.93927	0.93944			6
2025.01.02	01:19:36.019		0.93943			4
2025.01.02	01:19:37.094		0.93944			4
2025.01.02	01:19:40.711	0.93929	0.93945			6
2025.01.02	01:19:41.707	0.93930	0.93943			6
2025.01.02	01:19:42.106	0.93933	0.93948			6
2025.01.02	01:19:42.427	0.93934	0.93947			6
2025.01.02	01:19:43.249	0.93933				2
2025.01.02	01:19:44.644	0.93934				2
2025.01.02	01:19:45.462	0.93933				2
2025.01.02	01:19:45.811	0.93934				2
2025.01.02	01:19:46.422	0.93933	0.93948			6
2025.01.02	01:19:49.355	0.93934				2
2025.01.02	01:19:50.420	0.93933				2
2025.01.02	01:19:54.914	0.93934	0.93947			6
2025.01.02	01:19:55.985		0.93948			4
2025.01.02	01:19:57.019		0.93947			4
2025.01.02	01:19:58.388	0.93935	0.93949			6
2025.01.02	01:19:59.607	0.93934	0.93948			6
2025.01.02	01:19:59.935		0.93949			4
2025.01.02	01:20:00.315	0.93934				2
2025.01.02	01:20:01.523		0.93948			4
2025.01.02	01:20:05.461	0.93932	0.93946			6
2025.01.02	01:20:05.761	0.93933				2
2025.01.02	01:20:06.547	0.93934	0.93948			6
2025.01.02	01:20:08.988		0.93947			4
2025.01.02	01:20:10.057	0.93933	0.93946			6
2025.01.02	01:20:11.101		0.93947			4
2025.01.02	01:20:13.217	0.93932	0.93946			6
2025.01.02	01:20:14.243	0.93931	0.93947			6
2025.01.02	01:20:14.719	0.93932				2
2025.01.02	01:20:15.178	0.93931				2
2025.01.02	01:20:15.707	0.93933				2
2025.01.02	01:20:17.284	0.93932				2
2025.01.02	01:20:18.459	0.93933				2
2025.01.02	01:20:18.797	0.93930	0.93944			6
2025.01.02	01:20:21.376	0.93931	0.93945			6
2025.01.02	01:20:21.736	0.93930				2
2025.01.02	01:20:22.821	0.93932				2
2025.01.02	01:20:24.595	0.93931				2
2025.01.02	01:20:25.628	0.93934	0.93947			6
2025.01.02	01:20:27.453	0.93933	0.93948			6
2025.01.02	01:20:32.667	0.93935				2
2025.01.02	01:20:38.906		0.93949			4
2025.01.02	01:20:46.595	0.93932	0.93945			6
2025.01.02	01:20:47.121	0.93933	0.93946			6
2025.01.02	01:20:48.592		0.93947			4
2025.01.02	01:20:50.179	0.93934	0.93950			6
2025.01.02	01:21:00.501	0.93934				2
2025.01.02	01:21:08.119	0.93933				2
2025.01.02	01:21:08.588	0.93934				2
2025.01.02	01:21:14.342	0.93933				2
2025.01.02	01:21:20.164	0.93935	0.93948			6
2025.01.02	01:21:20.501	0.93936	0.93949			6
2025.01.02	01:21:22.098	0.93935	0.93948			6
2025.01.02	01:21:25.219	0.93936	0.93949			6
2025.01.02	01:21:38.751	0.93931	0.93946			6
2025.01.02	01:21:39.335	0.93927	0.93940			6
2025.01.02	01:21:41.719	0.93926	0.93939			6
2025.01.02	01:21:56.584	0.93924	0.93940			6
2025.01.02	01:21:56.935	0.93925	0.93939			6
2025.01.02	01:21:57.924		0.93940			4
2025.01.02	01:21:59.419		0.93939			4
2025.01.02	01:22:00.389	0.93927	0.93942			6
2025.01.02	01:22:00.792		0.93943			4
2025.01.02	01:22:01.188	0.93928	0.93941			6
2025.01.02	01:22:01.597		0.93942			4
2025.01.02	01:22:02.426		0.93941			4
2025.01.02	01:22:09.167		0.93942			4
2025.01.02	01:22:09.619		0.93941			4
2025.01.02	01:22:13.850		0.93943			4
2025.01.02	01:22:14.168		0.93942			4
2025.01.02	01:22:20.549		0.93941			4
2025.01.02	01:22:25.543		0.93942			4
2025.01.02	01:22:27.320	0.93929				2
2025.01.02	01:22:27.810	0.93928	0.93941			6
2025.01.02	01:22:29.722		0.93942			4
2025.01.02	01:22:30.562		0.93941			4
2025.01.02	01:22:41.717		0.93943			4
2025.01.02	01:22:42.022		0.93941			4
2025.01.02	01:23:00.368	0.93928				2
2025.01.02	01:23:06.325	0.93929	0.93942			6
2025.01.02	01:23:07.026	0.93927	0.93943			6
2025.01.02	01:23:07.368	0.93930				2
2025.01.02	01:23:08.575	0.93929				2
2025.01.02	01:23:13.480	0.93930				2
2025.01.02	01:23:27.112	0.93931	0.93944			6
2025.01.02	01:23:33.014	0.93936	0.93948			6
2025.01.02	01:23:34.531	0.93935				2
2025.01.02	01:23:41.324	0.93933	0.93946			6
2025.01.02	01:23:43.951	0.93928	0.93941			6
2025.01.02	01:23:44.260	0.93929	0.93943			6
2025.01.02	01:23:45.620	0.93930				2
2025.01.02	01:23:48.358	0.93929	0.93942			6
2025.01.02	01:23:51.837	0.93930	0.93943			6
2025.01.02	01:23:52.598	0.93931	0.93944			6
2025.01.02	01:23:53.076	0.93930	0.93943			6
2025.01.02	01:24:00.594	0.93930				2
2025.01.02	01:24:02.350	0.93929	0.93942			6
2025.01.02	01:24:02.656	0.93928	0.93941			6
2025.01.02	01:24:12.320	0.93927				2
2025.01.02	01:24:13.203	0.93928	0.93942			6
2025.01.02	01:24:13.505	0.93927				2
2025.01.02	01:24:14.119		0.93941			4
2025.01.02	01:24:14.844	0.93930	0.93943			6
2025.01.02	01:24:16.184		0.93942			4
2025.01.02	01:24:18.921		0.93943			4
2025.01.02	01:24:33.392	0.93929	0.93942			6
2025.01.02	01:24:34.524	0.93928	0.93941			6
2025.01.02	01:24:40.373	0.93927	0.93940			6
2025.01.02	01:24:54.580		0.93939			4
2025.01.02	01:24:54.920	0.93926				2
2025.01.02	01:24:56.418	0.93927				2
2025.01.02	01:25:00.719	0.93927				2
2025.01.02	01:25:02.583	0.93926	0.93940			6
2025.01.02	01:25:03.900		0.93939			4
2025.01.02	01:25:09.582		0.93938			4
2025.01.02	01:25:17.748	0.93927				2
2025.01.02	01:25:18.258	0.93929	0.93940			6
2025.01.02	01:25:38.190	0.93933	0.93944			6
2025.01.02	01:25:42.921		0.93943			4
2025.01.02	01:25:45.320		0.93944			4
2025.01.02	01:25:48.319	0.93932	0.93945			6
2025.01.02	01:25:48.622	0.93930	0.93941			6
2025.01.02	01:25:50.653	0.93929	0.93940			6
2025.01.02	01:26:00.539	0.93929				2
2025.01.02	01:26:02.560	0.93928				2
2025.01.02	01:26:04.021	0.93927				2
2025.01.02	01:26:04.414		0.93939			4
2025.01.02	01:26:05.065		0.93940			4
2025.01.02	01:26:05.726		0.93939			4
2025.01.02	01:26:09.894		0.93940			4
2025.01.02	01:26:10.518		0.93939			4
2025.01.02	01:26:11.327		0.93940			4
2025.01.02	01:26:12.078		0.93939			4
2025.01.02	01:26:12.977		0.93940			4
2025.01.02	01:26:13.533		0.93939			4
2025.01.02	01:26:14.441		0.93940			4
2025.01.02	01:26:14.841		0.93939			4
2025.01.02	01:26:15.793		0.93940			4
2025.01.02	01:26:16.255		0.93939			4
2025.01.02	01:26:16.820		0.93940			4
2025.01.02	01:26:17.681		0.93939			4
2025.01.02	01:26:18.592		0.93940			4
2025.01.02	01:26:19.821		0.93939			4
2025.01.02	01:26:20.662		0.93940			4
2025.01.02	01:26:21.322		0.93939			4
2025.01.02	01:26:21.922		0.93940			4
2025.01.02	01:26:22.522		0.93939			4
2025.01.02	01:26:23.219		0.93940			4
2025.01.02	01:26:24.906		0.93939			4
2025.01.02	01:26:25.678		0.93940			4
2025.01.02	01:26:26.421		0.93939			4
2025.01.02	01:26:27.609		0.93940			4
2025.01.02	01:26:28.520		0.93939			4
2025.01.02	01:26:29.824		0.93940			4
2025.01.02	01:26:30.619		0.93939			4
2025.01.02	01:26:50.120	0.93926	0.93938			6
2025.01.02	01:26:53.860	0.93927				2
2025.01.02	01:26:55.821		0.93939			4
2025.01.02	01:26:56.843	0.93926	0.93938			6
2025.01.02	01:27:00.920	0.93926				2
2025.01.02	01:27:15.612	0.93927	0.93939			6
2025.01.02	01:27:17.133	0.93928				2
2025.01.02	01:27:18.327	0.93927	0.93941			6
2025.01.02	01:27:18.630		0.93940			4
2025.01.02	01:27:20.119		0.93941			4
2025.01.02	01:27:20.455	0.93928	0.93940			6
2025.01.02	01:27:20.761	0.93927	0.93938			6
2025.01.02	01:27:23.568	0.93926				2
2025.01.02	01:27:24.638		0.93937			4
2025.01.02	01:27:25.377		0.93938			4
2025.01.02	01:27:35.387	0.93927				2
2025.01.02	01:27:37.482	0.93926				2
2025.01.02	01:27:39.622	0.93927				2
2025.01.02	01:27:41.143	0.93926				2
2025.01.02	01:27:42.624	0.93927				2
2025.01.02	01:27:51.319		0.93939			4
2025.01.02	01:28:02.083	0.93927				2
2025.01.02	01:28:07.191		0.93940			4
2025.01.02	01:28:08.139		0.93939			4
2025.01.02	01:28:12.615		0.93938			4
2025.01.02	01:28:19.434	0.93926				2
2025.01.02	01:28:20.547	0.93927	0.93939			6
2025.01.02	01:28:30.251	0.93924	0.93937			6
2025.01.02	01:28:30.701	0.93925				2
2025.01.02	01:28:37.126	0.93924				2
2025.01.02	01:28:37.569	0.93925				2
2025.01.02	01:28:44.602		0.93938			4
2025.01.02	01:28:47.420	0.93926	0.93937			6
2025.01.02	01:28:49.782	0.93925				2
2025.01.02	01:29:00.541	0.93925				2
2025.01.02	01:29:02.429	0.93926				2
2025.01.02	01:29:02.770	0.93925				2
2025.01.02	01:29:03.320		0.93938			4
2025.01.02	01:29:04.246	0.93926	0.93937			6
2025.01.02	01:29:05.739		0.93938			4
2025.01.02	01:29:16.618	0.93927				2
2025.01.02	01:29:18.621	0.93926				2
2025.01.02	01:29:23.120	0.93927				2
2025.01.02	01:29:23.874	0.93926				2
2025.01.02	01:29:26.277	0.93927				2
2025.01.02	01:29:28.306	0.93926				2
2025.01.02	01:29:29.686	0.93927				2
2025.01.02	01:29:30.537	0.93929	0.93941			6
2025.01.02	01:29:33.972	0.93930				2
2025.01.02	01:29:34.412	0.93928				2
2025.01.02	01:29:35.484	0.93930	0.93942			6
2025.01.02	01:29:36.402	0.93931				2
2025.01.02	01:29:37.803	0.93930				2
2025.01.02	01:29:40.598		0.93941			4
2025.01.02	01:29:43.035	0.93927	0.93939			6
2025.01.02	01:29:43.495	0.93926	0.93938			6
2025.01.02	01:29:44.761	0.93925				2
2025.01.02	01:29:46.375		0.93939			4
2025.01.02	01:29:48.380		0.93938			4
2025.01.02	01:29:51.380		0.93939			4
2025.01.02	01:29:53.422	0.93927				2
2025.01.02	01:29:58.953		0.93938			4
2025.01.02	01:30:00.009	0.93927				2
2025.01.02	01:30:03.388	0.93929	0.93940			6
2025.01.02	01:30:03.994		0.93941			4
2025.01.02	01:30:05.500	0.93926	0.93937			6
2025.01.02	01:30:08.739		0.93938			4
2025.01.02	01:30:12.924		0.93937			4
2025.01.02	01:30:15.039	0.93928	0.93941			6
2025.01.02	01:30:15.608	0.93929	0.93940			6
2025.01.02	01:30:20.359	0.93930				2
2025.01.02	01:30:20.661		0.93941			4
2025.01.02	01:30:23.959	0.93932	0.93942			6
2025.01.02	01:30:25.510	0.93930				2
2025.01.02	01:30:25.822	0.93929	0.93941			6
2025.01.02	01:30:31.519	0.93930				2
2025.01.02	01:30:39.003	0.93931				2
2025.01.02	01:30:39.409		0.93943			4
2025.01.02	01:30:40.822		0.93942			4
2025.01.02	01:30:44.400		0.93941			4
2025.01.02	01:30:45.711	0.93930				2
2025.01.02	01:30:54.414		0.93942			4
2025.01.02	01:30:55.421	0.93927	0.93940			6
2025.01.02	01:30:56.478	0.93928	0.93939			6
2025.01.02	01:30:58.390	0.93926	0.93937			6
2025.01.02	01:31:00.346	0.93924	0.93935			6
2025.01.02	01:31:02.061	0.93925				2
2025.01.02	01:31:03.229	0.93927	0.93936			6
2025.01.02	01:31:03.565	0.93928	0.93938			6
2025.01.02	01:31:03.875	0.93927	0.93936			6
2025.01.02	01:31:04.197		0.93937			4
2025.01.02	01:31:05.300	0.93926	0.93936			6
2025.01.02	01:31:05.632	0.93927				2
2025.01.02	01:31:09.382		0.93937			4
2025.01.02	01:31:09.944	0.93928				2
2025.01.02	01:31:10.250		0.93936			4
2025.01.02	01:31:12.858		0.93937			4
2025.01.02	01:31:13.914		0.93938			4
2025.01.02	01:31:14.569		0.93937			4
2025.01.02	01:31:17.121	0.93927				2
2025.01.02	01:31:18.175	0.93928	0.93938			6
2025.01.02	01:31:18.515		0.93939			4
2025.01.02	01:31:19.174	0.93929				2
2025.01.02	01:31:33.649	0.93928				2
2025.01.02	01:31:37.298	0.93926	0.93937			6
2025.01.02	01:31:38.496	0.93925	0.93936			6
2025.01.02	01:31:40.326	0.93924				2
2025.01.02	01:31:44.304	0.93925				2
2025.01.02	01:31:57.677	0.93924	0.93935			6
2025.01.02	01:31:59.563	0.93925				2
2025.01.02	01:31:59.892	0.93924				2
2025.01.02	01:32:00.251	0.93924	0.93934			6
2025.01.02	01:32:01.728		0.93935			4
2025.01.02	01:32:02.040		0.93933			4
2025.01.02	01:32:04.024	0.93921	0.93931			6
2025.01.02	01:32:06.324		0.93932			4
2025.01.02	01:32:06.642		0.93931			4
2025.01.02	01:32:10.467		0.93932			4
2025.01.02	01:32:17.136	0.93922				2
2025.01.02	01:32:19.588	0.93920	0.93930			6
2025.01.02	01:32:19.904	0.93919				2
2025.01.02	01:32:21.369	0.93922	0.93933			6
2025.01.02	01:32:25.561		0.93932			4
2025.01.02	01:32:25.863	0.93921				2
2025.01.02	01:32:26.771	0.93920				2
2025.01.02	01:32:29.938	0.93919	0.93931			6
2025.01.02	01:32:30.795		0.93930			4
2025.01.02	01:32:32.768		0.93929			4
2025.01.02	01:32:33.528		0.93930			4
2025.01.02	01:32:34.018	0.93918	0.93929			6
2025.01.02	01:32:34.336		0.93928			4
2025.01.02	01:32:34.873	0.93917	0.93927			6
2025.01.02	01:32:35.228	0.93915	0.93926			6
2025.01.02	01:32:38.765	0.93917	0.93927			6
2025.01.02	01:32:39.536	0.93916				2
2025.01.02	01:32:41.420		0.93926			4
2025.01.02	01:32:49.970	0.93917	0.93927			6
2025.01.02	01:32:50.337	0.93916				2
2025.01.02	01:32:51.232		0.93926			4
2025.01.02	01:32:52.486	0.93917	0.93927			6
2025.01.02	01:32:52.800	0.93915	0.93925			6
2025.01.02	01:32:59.149	0.93916	0.93926			6
2025.01.02	01:33:00.406	0.93916				2
2025.01.02	01:33:02.153	0.93913	0.93923			6
2025.01.02	01:33:02.460	0.93914	0.93924			6
2025.01.02	01:33:04.692	0.93913				2
2025.01.02	01:33:06.109	0.93914				2
2025.01.02	01:33:08.300	0.93913	0.93923			6
2025.01.02	01:33:08.852	0.93911				2
2025.01.02	01:33:09.167		0.93922			4
2025.01.02	01:33:10.323		0.93923			4
2025.01.02	01:33:10.656	0.93909	0.93921			6
2025.01.02	01:33:10.983		0.93922			4
2025.01.02	01:33:11.341	0.93912	0.93923			6
2025.01.02	01:33:11.760	0.93913				2
2025.01.02	01:33:12.080	0.93909	0.93921			6
2025.01.02	01:33:12.761	0.93912	0.93923			6
2025.01.02	01:33:13.318	0.93913				2
2025.01.02	01:33:15.222	0.93912				2
2025.01.02	01:33:18.942	0.93911	0.93922			6
2025.01.02	01:33:21.224	0.93913	0.93923			6
2025.01.02	01:33:24.349		0.93924			4
2025.01.02	01:33:27.897	0.93911				2
2025.01.02	01:33:28.201	0.93912	0.93923			6
2025.01.02	01:33:28.528	0.93913	0.93924			6
2025.01.02	01:33:33.608	0.93915	0.93926			6
2025.01.02	01:33:38.199	0.93913	0.93924			6
2025.01.02	01:33:38.534	0.93912	0.93923			6
2025.01.02	01:33:41.720	0.93910	0.93921			6
2025.01.02	01:33:42.027	0.93909				2
2025.01.02	01:33:45.007	0.93911	0.93922			6
2025.01.02	01:33:46.005	0.93910	0.93921			6
2025.01.02	01:33:47.291	0.93909	0.93922			6
2025.01.02	01:33:51.797	0.93911				2
2025.01.02	01:33:54.322	0.93910				2
2025.01.02	01:33:55.056	0.93912	0.93923			6
2025.01.02	01:34:00.918	0.93912				2
2025.01.02	01:34:02.873	0.93915	0.93925			6
2025.01.02	01:34:03.183		0.93926			4
2025.01.02	01:34:08.268		0.93925			4
2025.01.02	01:34:08.587	0.93916	0.93927			6
2025.01.02	01:34:12.982	0.93917	0.93928			6
2025.01.02	01:34:14.151	0.93916	0.93926			6
2025.01.02	01:34:15.998		0.93927			4
2025.01.02	01:34:30.351	0.93919	0.93928			6
2025.01.02	01:34:30.717	0.93918				2
2025.01.02	01:34:35.570	0.93915	0.93927			6
2025.01.02	01:34:35.888		0.93926			4
2025.01.02	01:34:36.582	0.93919	0.93929			6
2025.01.02	01:34:39.263	0.93918				2
2025.01.02	01:34:40.444	0.93919				2
2025.01.02	01:34:52.105	0.93920				2
2025.01.02	01:34:52.536		0.93930			4
2025.01.02	01:34:53.686		0.93929			4
2025.01.02	01:35:00.650	0.93920				2
2025.01.02	01:35:02.753	0.93919				2
2025.01.02	01:35:06.609	0.93918				2
2025.01.02	01:35:10.194	0.93919				2
2025.01.02	01:35:10.519		0.93928			4
2025.01.02	01:35:12.739	0.93920	0.93929			6
2025.01.02	01:35:14.002	0.93919				2
2025.01.02	01:35:21.638	0.93918	0.93928			6
2025.01.02	01:35:25.411	0.93919	0.93930			6
2025.01.02	01:35:25.741		0.93929			4
2025.01.02	01:35:26.047		0.93928			4
2025.01.02	01:35:31.059	0.93918				2
2025.01.02	01:35:32.201	0.93915	0.93925			6
2025.01.02	01:35:36.127	0.93918	0.93928			6
2025.01.02	01:35:37.486	0.93919	0.93929			6
2025.01.02	01:35:41.707	0.93918				2
2025.01.02	01:35:45.572		0.93928			4
2025.01.02	01:35:51.231		0.93929			4
2025.01.02	01:35:54.644		0.93928			4
2025.01.02	01:35:55.062		0.93929			4
2025.01.02	01:35:56.491	0.93919				2
2025.01.02	01:35:57.801	0.93917	0.93927			6
2025.01.02	01:35:59.923	0.93916	0.93926			6
2025.01.02	01:36:00.369	0.93918	0.93928			6
2025.01.02	01:36:04.317	0.93919				2
2025.01.02	01:36:06.268	0.93918				2
2025.01.02	01:36:09.718	0.93919				2
2025.01.02	01:36:16.768		0.93929			4
2025.01.02	01:36:20.972		0.93928			4
2025.01.02	01:36:22.305	0.93917	0.93925			6
2025.01.02	01:36:25.290	0.93914	0.93924			6
2025.01.02	01:36:26.686	0.93913				2
2025.01.02	01:36:29.419		0.93923			4
2025.01.02	01:36:31.728	0.93917	0.93926			6
2025.01.02	01:36:32.044	0.93919	0.93929			6
2025.01.02	01:36:32.349		0.93928			4
2025.01.02	01:36:33.093	0.93917	0.93927			6
2025.01.02	01:36:33.409	0.93919	0.93929			6
2025.01.02	01:36:34.118	0.93920	0.93930			6
2025.01.02	01:36:39.860	0.93919				2
2025.01.02	01:36:41.890		0.93929			4
2025.01.02	01:36:43.028	0.93913	0.93925			6
2025.01.02	01:36:43.340	0.93911	0.93922			6
2025.01.02	01:36:44.562		0.93921			4
2025.01.02	01:36:49.338		0.93922			4
2025.01.02	01:36:51.126	0.93912	0.93923			6
2025.01.02	01:36:54.414	0.93911	0.93922			6
2025.01.02	01:36:55.764	0.93913				2
2025.01.02	01:36:59.071		0.93923			4
2025.01.02	01:36:59.805	0.93915	0.93925			6
2025.01.02	01:37:00.251	0.93915				2
2025.01.02	01:37:00.576		0.93923			4
2025.01.02	01:37:02.049	0.93914	0.93924			6
2025.01.02	01:37:02.400		0.93925			4
2025.01.02	01:37:03.634	0.93915				2
2025.01.02	01:37:05.386	0.93916				2
2025.01.02	01:37:05.809		0.93926			4
2025.01.02	01:37:09.034	0.93915	0.93925			6
2025.01.02	01:37:15.352		0.93924			4
2025.01.02	01:37:16.734		0.93925			4
2025.01.02	01:37:20.677	0.93914				2
2025.01.02	01:37:31.959	0.93912	0.93922			6
2025.01.02	01:37:32.265	0.93910				2
2025.01.02	01:37:32.851	0.93911				2
2025.01.02	01:37:34.153	0.93914	0.93924			6
2025.01.02	01:37:35.059		0.93923			4
2025.01.02	01:37:35.721		0.93924			4
2025.01.02	01:37:37.247	0.93916	0.93926			6
2025.01.02	01:37:45.621		0.93927			4
2025.01.02	01:37:55.593	0.93918	0.93928			6
2025.01.02	01:37:57.234	0.93917				2
2025.01.02	01:37:57.655		0.93927			4
2025.01.02	01:37:58.275		0.93928			4
2025.01.02	01:38:00.347	0.93917	0.93927			6
2025.01.02	01:38:00.701		0.93928			4
2025.01.02	01:38:01.910		0.93927			4
2025.01.02	01:38:04.535		0.93928			4
2025.01.02	01:38:06.294		0.93927			4
2025.01.02	01:38:24.579	0.93913	0.93924			6
2025.01.02	01:38:24.885	0.93911	0.93922			6
2025.01.02	01:38:27.922	0.93912	0.93923			6
2025.01.02	01:38:35.238	0.93911	0.93922			6
2025.01.02	01:38:38.882		0.93921			4
2025.01.02	01:38:39.710	0.93912	0.93923			6
2025.01.02	01:38:41.374	0.93913				2
2025.01.02	01:38:42.090	0.93911	0.93922			6
2025.01.02	01:38:43.249	0.93917	0.93926			6
2025.01.02	01:38:44.313	0.93916				2
2025.01.02	01:38:45.708	0.93915				2
2025.01.02	01:38:47.125		0.93924			4
2025.01.02	01:38:49.527	0.93914				2
2025.01.02	01:38:55.681	0.93916	0.93926			6
2025.01.02	01:38:55.985		0.93925			4
2025.01.02	01:38:57.563	0.93913	0.93923			6
2025.01.02	01:38:59.254	0.93915	0.93925			6
2025.01.02	01:39:00.251	0.93915				2
2025.01.02	01:39:13.979	0.93918	0.93928			6
2025.01.02	01:39:14.520	0.93916	0.93926			6
2025.01.02	01:39:17.720		0.93927			4
2025.01.02	01:39:23.071	0.93918	0.93929			6
2025.01.02	01:39:25.178	0.93921	0.93931			6
2025.01.02	01:39:26.950	0.93922	0.93932			6
2025.01.02	01:39:27.265		0.93933			4
2025.01.02	01:39:28.880	0.93925	0.93935			6
2025.01.02	01:39:30.226		0.93936			4
2025.01.02	01:39:40.177		0.93934			4
2025.01.02	01:39:42.121	0.93927	0.93938			6
2025.01.02	01:39:50.049		0.93939			4
2025.01.02	01:40:00.357	0.93927				2
2025.01.02	01:40:01.220		0.93938			4
2025.01.02	01:40:04.120	0.93929	0.93939			6
2025.01.02	01:40:04.424	0.93928				2
2025.01.02	01:40:07.220		0.93938			4
2025.01.02	01:40:11.438	0.93927				2
2025.01.02	01:40:14.555	0.93926	0.93937			6
2025.01.02	01:40:21.201	0.93927	0.93938			6
2025.01.02	01:40:26.956	0.93928				2
2025.01.02	01:40:38.800	0.93927				2
2025.01.02	01:40:40.932		0.93937			4
2025.01.02	01:40:46.522		0.93938			4
2025.01.02	01:40:49.695	0.93926	0.93937			6
2025.01.02	01:40:54.352	0.93925	0.93935			6
2025.01.02	01:40:55.480	0.93924				2
2025.01.02	01:40:56.466	0.93925	0.93936			6
2025.01.02	01:40:57.251		0.93937			4
2025.01.02	01:40:58.896	0.93926				2
2025.01.02	01:41:00.248	0.93924	0.93936			6
2025.01.02	01:41:00.989		0.93935			4
2025.01.02	01:41:03.587		0.93934			4
2025.01.02	01:41:09.325	0.93923				2
2025.01.02	01:41:18.028		0.93935			4
2025.01.02	01:41:20.087		0.93936			4
2025.01.02	01:41:22.881		0.93935			4
2025.01.02	01:41:23.185	0.93922				2
2025.01.02	01:41:24.994	0.93923				2
2025.01.02	01:41:27.079		0.93936			4
2025.01.02	01:41:32.119		0.93935			4
2025.01.02	01:41:48.921		0.93936			4
2025.01.02	01:41:58.062	0.93925	0.93937			6
2025.01.02	01:42:00.176	0.93925				2
2025.01.02	01:42:05.334		0.93938			4
2025.01.02	01:42:07.221		0.93937			4
2025.01.02	01:42:10.594		0.93938			4
2025.01.02	01:42:10.997		0.93937			4
2025.01.02	01:42:12.607	0.93922	0.93933			6
2025.01.02	01:42:28.506	0.93921	0.93932			6
2025.01.02	01:42:30.087	0.93919	0.93931			6
2025.01.02	01:42:31.387	0.93920				2
2025.01.02	01:42:34.348	0.93921	0.93934			6
2025.01.02	01:42:39.427		0.93933			4
2025.01.02	01:42:44.247	0.93922				2
2025.01.02	01:42:49.083		0.93934			4
2025.01.02	01:42:49.589	0.93923				2
2025.01.02	01:42:57.582	0.93916	0.93929			6
2025.01.02	01:43:00.389	0.93916				2
2025.01.02	01:43:00.900		0.93928			4
2025.01.02	01:43:02.419		0.93929			4
2025.01.02	01:43:04.883	0.93917				2
2025.01.02	01:43:06.160	0.93916				2
2025.01.02	01:43:11.687	0.93917				2
2025.01.02	01:43:17.052	0.93922	0.93933			6
2025.01.02	01:43:17.739		0.93934			4
2025.01.02	01:43:25.483	0.93923				2
2025.01.02	01:43:26.122	0.93922				2
2025.01.02	01:43:34.979		0.93935			4
2025.01.02	01:43:35.288		0.93934			4
2025.01.02	01:43:41.417	0.93923				2
2025.01.02	01:43:51.017		0.93935			4
2025.01.02	01:43:51.557	0.93922				2
2025.01.02	01:43:52.936	0.93924				2
2025.01.02	01:43:53.257		0.93936			4
2025.01.02	01:43:54.921	0.93925	0.93935			6
2025.01.02	01:43:58.321		0.93936			4
2025.01.02	01:44:00.068	0.93925				2
2025.01.02	01:44:01.184	0.93926				2
2025.01.02	01:44:02.867		0.93937			4
2025.01.02	01:44:03.903	0.93927				2
2025.01.02	01:44:07.412	0.93928	0.93938			6
2025.01.02	01:44:11.988	0.93932	0.93942			6
2025.01.02	01:44:12.298		0.93943			4
2025.01.02	01:44:19.865		0.93942			4
2025.01.02	01:44:21.095	0.93931				2
2025.01.02	01:44:22.203	0.93930				2
2025.01.02	01:44:26.176	0.93931				2
2025.01.02	01:44:26.501	0.93930	0.93941			6
2025.01.02	01:44:26.907	0.93931	0.93942			6
2025.01.02	01:44:30.021	0.93930				2
2025.01.02	01:44:30.459	0.93934	0.93944			6
2025.01.02	01:44:32.404	0.93935	0.93945			6
2025.01.02	01:44:47.680		0.93946			4
2025.01.02	01:44:48.007	0.93937	0.93947			6
2025.01.02	01:44:50.583	0.93936				2
2025.01.02	01:44:51.021	0.93937				2
2025.01.02	01:44:55.094	0.93936				2
2025.01.02	01:44:56.630	0.93935	0.93945			6
2025.01.02	01:45:00.092	0.93935				2
2025.01.02	01:45:00.484		0.93944			4
2025.01.02	01:45:00.799		0.93945			4
2025.01.02	01:45:02.477		0.93946			4
2025.01.02	01:45:02.781		0.93945			4
2025.01.02	01:45:03.409	0.93939	0.93949			6
2025.01.02	01:45:04.673	0.93935	0.93947			6
2025.01.02	01:45:05.122	0.93937				2
2025.01.02	01:45:12.925	0.93935	0.93944			6
2025.01.02	01:45:13.415	0.93934	0.93945			6
2025.01.02	01:45:14.665		0.93946			4
2025.01.02	01:45:15.177	0.93935				2
2025.01.02	01:45:19.520	0.93934	0.93947			6
2025.01.02	01:45:20.082	0.93936				2
2025.01.02	01:45:23.333	0.93937				2
2025.01.02	01:45:24.721	0.93936				2
2025.01.02	01:45:25.761	0.93935	0.93946			6
2025.01.02	01:45:27.163	0.93934				2
2025.01.02	01:45:27.620	0.93935				2
2025.01.02	01:45:28.265	0.93936	0.93947			6
2025.01.02	01:45:33.215	0.93935				2
2025.01.02	01:45:34.963		0.93946			4
2025.01.02	01:45:41.125		0.93945			4
2025.01.02	01:45:46.641	0.93936	0.93947			6
2025.01.02	01:45:47.375	0.93937				2
2025.01.02	01:45:52.591	0.93935				2
2025.01.02	01:45:53.317		0.93945			4
2025.01.02	01:46:00.733	0.93935				2
2025.01.02	01:46:07.820	0.93937				2
2025.01.02	01:46:08.322	0.93935				2
2025.01.02	01:46:08.623	0.93936				2
2025.01.02	01:46:09.401	0.93935				2
2025.01.02	01:46:22.103	0.93936	0.93946			6
2025.01.02	01:46:24.020		0.93947			4
2025.01.02	01:46:24.329	0.93935	0.93946			6
2025.01.02	01:46:26.597	0.93936				2
2025.01.02	01:46:27.459	0.93935	0.93945			6
2025.01.02	01:46:44.896	0.93934	0.93944			6
2025.01.02	01:46:46.035	0.93935				2
2025.01.02	01:46:47.577	0.93933				2
2025.01.02	01:46:48.016	0.93934				2
2025.01.02	01:46:57.253	0.93935	0.93945			6
2025.01.02	01:47:01.755	0.93935				2
2025.01.02	01:47:04.051		0.93947			4
2025.01.02	01:47:04.363	0.93936				2
2025.01.02	01:47:05.148	0.93935				2
2025.01.02	01:47:07.949	0.93936				2
2025.01.02	01:47:10.013	0.93935	0.93946			6
2025.01.02	01:47:12.144	0.93936				2
2025.01.02	01:47:12.754	0.93937	0.93947			6
2025.01.02	01:47:14.721	0.93936	0.93946			6
2025.01.02	01:47:16.470	0.93935	0.93945			6
2025.01.02	01:47:20.637	0.93936	0.93946			6
2025.01.02	01:47:30.003	0.93937	0.93947			6
2025.01.02	01:47:33.627	0.93936	0.93946			6
2025.01.02	01:47:36.327	0.93937	0.93947			6
2025.01.02	01:47:39.478	0.93935	0.93946			6
2025.01.02	01:47:59.909		0.93945			4
2025.01.02	01:48:00.495	0.93935				2
2025.01.02	01:48:05.733	0.93936	0.93947			6
2025.01.02	01:48:06.069	0.93937	0.93948			6
2025.01.02	01:48:07.032	0.93936				2
2025.01.02	01:48:10.832	0.93937	0.93950			6
2025.01.02	01:48:11.266		0.93949			4
2025.01.02	01:48:11.587		0.93951			4
2025.01.02	01:48:16.277	0.93940				2
2025.01.02	01:48:18.920	0.93939				2
2025.01.02	01:48:20.682	0.93940				2
2025.01.02	01:48:21.664		0.93952			4
2025.01.02	01:48:22.409	0.93939				2
2025.01.02	01:48:23.699	0.93940				2
2025.01.02	01:48:24.223	0.93939				2
2025.01.02	01:48:27.843	0.93940	0.93954			6
2025.01.02	01:48:31.474		0.93953			4
2025.01.02	01:48:33.930		0.93954			4
2025.01.02	01:48:34.851		0.93953			4
2025.01.02	01:48:35.155	0.93942	0.93954			6
2025.01.02	01:48:35.491	0.93941				2
2025.01.02	01:48:37.920		0.93953			4
2025.01.02	01:48:45.723	0.93942				2
2025.01.02	01:48:49.773	0.93943	0.93954			6
2025.01.02	01:48:51.078		0.93952			4
2025.01.02	01:48:51.384		0.93955			4
2025.01.02	01:48:56.122	0.93942	0.93952			6
2025.01.02	01:48:58.761	0.93941				2
2025.01.02	01:49:00.231	0.93945	0.93954			6
2025.01.02	01:49:03.242	0.93943	0.93953			6
2025.01.02	01:49:05.495	0.93942	0.93954			6
2025.01.02	01:49:05.900	0.93943				2
2025.01.02	01:49:06.203	0.93942	0.93953			6
2025.01.02	01:49:10.933		0.93954			4
2025.01.02	01:49:16.179		0.93953			4
2025.01.02	01:49:17.315	0.93943	0.93955			6
2025.01.02	01:49:21.161		0.93953			4
2025.01.02	01:49:22.759	0.93942				2
2025.01.02	01:49:23.801	0.93943				2
2025.01.02	01:49:24.104	0.93942	0.93952			6
2025.01.02	01:49:29.022	0.93939	0.93951			6
2025.01.02	01:49:29.325		0.93950			4
2025.01.02	01:49:29.637	0.93940				2
2025.01.02	01:49:30.365	0.93942	0.93953			6
2025.01.02	01:49:32.359	0.93943	0.93954			6
2025.01.02	01:49:43.386	0.93947	0.93956			6
2025.01.02	01:49:43.704	0.93945	0.93955			6
2025.01.02	01:49:44.384	0.93944	0.93954			6
2025.01.02	01:49:46.377	0.93946	0.93956			6
2025.01.02	01:49:48.246	0.93945	0.93955			6
2025.01.02	01:49:49.982	0.93947	0.93957			6
2025.01.02	01:49:50.286	0.93948				2
2025.01.02	01:49:50.603	0.93947				2
2025.01.02	01:50:00.166	0.93947				2
2025.01.02	01:50:02.815	0.93950	0.93960			6
2025.01.02	01:50:03.120	0.93949				2
2025.01.02	01:50:04.742	0.93951	0.93963			6
2025.01.02	01:50:15.534	0.93957	0.93967			6
2025.01.02	01:50:19.272	0.93955				2
2025.01.02	01:50:19.582	0.93956	0.93968			6
2025.01.02	01:50:19.884	0.93957				2
2025.01.02	01:50:21.877		0.93969			4
2025.01.02	01:50:22.628		0.93968			4
2025.01.02	01:50:23.050	0.93955	0.93966			6
2025.01.02	01:50:23.363	0.93957	0.93967			6
2025.01.02	01:50:24.795	0.93956				2
2025.01.02	01:50:25.150	0.93955	0.93966			6
2025.01.02	01:50:25.521	0.93956				2
2025.01.02	01:50:26.792	0.93955				2
2025.01.02	01:50:28.480	0.93956				2
2025.01.02	01:50:29.327	0.93955				2
2025.01.02	01:50:30.409	0.93956				2
2025.01.02	01:50:30.859	0.93957	0.93967			6
2025.01.02	01:50:36.301	0.93956	0.93966			6
2025.01.02	01:50:37.905	0.93954				2
2025.01.02	01:50:38.227	0.93956	0.93967			6
2025.01.02	01:50:38.683	0.93955	0.93966			6
2025.01.02	01:50:41.800	0.93956	0.93967			6
2025.01.02	01:50:42.523	0.93955	0.93966			6
2025.01.02	01:50:46.201	0.93957	0.93968			6
2025.01.02	01:50:47.923	0.93958				2
2025.01.02	01:50:48.888	0.93957	0.93967			6
2025.01.02	01:50:50.238		0.93968			4
2025.01.02	01:50:51.520		0.93967			4
2025.01.02	01:50:54.019	0.93956	0.93968			6
2025.01.02	01:50:57.581	0.93957	0.93967			6
2025.01.02	01:51:01.514	0.93957	0.93968			6
2025.01.02	01:51:01.885	0.93958				2
2025.01.02	01:51:04.887	0.93957	0.93967			6
2025.01.02	01:51:09.119		0.93968			4
2025.01.02	01:51:12.301	0.93956				2
2025.01.02	01:51:16.526		0.93967			4
2025.01.02	01:51:18.470		0.93968			4
2025.01.02	01:51:19.477	0.93955	0.93969			6
2025.01.02	01:51:21.465	0.93956	0.93968			6
2025.01.02	01:51:22.674	0.93957				2
2025.01.02	01:51:23.576	0.93956				2
2025.01.02	01:51:32.524	0.93957				2
2025.01.02	01:51:35.061	0.93956				2
2025.01.02	01:51:37.709	0.93957				2
2025.01.02	01:51:39.068	0.93956	0.93967			6
2025.01.02	01:51:40.841	0.93957	0.93969			6
2025.01.02	01:51:47.612	0.93956	0.93968			6
2025.01.02	01:51:49.442		0.93967			4
2025.01.02	01:51:49.958		0.93968			4
2025.01.02	01:51:53.120		0.93967			4
2025.01.02	01:51:54.395	0.93955				2
2025.01.02	01:51:55.867	0.93957	0.93968			6
2025.01.02	01:51:59.299	0.93953	0.93966			6
2025.01.02	01:52:00.475	0.93953	0.93964			6
2025.01.02	01:52:01.295	0.93952	0.93965			6
2025.01.02	01:52:02.338	0.93955				2
2025.01.02	01:52:03.619	0.93953				2
2025.01.02	01:52:03.927	0.93954	0.93967			6
2025.01.02	01:52:04.234	0.93957				2
2025.01.02	01:52:04.545	0.93954	0.93966			6
2025.01.02	01:52:04.881	0.93956	0.93968			6
2025.01.02	01:52:05.504	0.93957				2
2025.01.02	01:52:09.309	0.93958				2
2025.01.02	01:52:12.350	0.93959	0.93970			6
2025.01.02	01:52:12.835	0.93958				2
2025.01.02	01:52:13.265		0.93968			4
2025.01.02	01:52:14.191	0.93957				2
2025.01.02	01:52:16.445	0.93958				2
2025.01.02	01:52:17.605	0.93957				2
2025.01.02	01:52:19.951		0.93971			4
2025.01.02	01:52:22.924		0.93972			4
2025.01.02	01:52:24.822		0.93971			4
2025.01.02	01:52:26.278	0.93956				2
2025.01.02	01:52:27.383	0.93957	0.93970			6
2025.01.02	01:52:29.071		0.93972			4
2025.01.02	01:52:40.966	0.93958				2
2025.01.02	01:52:46.179	0.93959				2
2025.01.02	01:52:48.324	0.93958				2
2025.01.02	01:52:50.056	0.93955	0.93968			6
2025.01.02	01:52:50.438	0.93956	0.93969			6
2025.01.02	01:52:50.743	0.93957	0.93971			6
2025.01.02	01:52:52.247	0.93958				2
2025.01.02	01:52:59.119	0.93957				2
2025.01.02	01:53:00.316	0.93957				2
2025.01.02	01:53:04.873	0.93959	0.93969			6
2025.01.02	01:53:05.680	0.93961	0.93972			6
2025.01.02	01:53:08.687	0.93959	0.93970			6
2025.01.02	01:53:10.871	0.93957	0.93972			6
2025.01.02	01:53:12.046	0.93958				2
2025.01.02	01:53:12.733	0.93957				2
2025.01.02	01:53:15.043	0.93960	0.93970			6
2025.01.02	01:53:20.439	0.93959				2
2025.01.02	01:53:24.945		0.93972			4
2025.01.02	01:53:25.292	0.93960				2
2025.01.02	01:53:26.682	0.93962	0.93973			6
2025.01.02	01:53:28.011	0.93960				2
2025.01.02	01:53:28.691	0.93961				2
2025.01.02	01:53:29.356	0.93962				2
2025.01.02	01:53:31.521		0.93972			4
2025.01.02	01:53:31.861	0.93961				2
2025.01.02	01:53:32.860	0.93959				2
2025.01.02	01:53:33.162	0.93957	0.93970			6
2025.01.02	01:53:33.997	0.93959	0.93972			6
2025.01.02	01:53:37.085	0.93958				2
2025.01.02	01:53:37.517		0.93971			4
2025.01.02	01:53:37.829	0.93960	0.93974			6
2025.01.02	01:53:42.620	0.93958	0.93972			6
2025.01.02	01:53:44.105	0.93961	0.93973			6
2025.01.02	01:53:44.514	0.93960				2
2025.01.02	01:53:47.629	0.93961	0.93972			6
2025.01.02	01:53:48.423	0.93960	0.93974			6
2025.01.02	01:53:49.619	0.93958	0.93972			6
2025.01.02	01:53:53.782	0.93960	0.93973			6
2025.01.02	01:53:58.151	0.93961	0.93974			6
2025.01.02	01:53:59.854	0.93963	0.93975			6
2025.01.02	01:54:00.387	0.93963				2
2025.01.02	01:54:00.742		0.93973			4
2025.01.02	01:54:01.064	0.93961				2
2025.01.02	01:54:04.059	0.93963	0.93975			6
2025.01.02	01:54:04.556	0.93964	0.93976			6
2025.01.02	01:54:05.195		0.93977			4
2025.01.02	01:54:05.503		0.93976			4
2025.01.02	01:54:12.481		0.93975			4
2025.01.02	01:54:12.954	0.93961	0.93973			6
2025.01.02	01:54:14.354	0.93960				2
2025.01.02	01:54:14.883	0.93963				2
2025.01.02	01:54:19.666	0.93962				2
2025.01.02	01:54:20.023	0.93963				2
2025.01.02	01:54:20.749	0.93961	0.93972			6
2025.01.02	01:54:23.445	0.93958	0.93970			6
2025.01.02	01:54:24.203		0.93969			4
2025.01.02	01:54:24.827		0.93970			4
2025.01.02	01:54:30.909	0.93959	0.93971			6
2025.01.02	01:54:35.347	0.93955	0.93968			6
2025.01.02	01:54:35.658		0.93969			4
2025.01.02	01:54:36.034	0.93956				2
2025.01.02	01:54:40.887		0.93968			4
2025.01.02	01:54:43.349		0.93967			4
2025.01.02	01:54:49.233		0.93968			4
