<DATE>	<TIME>	<BID>	<ASK>	<LAST>	<VOLUME>	<FLAGS>
2025.03.18	00:00:00.136	0.96172	0.96248			6
2025.03.18	00:00:01.676	0.96117	0.96348			6
2025.03.18	00:00:31.613	0.96124	0.96350			6
2025.03.18	00:00:35.050	0.96170				2
2025.03.18	00:01:00.109	0.96170				2
2025.03.18	00:01:01.175		0.96360			4
2025.03.18	00:01:10.605		0.96359			4
2025.03.18	00:02:00.594	0.96170				2
2025.03.18	00:02:01.171		0.96355			4
2025.03.18	00:02:19.916		0.96341			4
2025.03.18	00:02:28.180		0.96356			4
2025.03.18	00:03:00.597	0.96170				2
2025.03.18	00:03:06.282		0.96348			4
2025.03.18	00:04:00.596	0.96170				2
2025.03.18	00:04:10.597		0.96348			4
2025.03.18	00:05:00.599	0.96170				2
2025.03.18	00:05:06.148		0.96347			4
2025.03.18	00:05:46.202		0.96339			4
2025.03.18	00:05:55.814		0.96338			4
2025.03.18	00:06:00.371	0.96170				2
2025.03.18	00:06:34.172	0.96137	0.96276			6
2025.03.18	00:06:34.851	0.96134	0.96280			6
2025.03.18	00:06:35.208	0.96133	0.96278			6
2025.03.18	00:06:39.875	0.96131	0.96282			6
2025.03.18	00:06:41.557	0.96130	0.96281			6
2025.03.18	00:06:44.020	0.96132				2
2025.03.18	00:06:51.418	0.96133				2
2025.03.18	00:06:54.427	0.96134				2
2025.03.18	00:07:06.074	0.96133				2
2025.03.18	00:07:11.252	0.96134				2
2025.03.18	00:07:12.800	0.96133				2
2025.03.18	00:07:29.102	0.96134				2
2025.03.18	00:07:29.860	0.96130	0.96272			6
2025.03.18	00:07:34.382		0.96271			4
2025.03.18	00:07:34.749	0.96129	0.96270			6
2025.03.18	00:07:43.233		0.96276			4
2025.03.18	00:07:43.670		0.96271			4
2025.03.18	00:08:00.545	0.96130	0.96279			6
2025.03.18	00:08:16.938	0.96129				2
2025.03.18	00:08:33.922	0.96081	0.96303			6
2025.03.18	00:09:03.201	0.96081				2
2025.03.18	00:09:34.150		0.96303			4
2025.03.18	00:10:00.360	0.96107	0.96277			6
2025.03.18	00:10:03.695	0.96108	0.96273			6
2025.03.18	00:10:12.148	0.96125	0.96277			6
2025.03.18	00:10:20.646	0.96123	0.96275			6
2025.03.18	00:10:37.379	0.96124				2
2025.03.18	00:11:00.120	0.96124				2
2025.03.18	00:11:05.427	0.96110	0.96263			6
2025.03.18	00:11:05.727	0.96108	0.96262			6
2025.03.18	00:11:06.033	0.96095	0.96277			6
2025.03.18	00:11:07.183	0.96099	0.96274			6
2025.03.18	00:11:08.358	0.96109	0.96263			6
2025.03.18	00:11:08.964		0.96262			4
2025.03.18	00:11:09.269	0.96099	0.96274			6
2025.03.18	00:11:10.724	0.96098	0.96281			6
2025.03.18	00:11:11.194	0.96106	0.96274			6
2025.03.18	00:11:11.506	0.96098				2
2025.03.18	00:11:12.257	0.96099	0.96273			6
2025.03.18	00:11:12.655	0.96098	0.96274			6
2025.03.18	00:11:13.220	0.96099	0.96273			6
2025.03.18	00:11:13.525	0.96103	0.96269			6
2025.03.18	00:11:14.400	0.96099	0.96274			6
2025.03.18	00:11:15.093	0.96109	0.96262			6
2025.03.18	00:11:16.042	0.96098	0.96274			6
2025.03.18	00:11:16.355	0.96104	0.96268			6
2025.03.18	00:11:16.952	0.96098	0.96274			6
2025.03.18	00:11:21.130	0.96099				2
2025.03.18	00:11:21.938	0.96109	0.96262			6
2025.03.18	00:11:22.561	0.96099	0.96287			6
2025.03.18	00:11:25.556	0.96118	0.96277			6
2025.03.18	00:11:28.592	0.96121	0.96267			6
2025.03.18	00:11:29.233	0.96118	0.96277			6
2025.03.18	00:11:35.195	0.96115	0.96262			6
2025.03.18	00:11:36.108	0.96104	0.96283			6
2025.03.18	00:11:39.207	0.96116	0.96276			6
2025.03.18	00:11:39.694	0.96118	0.96277			6
2025.03.18	00:12:01.477	0.96118				2
2025.03.18	00:12:03.554	0.96117	0.96278			6
2025.03.18	00:12:07.718	0.96116	0.96280			6
2025.03.18	00:12:08.750	0.96118	0.96277			6
2025.03.18	00:12:19.894		0.96278			4
2025.03.18	00:13:00.101	0.96117				2
2025.03.18	00:13:20.496		0.96278			4
2025.03.18	00:13:42.996	0.96118				2
2025.03.18	00:14:00.695	0.96118				2
2025.03.18	00:14:22.599		0.96277			4
2025.03.18	00:15:00.607	0.96118				2
2025.03.18	00:16:20.479	0.96118	0.96277			6
2025.03.18	00:16:46.296	0.96117				2
2025.03.18	00:17:01.598	0.96117				2
2025.03.18	00:17:21.586		0.96277			4
2025.03.18	00:17:26.076		0.96278			4
2025.03.18	00:18:00.301	0.96117				2
2025.03.18	00:18:26.496		0.96278			4
2025.03.18	00:18:41.496	0.96116				2
2025.03.18	00:18:54.694	0.96117				2
2025.03.18	00:19:00.595	0.96117				2
2025.03.18	00:19:29.497		0.96278			4
2025.03.18	00:20:00.093	0.96117				2
2025.03.18	00:20:19.844	0.96114	0.96281			6
2025.03.18	00:20:20.314		0.96280			4
2025.03.18	00:20:24.082	0.96116	0.96278			6
2025.03.18	00:20:40.898		0.96279			4
2025.03.18	00:21:00.595	0.96116				2
2025.03.18	00:21:04.595	0.96115				2
2025.03.18	00:21:20.497		0.96280			4
2025.03.18	00:21:59.795		0.96281			4
2025.03.18	00:22:00.598	0.96115				2
2025.03.18	00:22:19.601		0.96280			4
2025.03.18	00:23:00.000	0.96115				2
2025.03.18	00:23:23.198		0.96280			4
2025.03.18	00:24:01.596	0.96115				2
2025.03.18	00:24:23.795		0.96280			4
2025.03.18	00:25:00.325	0.96115				2
2025.03.18	00:25:24.397		0.96280			4
2025.03.18	00:25:32.197	0.96116				2
2025.03.18	00:25:45.106		0.96279			4
2025.03.18	00:26:00.994	0.96116				2
2025.03.18	00:26:28.904	0.96117				2
2025.03.18	00:26:45.396		0.96279			4
2025.03.18	00:27:00.095	0.96117				2
2025.03.18	00:27:09.996		0.96278			4
2025.03.18	00:27:41.796	0.96130	0.96286			6
2025.03.18	00:27:42.351	0.96133	0.96290			6
2025.03.18	00:27:42.977		0.96282			4
2025.03.18	00:27:47.126	0.96134	0.96289			6
2025.03.18	00:27:48.733		0.96281			4
2025.03.18	00:27:50.194		0.96279			4
2025.03.18	00:27:52.361	0.96135	0.96286			6
2025.03.18	00:27:56.117		0.96284			4
2025.03.18	00:27:58.850	0.96136	0.96285			6
2025.03.18	00:28:02.694	0.96135	0.96290			6
2025.03.18	00:28:03.196	0.96136	0.96281			6
2025.03.18	00:28:03.744	0.96135				2
2025.03.18	00:28:04.850	0.96136				2
2025.03.18	00:28:10.595	0.96134	0.96290			6
2025.03.18	00:28:12.448	0.96135				2
2025.03.18	00:28:12.809		0.96287			4
2025.03.18	00:28:13.632		0.96281			4
2025.03.18	00:28:15.013	0.96136	0.96288			6
2025.03.18	00:28:15.345	0.96138	0.96284			6
2025.03.18	00:28:15.844		0.96282			4
2025.03.18	00:28:23.476	0.96139				2
2025.03.18	00:28:28.295		0.96287			4
2025.03.18	00:28:36.094	0.96140	0.96286			6
2025.03.18	00:28:41.325		0.96283			4
2025.03.18	00:28:41.972		0.96286			4
2025.03.18	00:28:46.294	0.96141				2
2025.03.18	00:28:56.196		0.96285			4
2025.03.18	00:29:00.368	0.96141				2
2025.03.18	00:29:01.906	0.96142				2
2025.03.18	00:29:06.993		0.96284			4
2025.03.18	00:29:10.596	0.96124	0.96272			6
2025.03.18	00:29:11.162		0.96271			4
2025.03.18	00:29:11.844	0.96123	0.96272			6
2025.03.18	00:29:13.608	0.96126	0.96273			6
2025.03.18	00:29:14.115	0.96129	0.96272			6
2025.03.18	00:29:16.091		0.96273			4
2025.03.18	00:29:16.421		0.96274			4
2025.03.18	00:29:18.785	0.96128	0.96273			6
2025.03.18	00:29:19.122	0.96121	0.96280			6
2025.03.18	00:29:19.786	0.96120	0.96281			6
2025.03.18	00:29:20.192	0.96121	0.96280			6
2025.03.18	00:29:21.399		0.96281			4
2025.03.18	00:29:21.876	0.96123	0.96278			6
2025.03.18	00:29:22.598	0.96124				2
2025.03.18	00:29:23.461	0.96123				2
2025.03.18	00:29:23.762	0.96127	0.96274			6
2025.03.18	00:29:26.448	0.96120	0.96281			6
2025.03.18	00:29:27.097	0.96121				2
2025.03.18	00:29:27.738	0.96119	0.96283			6
2025.03.18	00:29:29.143	0.96121	0.96281			6
2025.03.18	00:29:30.756	0.96127	0.96274			6
2025.03.18	00:29:31.259	0.96120	0.96281			6
2025.03.18	00:29:38.130	0.96125	0.96276			6
2025.03.18	00:29:39.373	0.96127	0.96275			6
2025.03.18	00:29:41.481	0.96126				2
2025.03.18	00:29:42.290	0.96120	0.96281			6
2025.03.18	00:29:42.729	0.96121	0.96280			6
2025.03.18	00:29:46.669	0.96126	0.96275			6
2025.03.18	00:29:50.851		0.96276			4
2025.03.18	00:30:00.373	0.96126	0.96262			6
2025.03.18	00:30:00.830	0.96127	0.96256			6
2025.03.18	00:30:01.160		0.96255			4
2025.03.18	00:30:01.689	0.96126	0.96275			6
2025.03.18	00:30:02.898	0.96125	0.96276			6
2025.03.18	00:30:04.310	0.96126	0.96275			6
2025.03.18	00:30:06.095		0.96276			4
2025.03.18	00:30:09.996		0.96275			4
2025.03.18	00:30:13.583	0.96127				2
2025.03.18	00:30:21.379		0.96274			4
2025.03.18	00:30:23.852		0.96275			4
2025.03.18	00:30:25.929		0.96274			4
2025.03.18	00:30:34.377	0.96126	0.96275			6
2025.03.18	00:30:37.357	0.96129	0.96273			6
2025.03.18	00:30:39.395		0.96272			4
2025.03.18	00:30:43.595	0.96130				2
2025.03.18	00:30:44.376		0.96271			4
2025.03.18	00:30:52.293	0.96131				2
2025.03.18	00:30:54.258	0.96130				2
2025.03.18	00:30:58.504		0.96272			4
2025.03.18	00:31:00.443	0.96130				2
2025.03.18	00:31:01.968		0.96271			4
2025.03.18	00:31:04.050	0.96131				2
2025.03.18	00:31:05.194		0.96270			4
2025.03.18	00:31:06.233		0.96269			4
2025.03.18	00:31:07.486		0.96270			4
2025.03.18	00:31:12.995	0.96132				2
2025.03.18	00:31:18.329		0.96269			4
2025.03.18	00:31:28.895	0.96133				2
2025.03.18	00:31:30.596	0.96132	0.96270			6
2025.03.18	00:31:32.794		0.96269			4
2025.03.18	00:31:38.820	0.96133	0.96268			6
2025.03.18	00:31:46.297	0.96134				2
2025.03.18	00:31:58.507		0.96267			4
2025.03.18	00:32:00.994	0.96134				2
2025.03.18	00:32:09.836	0.96135				2
2025.03.18	00:32:32.793		0.96266			4
2025.03.18	00:32:49.593	0.96136				2
2025.03.18	00:33:01.875	0.96136				2
2025.03.18	00:33:27.697		0.96265			4
2025.03.18	00:33:48.429	0.96146	0.96282			6
2025.03.18	00:34:00.366	0.96146				2
2025.03.18	00:34:03.527		0.96280			4
2025.03.18	00:34:11.238	0.96149				2
2025.03.18	00:34:13.750	0.96150	0.96278			6
2025.03.18	00:34:25.173	0.96146	0.96282			6
2025.03.18	00:34:55.079		0.96283			4
2025.03.18	00:35:00.594	0.96146				2
2025.03.18	00:35:08.018		0.96282			4
2025.03.18	00:35:08.870	0.96151	0.96283			6
2025.03.18	00:35:12.096	0.96147				2
2025.03.18	00:35:12.415		0.96281			4
2025.03.18	00:35:22.896		0.96282			4
2025.03.18	00:35:36.473	0.96151	0.96278			6
2025.03.18	00:35:41.562	0.96137	0.96265			6
2025.03.18	00:35:44.409		0.96264			4
2025.03.18	00:35:54.543	0.96149	0.96279			6
2025.03.18	00:36:00.594	0.96149				2
2025.03.18	00:36:04.560	0.96151	0.96277			6
2025.03.18	00:36:42.994		0.96278			4
2025.03.18	00:36:54.599	0.96149	0.96280			6
2025.03.18	00:37:00.095	0.96148				2
2025.03.18	00:37:07.293	0.96150	0.96278			6
2025.03.18	00:37:46.598		0.96279			4
2025.03.18	00:38:01.476	0.96150				2
2025.03.18	00:38:34.294	0.96149				2
2025.03.18	00:38:46.762		0.96279			4
2025.03.18	00:38:47.464	0.96145	0.96275			6
2025.03.18	00:38:52.073	0.96147	0.96277			6
2025.03.18	00:39:01.293	0.96147				2
2025.03.18	00:39:34.294	0.96148	0.96276			6
2025.03.18	00:40:01.893	0.96148				2
2025.03.18	00:40:40.597		0.96276			4
2025.03.18	00:41:04.001	0.96148				2
2025.03.18	00:41:16.041		0.96275			4
2025.03.18	00:41:23.972	0.96149				2
2025.03.18	00:42:00.827	0.96149				2
2025.03.18	00:42:16.504		0.96275			4
2025.03.18	00:43:00.201	0.96149				2
2025.03.18	00:43:17.356	0.96150	0.96274			6
2025.03.18	00:44:10.594	0.96150				2
2025.03.18	00:44:17.403		0.96274			4
2025.03.18	00:44:49.019	0.96151				2
2025.03.18	00:44:49.614		0.96275			4
2025.03.18	00:45:00.416	0.96151	0.96274			6
2025.03.18	00:45:02.142	0.96149	0.96270			6
2025.03.18	00:45:03.982	0.96148	0.96269			6
2025.03.18	00:45:04.330	0.96151	0.96274			6
2025.03.18	00:45:08.974	0.96169	0.96256			6
2025.03.18	00:45:40.295	0.96170				2
2025.03.18	00:45:49.620	0.96169				2
2025.03.18	00:45:49.928		0.96255			4
2025.03.18	00:46:00.595	0.96169				2
2025.03.18	00:46:11.715	0.96167	0.96253			6
2025.03.18	00:46:27.994		0.96254			4
2025.03.18	00:46:30.875	0.96166				2
2025.03.18	00:46:59.614		0.96255			4
2025.03.18	00:47:00.594	0.96166				2
2025.03.18	00:47:02.116	0.96165	0.96250			6
2025.03.18	00:47:04.250	0.96166	0.96255			6
2025.03.18	00:47:56.793		0.96256			4
2025.03.18	00:48:01.855	0.96166				2
2025.03.18	00:48:18.624		0.96255			4
2025.03.18	00:48:37.895	0.96165				2
2025.03.18	00:48:59.197		0.96256			4
2025.03.18	00:49:06.239	0.96165				2
2025.03.18	00:49:20.556		0.96255			4
2025.03.18	00:49:23.901		0.96256			4
2025.03.18	00:49:36.548	0.96164				2
2025.03.18	00:50:01.472	0.96164				2
2025.03.18	00:50:27.432		0.96256			4
2025.03.18	00:50:37.487	0.96165	0.96258			6
2025.03.18	00:50:45.462	0.96164	0.96257			6
2025.03.18	00:50:46.185		0.96256			4
2025.03.18	00:51:00.149	0.96164				2
2025.03.18	00:51:00.490		0.96257			4
2025.03.18	00:51:07.598	0.96163				2
2025.03.18	00:51:08.499	0.96155	0.96250			6
2025.03.18	00:51:24.768		0.96249			4
2025.03.18	00:51:58.297	0.96156				2
2025.03.18	00:52:00.594	0.96156				2
2025.03.18	00:52:25.273		0.96249			4
2025.03.18	00:52:44.194	0.96157	0.96250			6
2025.03.18	00:52:45.919	0.96156	0.96249			6
2025.03.18	00:53:00.373	0.96156				2
2025.03.18	00:53:29.459	0.96157	0.96250			6
2025.03.18	00:53:29.766		0.96251			4
2025.03.18	00:53:33.252	0.96156				2
2025.03.18	00:53:35.664	0.96157	0.96250			6
2025.03.18	00:53:35.981	0.96154	0.96253			6
2025.03.18	00:53:43.848	0.96152	0.96255			6
2025.03.18	00:53:45.185	0.96157	0.96251			6
2025.03.18	00:53:53.344		0.96250			4
2025.03.18	00:54:00.594	0.96157				2
2025.03.18	00:54:13.012		0.96251			4
2025.03.18	00:54:13.598		0.96250			4
2025.03.18	00:54:15.133		0.96251			4
2025.03.18	00:55:01.477	0.96157				2
2025.03.18	00:55:18.722		0.96251			4
2025.03.18	00:55:24.095		0.96252			4
2025.03.18	00:55:31.574	0.96155	0.96254			6
2025.03.18	00:55:33.928	0.96157	0.96252			6
2025.03.18	00:55:37.146		0.96251			4
2025.03.18	00:55:40.854		0.96252			4
2025.03.18	00:55:41.195	0.96158				2
2025.03.18	00:55:44.161	0.96157	0.96251			6
2025.03.18	00:55:49.074		0.96252			4
2025.03.18	00:55:50.177	0.96156	0.96251			6
2025.03.18	00:55:54.442	0.96157	0.96252			6
2025.03.18	00:55:56.797	0.96158	0.96253			6
2025.03.18	00:56:01.553	0.96158				2
2025.03.18	00:56:16.648	0.96150				2
2025.03.18	00:56:16.967	0.96144				2
2025.03.18	00:56:17.668	0.96138				2
2025.03.18	00:56:18.847	0.96141	0.96250			6
2025.03.18	00:56:22.895	0.96142	0.96249			6
2025.03.18	00:56:27.240	0.96146	0.96245			6
2025.03.18	00:56:53.030		0.96246			4
2025.03.18	00:56:58.294	0.96145				2
2025.03.18	00:57:00.697	0.96145				2
2025.03.18	00:57:18.118	0.96143	0.96244			6
2025.03.18	00:57:23.496	0.96142				2
2025.03.18	00:57:28.783	0.96141	0.96248			6
2025.03.18	00:57:29.848	0.96140	0.96249			6
2025.03.18	00:57:36.054		0.96250			4
2025.03.18	00:57:39.993		0.96249			4
2025.03.18	00:57:40.478		0.96248			4
2025.03.18	00:57:44.353	0.96141				2
2025.03.18	00:57:46.388	0.96142	0.96247			6
2025.03.18	00:57:47.493	0.96141				2
2025.03.18	00:57:48.869	0.96142				2
2025.03.18	00:57:53.055	0.96141	0.96249			6
2025.03.18	00:58:01.595	0.96141				2
2025.03.18	00:58:03.649	0.96142	0.96248			6
2025.03.18	00:58:11.513		0.96247			4
2025.03.18	00:58:18.120	0.96141				2
2025.03.18	00:58:44.354	0.96142	0.96246			6
2025.03.18	00:58:55.711	0.96145	0.96283			6
2025.03.18	00:58:58.295		0.96282			4
2025.03.18	00:59:00.093	0.96145				2
2025.03.18	00:59:11.204	0.96143	0.96283			6
2025.03.18	00:59:11.636		0.96275			4
2025.03.18	00:59:13.508	0.96144	0.96274			6
2025.03.18	00:59:14.306		0.96275			4
2025.03.18	00:59:15.394	0.96143				2
2025.03.18	00:59:15.752	0.96144	0.96274			6
2025.03.18	00:59:18.647	0.96152	0.96266			6
2025.03.18	00:59:19.106	0.96153	0.96265			6
2025.03.18	00:59:21.808	0.96154	0.96264			6
2025.03.18	00:59:25.262	0.96152	0.96266			6
2025.03.18	00:59:26.175	0.96151	0.96267			6
2025.03.18	00:59:26.847	0.96150	0.96269			6
2025.03.18	00:59:27.699	0.96149				2
2025.03.18	00:59:28.884	0.96151	0.96267			6
2025.03.18	00:59:36.393		0.96268			4
2025.03.18	00:59:49.181	0.96148	0.96270			6
2025.03.18	00:59:49.719		0.96271			4
2025.03.18	00:59:51.663	0.96146	0.96272			6
2025.03.18	00:59:53.327	0.96144	0.96275			6
2025.03.18	00:59:53.919	0.96143				2
2025.03.18	00:59:55.051	0.96142	0.96276			6
2025.03.18	00:59:55.712	0.96144	0.96274			6
2025.03.18	00:59:58.305		0.96275			4
2025.03.18	01:00:00.315	0.96155	0.96262			6
2025.03.18	01:00:00.625	0.96154	0.96250			6
2025.03.18	01:00:00.929	0.96148	0.96247			6
2025.03.18	01:00:01.240	0.96142	0.96246			6
2025.03.18	01:00:01.545	0.96134	0.96238			6
2025.03.18	01:00:01.847		0.96233			4
2025.03.18	01:00:02.194	0.96137	0.96244			6
2025.03.18	01:00:02.528	0.96146	0.96253			6
2025.03.18	01:00:02.832	0.96147	0.96251			6
2025.03.18	01:00:03.744	0.96145				2
2025.03.18	01:00:04.652	0.96155	0.96233			6
2025.03.18	01:00:05.261		0.96223			4
2025.03.18	01:00:05.588	0.96152				2
2025.03.18	01:00:06.246		0.96233			4
2025.03.18	01:00:10.725		0.96228			4
2025.03.18	01:00:12.470	0.96162	0.96240			6
2025.03.18	01:00:12.828	0.96161	0.96231			6
2025.03.18	01:00:13.146	0.96164	0.96240			6
2025.03.18	01:00:13.466	0.96155	0.96238			6
2025.03.18	01:00:15.375	0.96153	0.96240			6
2025.03.18	01:00:21.188	0.96157	0.96225			6
2025.03.18	01:00:21.618	0.96162				2
2025.03.18	01:00:22.342		0.96226			4
2025.03.18	01:00:22.646		0.96224			4
2025.03.18	01:00:23.009		0.96226			4
2025.03.18	01:00:24.818		0.96227			4
2025.03.18	01:00:26.352	0.96164				2
2025.03.18	01:00:27.356	0.96156	0.96239			6
2025.03.18	01:00:28.665	0.96162				2
2025.03.18	01:00:33.353	0.96157	0.96238			6
2025.03.18	01:00:33.983	0.96162	0.96239			6
2025.03.18	01:00:34.298		0.96240			4
2025.03.18	01:00:34.635	0.96153				2
2025.03.18	01:00:34.944	0.96162				2
2025.03.18	01:00:35.353	0.96153	0.96233			6
2025.03.18	01:00:35.671	0.96162				2
2025.03.18	01:00:36.685	0.96152	0.96231			6
2025.03.18	01:00:37.021	0.96153	0.96230			6
2025.03.18	01:00:37.326	0.96157				2
2025.03.18	01:00:37.741	0.96158	0.96231			6
2025.03.18	01:00:38.156	0.96157				2
2025.03.18	01:00:38.459	0.96158				2
2025.03.18	01:00:39.204	0.96160	0.96224			6
2025.03.18	01:00:39.508	0.96162	0.96214			6
2025.03.18	01:00:41.530	0.96163				2
2025.03.18	01:00:41.944	0.96188				2
2025.03.18	01:00:42.245	0.96170				2
2025.03.18	01:00:44.194	0.96171	0.96215			6
2025.03.18	01:00:44.824	0.96169	0.96214			6
2025.03.18	01:00:47.803	0.96162				2
2025.03.18	01:00:48.361	0.96174				2
2025.03.18	01:00:52.005	0.96172				2
2025.03.18	01:00:52.407	0.96168				2
2025.03.18	01:00:53.892	0.96171				2
2025.03.18	01:00:54.904	0.96175				2
2025.03.18	01:00:55.793	0.96171				2
2025.03.18	01:01:00.316	0.96171				2
2025.03.18	01:01:08.699	0.96180	0.96219			6
2025.03.18	01:01:09.007		0.96214			4
2025.03.18	01:01:11.474	0.96174				2
2025.03.18	01:01:20.394	0.96169	0.96213			6
2025.03.18	01:01:21.096		0.96212			4
2025.03.18	01:01:23.058		0.96214			4
2025.03.18	01:01:35.265		0.96215			4
2025.03.18	01:01:36.394		0.96214			4
2025.03.18	01:01:40.370		0.96213			4
2025.03.18	01:01:41.391		0.96212			4
2025.03.18	01:01:45.363		0.96210			4
2025.03.18	01:01:47.363		0.96205			4
2025.03.18	01:01:48.092	0.96172				2
2025.03.18	01:01:59.398	0.96176	0.96209			6
2025.03.18	01:02:00.369	0.96174				2
2025.03.18	01:02:06.361	0.96175				2
2025.03.18	01:02:07.688	0.96178	0.96213			6
2025.03.18	01:02:10.361	0.96180				2
2025.03.18	01:02:50.534	0.96176	0.96210			6
2025.03.18	01:02:59.618	0.96178				2
2025.03.18	01:02:59.945	0.96177				2
2025.03.18	01:03:00.371	0.96181	0.96214			6
2025.03.18	01:03:01.139	0.96178	0.96213			6
2025.03.18	01:03:02.378	0.96179				2
2025.03.18	01:03:06.354	0.96180				2
2025.03.18	01:03:13.487		0.96212			4
2025.03.18	01:03:16.741	0.96179	0.96209			6
2025.03.18	01:03:18.069		0.96206			4
2025.03.18	01:03:18.975		0.96207			4
2025.03.18	01:03:24.712		0.96211			4
2025.03.18	01:03:50.380		0.96210			4
2025.03.18	01:04:00.395	0.96179				2
2025.03.18	01:04:05.482	0.96180				2
2025.03.18	01:04:08.733	0.96178				2
2025.03.18	01:04:18.007	0.96180				2
2025.03.18	01:04:27.301	0.96179				2
2025.03.18	01:04:41.643	0.96177	0.96208			6
2025.03.18	01:04:42.125	0.96178	0.96207			6
2025.03.18	01:04:54.694		0.96206			4
2025.03.18	01:04:55.874	0.96179				2
2025.03.18	01:05:00.394	0.96179				2
2025.03.18	01:05:10.599		0.96209			4
2025.03.18	01:05:16.331	0.96183				2
2025.03.18	01:05:24.005	0.96187	0.96214			6
2025.03.18	01:05:55.241	0.96192				2
2025.03.18	01:05:55.895	0.96185	0.96209			6
2025.03.18	01:06:00.366	0.96185				2
2025.03.18	01:06:09.395	0.96186				2
2025.03.18	01:06:12.929	0.96185				2
2025.03.18	01:06:16.549	0.96186	0.96210			6
2025.03.18	01:06:19.893	0.96185	0.96211			6
2025.03.18	01:06:21.559	0.96190	0.96210			6
2025.03.18	01:06:24.916		0.96211			4
2025.03.18	01:06:51.074		0.96210			4
2025.03.18	01:06:52.076	0.96187				2
2025.03.18	01:07:01.472	0.96187				2
2025.03.18	01:07:15.397		0.96212			4
2025.03.18	01:07:19.226	0.96183	0.96208			6
2025.03.18	01:07:20.381		0.96207			4
2025.03.18	01:07:21.994		0.96208			4
2025.03.18	01:07:34.294		0.96207			4
2025.03.18	01:07:44.517		0.96209			4
2025.03.18	01:07:45.731	0.96185	0.96210			6
2025.03.18	01:07:49.183	0.96192				2
2025.03.18	01:07:50.244	0.96185	0.96200			6
2025.03.18	01:07:50.595	0.96192	0.96210			6
2025.03.18	01:07:52.143	0.96185	0.96200			6
2025.03.18	01:07:52.609		0.96202			4
2025.03.18	01:07:55.818		0.96210			4
2025.03.18	01:08:00.397	0.96185				2
2025.03.18	01:08:03.482	0.96195	0.96213			6
2025.03.18	01:08:20.178	0.96194				2
2025.03.18	01:08:20.851		0.96212			4
2025.03.18	01:08:25.630	0.96193				2
2025.03.18	01:08:38.854		0.96213			4
2025.03.18	01:08:39.667	0.96190	0.96207			6
2025.03.18	01:08:45.093		0.96206			4
2025.03.18	01:09:00.698	0.96190				2
2025.03.18	01:09:25.682	0.96203	0.96211			6
2025.03.18	01:09:26.372		0.96212			4
2025.03.18	01:09:36.690		0.96211			4
2025.03.18	01:09:50.421	0.96205				2
2025.03.18	01:09:50.729	0.96207	0.96216			6
2025.03.18	01:09:51.671	0.96206				2
2025.03.18	01:09:54.313	0.96195	0.96214			6
2025.03.18	01:09:55.638	0.96194				2
2025.03.18	01:10:00.482	0.96193	0.96212			6
2025.03.18	01:10:04.006		0.96213			4
2025.03.18	01:10:20.596	0.96192				2
2025.03.18	01:10:23.699	0.96191	0.96210			6
2025.03.18	01:10:25.628	0.96190	0.96209			6
2025.03.18	01:10:28.599		0.96210			4
2025.03.18	01:10:30.859		0.96209			4
2025.03.18	01:10:35.494	0.96189	0.96210			6
2025.03.18	01:10:36.696		0.96211			4
2025.03.18	01:10:49.640		0.96212			4
2025.03.18	01:10:57.673	0.96190				2
2025.03.18	01:11:00.095	0.96190				2
2025.03.18	01:11:03.611	0.96189	0.96213			6
2025.03.18	01:11:04.895	0.96188				2
2025.03.18	01:11:06.473		0.96216			4
2025.03.18	01:11:10.895	0.96189				2
2025.03.18	01:11:18.711	0.96188				2
2025.03.18	01:11:26.194	0.96189				2
2025.03.18	01:11:28.199	0.96188				2
2025.03.18	01:11:33.069		0.96211			4
2025.03.18	01:12:00.595	0.96188				2
2025.03.18	01:12:04.735	0.96190	0.96213			6
2025.03.18	01:12:05.076	0.96189	0.96212			6
2025.03.18	01:12:28.573	0.96182	0.96205			6
2025.03.18	01:12:35.196	0.96181				2
2025.03.18	01:12:44.509		0.96206			4
2025.03.18	01:12:45.577		0.96207			4
2025.03.18	01:12:46.413	0.96179	0.96203			6
2025.03.18	01:12:46.732		0.96202			4
2025.03.18	01:12:49.808		0.96205			4
2025.03.18	01:12:50.625		0.96206			4
2025.03.18	01:12:59.592	0.96181	0.96205			6
2025.03.18	01:13:00.576	0.96179				2
2025.03.18	01:13:01.772	0.96180				2
2025.03.18	01:13:02.795		0.96202			4
2025.03.18	01:13:03.111	0.96178	0.96200			6
2025.03.18	01:13:12.901	0.96177				2
2025.03.18	01:13:14.570	0.96179	0.96204			6
2025.03.18	01:13:17.853	0.96180				2
2025.03.18	01:13:18.163	0.96183				2
2025.03.18	01:13:18.697	0.96182				2
2025.03.18	01:13:20.350	0.96181	0.96203			6
2025.03.18	01:13:20.800	0.96182	0.96204			6
2025.03.18	01:13:46.047	0.96185				2
2025.03.18	01:13:49.433	0.96181	0.96202			6
2025.03.18	01:14:00.094	0.96181				2
2025.03.18	01:14:00.440	0.96183	0.96204			6
2025.03.18	01:14:01.896	0.96184	0.96205			6
2025.03.18	01:14:22.595	0.96188	0.96208			6
2025.03.18	01:14:35.971		0.96207			4
2025.03.18	01:14:38.380	0.96186				2
2025.03.18	01:14:55.839	0.96184	0.96205			6
2025.03.18	01:14:57.696	0.96185	0.96206			6
2025.03.18	01:15:00.323	0.96184	0.96204			6
2025.03.18	01:15:01.072	0.96185	0.96206			6
2025.03.18	01:15:01.393	0.96186				2
2025.03.18	01:15:02.406		0.96207			4
2025.03.18	01:15:05.983	0.96187				2
2025.03.18	01:15:08.497	0.96190	0.96209			6
2025.03.18	01:15:18.846		0.96208			4
2025.03.18	01:15:19.932		0.96207			4
2025.03.18	01:15:20.595		0.96208			4
2025.03.18	01:15:26.438		0.96207			4
2025.03.18	01:15:27.894		0.96208			4
2025.03.18	01:15:32.520	0.96188	0.96206			6
2025.03.18	01:15:34.271	0.96190	0.96207			6
2025.03.18	01:15:34.895		0.96206			4
2025.03.18	01:15:36.326	0.96191	0.96207			6
2025.03.18	01:15:37.365		0.96208			4
2025.03.18	01:15:37.705		0.96206			4
2025.03.18	01:15:38.396		0.96207			4
2025.03.18	01:15:38.752		0.96206			4
2025.03.18	01:15:39.136		0.96209			4
2025.03.18	01:15:39.501		0.96208			4
2025.03.18	01:15:40.263		0.96207			4
2025.03.18	01:15:41.122		0.96206			4
2025.03.18	01:15:41.551		0.96207			4
2025.03.18	01:15:42.325		0.96209			4
2025.03.18	01:15:42.732		0.96208			4
2025.03.18	01:15:43.152		0.96206			4
2025.03.18	01:15:43.592		0.96207			4
2025.03.18	01:15:44.511		0.96208			4
2025.03.18	01:15:44.837		0.96209			4
2025.03.18	01:15:45.171		0.96208			4
2025.03.18	01:15:46.650		0.96207			4
2025.03.18	01:15:47.918		0.96208			4
2025.03.18	01:15:49.379	0.96186	0.96204			6
2025.03.18	01:15:54.294		0.96203			4
2025.03.18	01:16:00.365	0.96186	0.96204			6
2025.03.18	01:16:00.731	0.96185	0.96201			6
2025.03.18	01:16:01.336		0.96202			4
2025.03.18	01:16:01.678		0.96201			4
2025.03.18	01:16:05.047	0.96186	0.96202			6
2025.03.18	01:16:05.350	0.96185				2
2025.03.18	01:16:06.695		0.96203			4
2025.03.18	01:16:07.930	0.96186	0.96202			6
2025.03.18	01:16:10.320	0.96184				2
2025.03.18	01:16:10.896		0.96201			4
2025.03.18	01:16:12.547		0.96202			4
2025.03.18	01:16:13.805		0.96201			4
2025.03.18	01:16:14.374		0.96202			4
2025.03.18	01:16:14.766		0.96201			4
2025.03.18	01:16:15.754		0.96202			4
2025.03.18	01:16:17.727		0.96201			4
2025.03.18	01:16:19.585		0.96202			4
2025.03.18	01:16:26.500		0.96201			4
2025.03.18	01:16:29.652	0.96187	0.96203			6
2025.03.18	01:16:31.739	0.96194	0.96209			6
2025.03.18	01:16:32.104	0.96192				2
2025.03.18	01:16:32.500		0.96208			4
2025.03.18	01:16:35.541		0.96207			4
2025.03.18	01:16:36.370		0.96208			4
2025.03.18	01:16:39.294		0.96207			4
2025.03.18	01:16:40.268		0.96208			4
2025.03.18	01:16:41.314		0.96209			4
2025.03.18	01:16:42.094		0.96208			4
2025.03.18	01:16:42.846		0.96207			4
2025.03.18	01:16:44.901		0.96208			4
2025.03.18	01:16:45.943	0.96193				2
2025.03.18	01:16:46.295		0.96209			4
2025.03.18	01:16:54.097		0.96208			4
2025.03.18	01:16:54.501		0.96209			4
2025.03.18	01:16:56.420	0.96192				2
2025.03.18	01:16:56.902	0.96193				2
2025.03.18	01:17:02.025	0.96192				2
2025.03.18	01:17:02.795		0.96208			4
2025.03.18	01:17:05.063		0.96209			4
2025.03.18	01:17:09.299		0.96208			4
2025.03.18	01:17:10.241		0.96209			4
2025.03.18	01:17:15.394	0.96191	0.96207			6
2025.03.18	01:17:24.639	0.96192				2
2025.03.18	01:17:29.953		0.96208			4
2025.03.18	01:17:31.895		0.96207			4
2025.03.18	01:17:32.204		0.96208			4
2025.03.18	01:17:32.566		0.96207			4
2025.03.18	01:17:33.997	0.96190				2
2025.03.18	01:17:34.461		0.96206			4
2025.03.18	01:17:37.570		0.96207			4
2025.03.18	01:17:40.735	0.96191				2
2025.03.18	01:17:46.595		0.96206			4
2025.03.18	01:17:58.293		0.96205			4
2025.03.18	01:17:59.012		0.96206			4
2025.03.18	01:18:00.449	0.96191				2
2025.03.18	01:18:07.382	0.96190				2
2025.03.18	01:18:08.408		0.96205			4
2025.03.18	01:18:10.298		0.96206			4
2025.03.18	01:18:16.650		0.96205			4
2025.03.18	01:18:17.043		0.96206			4
2025.03.18	01:18:21.157	0.96191	0.96204			6
2025.03.18	01:18:21.475	0.96189				2
2025.03.18	01:18:22.913		0.96205			4
2025.03.18	01:18:24.004		0.96204			4
2025.03.18	01:18:26.167		0.96205			4
2025.03.18	01:18:27.201		0.96204			4
2025.03.18	01:18:36.373		0.96203			4
2025.03.18	01:18:38.381	0.96188				2
2025.03.18	01:18:40.423	0.96190	0.96204			6
2025.03.18	01:18:43.710	0.96189				2
2025.03.18	01:18:44.653		0.96203			4
2025.03.18	01:19:00.454	0.96189				2
2025.03.18	01:19:04.584	0.96190	0.96204			6
2025.03.18	01:19:08.770		0.96203			4
2025.03.18	01:19:09.395		0.96204			4
2025.03.18	01:19:10.377	0.96189	0.96203			6
2025.03.18	01:19:12.099		0.96204			4
2025.03.18	01:19:14.234		0.96202			4
2025.03.18	01:19:15.419		0.96203			4
2025.03.18	01:19:18.510	0.96190	0.96204			6
2025.03.18	01:19:25.596		0.96202			4
2025.03.18	01:19:25.926		0.96203			4
2025.03.18	01:19:26.773		0.96204			4
2025.03.18	01:19:28.890		0.96203			4
2025.03.18	01:19:29.795		0.96204			4
2025.03.18	01:19:30.965		0.96203			4
2025.03.18	01:19:31.894		0.96204			4
2025.03.18	01:19:32.795		0.96203			4
2025.03.18	01:19:34.075		0.96204			4
2025.03.18	01:19:35.114		0.96203			4
2025.03.18	01:19:36.695		0.96204			4
2025.03.18	01:19:40.295		0.96203			4
2025.03.18	01:19:41.197		0.96204			4
2025.03.18	01:19:41.640		0.96203			4
2025.03.18	01:19:41.950		0.96204			4
2025.03.18	01:19:43.512		0.96203			4
2025.03.18	01:19:43.830		0.96204			4
2025.03.18	01:19:44.494		0.96203			4
2025.03.18	01:19:48.382	0.96188				2
2025.03.18	01:19:55.702		0.96202			4
2025.03.18	01:19:56.499		0.96203			4
2025.03.18	01:19:58.012		0.96202			4
2025.03.18	01:19:58.347		0.96203			4
2025.03.18	01:19:59.112		0.96202			4
2025.03.18	01:20:00.273	0.96188	0.96203			6
2025.03.18	01:20:03.670	0.96194	0.96209			6
2025.03.18	01:20:03.998	0.96197	0.96211			6
2025.03.18	01:20:04.318		0.96210			4
2025.03.18	01:20:10.367		0.96211			4
2025.03.18	01:20:11.495	0.96195	0.96209			6
2025.03.18	01:20:16.937		0.96210			4
2025.03.18	01:20:18.696		0.96209			4
2025.03.18	01:20:19.158		0.96210			4
2025.03.18	01:20:26.559		0.96209			4
2025.03.18	01:20:26.961		0.96210			4
2025.03.18	01:20:28.899		0.96209			4
2025.03.18	01:20:32.193		0.96208			4
2025.03.18	01:20:34.438		0.96207			4
2025.03.18	01:20:34.894		0.96208			4
2025.03.18	01:20:35.946	0.96196				2
2025.03.18	01:20:37.133		0.96207			4
2025.03.18	01:20:40.222	0.96191	0.96205			6
2025.03.18	01:20:41.806		0.96204			4
2025.03.18	01:20:45.921		0.96206			4
2025.03.18	01:20:47.002	0.96193	0.96208			6
2025.03.18	01:20:49.618		0.96207			4
2025.03.18	01:20:53.224		0.96208			4
2025.03.18	01:20:55.215	0.96192	0.96206			6
2025.03.18	01:20:56.194	0.96193				2
2025.03.18	01:20:56.506		0.96205			4
2025.03.18	01:21:00.440	0.96193				2
2025.03.18	01:21:01.865		0.96206			4
2025.03.18	01:21:05.717	0.96198	0.96210			6
2025.03.18	01:21:06.095		0.96211			4
2025.03.18	01:21:08.606	0.96197	0.96209			6
2025.03.18	01:21:09.626	0.96195				2
2025.03.18	01:21:18.298	0.96197	0.96211			6
2025.03.18	01:21:19.342		0.96210			4
2025.03.18	01:21:30.396	0.96196	0.96209			6
2025.03.18	01:21:30.779		0.96210			4
2025.03.18	01:21:33.681		0.96209			4
2025.03.18	01:21:34.078	0.96194	0.96208			6
2025.03.18	01:21:35.495		0.96207			4
2025.03.18	01:21:36.370		0.96208			4
2025.03.18	01:21:53.807	0.96195				2
2025.03.18	01:22:00.061	0.96195	0.96207			6
2025.03.18	01:22:01.443		0.96208			4
2025.03.18	01:22:05.988		0.96207			4
2025.03.18	01:22:20.596	0.96194				2
2025.03.18	01:22:22.814	0.96196	0.96208			6
2025.03.18	01:22:25.375	0.96195	0.96209			6
2025.03.18	01:22:26.470		0.96208			4
2025.03.18	01:22:29.540	0.96194	0.96207			6
2025.03.18	01:22:30.464	0.96195	0.96208			6
2025.03.18	01:22:33.997	0.96194	0.96207			6
2025.03.18	01:22:35.208	0.96195	0.96208			6
2025.03.18	01:22:35.689	0.96194	0.96207			6
2025.03.18	01:22:55.702	0.96195	0.96208			6
2025.03.18	01:22:56.078	0.96194				2
2025.03.18	01:22:57.132	0.96195				2
2025.03.18	01:22:57.694	0.96194	0.96207			6
2025.03.18	01:23:00.465	0.96194				2
2025.03.18	01:23:02.700		0.96206			4
2025.03.18	01:23:04.229	0.96195	0.96207			6
2025.03.18	01:23:06.649	0.96194				2
2025.03.18	01:23:07.042	0.96193	0.96206			6
2025.03.18	01:23:08.997	0.96194	0.96207			6
2025.03.18	01:23:10.519	0.96195				2
2025.03.18	01:23:19.070	0.96194				2
2025.03.18	01:23:19.402	0.96193	0.96206			6
2025.03.18	01:23:19.761	0.96194	0.96207			6
2025.03.18	01:23:50.408	0.96195	0.96208			6
2025.03.18	01:23:52.283	0.96196				2
2025.03.18	01:24:00.448	0.96196				2
2025.03.18	01:24:01.294		0.96209			4
2025.03.18	01:24:03.932	0.96195	0.96208			6
2025.03.18	01:24:04.277		0.96209			4
2025.03.18	01:24:06.382		0.96208			4
2025.03.18	01:24:07.594	0.96196	0.96209			6
2025.03.18	01:24:08.378	0.96195				2
2025.03.18	01:24:10.381	0.96196				2
2025.03.18	01:24:13.377		0.96208			4
2025.03.18	01:24:14.495		0.96209			4
2025.03.18	01:24:15.378		0.96208			4
2025.03.18	01:24:16.895		0.96209			4
2025.03.18	01:24:23.302		0.96208			4
2025.03.18	01:24:24.093		0.96209			4
2025.03.18	01:24:25.377		0.96208			4
2025.03.18	01:24:26.193		0.96209			4
2025.03.18	01:24:27.383		0.96208			4
2025.03.18	01:24:45.724	0.96197	0.96209			6
2025.03.18	01:24:46.670	0.96198	0.96210			6
2025.03.18	01:24:46.985	0.96197				2
2025.03.18	01:24:47.287	0.96198				2
2025.03.18	01:24:47.649	0.96197				2
2025.03.18	01:24:53.569	0.96198				2
2025.03.18	01:25:03.096	0.96198				2
2025.03.18	01:25:04.351	0.96197	0.96208			6
2025.03.18	01:25:05.509		0.96210			4
2025.03.18	01:25:10.671		0.96209			4
2025.03.18	01:25:23.494	0.96200	0.96212			6
2025.03.18	01:25:39.308	0.96198	0.96208			6
2025.03.18	01:25:47.235	0.96196	0.96207			6
2025.03.18	01:26:00.455	0.96195				2
2025.03.18	01:26:06.934		0.96208			4
2025.03.18	01:26:07.593		0.96207			4
2025.03.18	01:26:09.968		0.96208			4
2025.03.18	01:26:10.292		0.96207			4
2025.03.18	01:26:12.961		0.96208			4
2025.03.18	01:26:13.722		0.96207			4
2025.03.18	01:26:20.719		0.96208			4
2025.03.18	01:26:25.895		0.96207			4
2025.03.18	01:26:38.195	0.96197	0.96208			6
2025.03.18	01:26:38.509	0.96196				2
2025.03.18	01:27:00.395	0.96196				2
2025.03.18	01:27:00.759	0.96195				2
2025.03.18	01:27:22.378	0.96198	0.96210			6
2025.03.18	01:27:23.194		0.96209			4
2025.03.18	01:27:38.232	0.96197				2
2025.03.18	01:27:39.677	0.96195	0.96208			6
2025.03.18	01:27:43.733	0.96196				2
2025.03.18	01:27:44.322	0.96193	0.96206			6
2025.03.18	01:27:45.979	0.96194				2
2025.03.18	01:27:56.809	0.96196	0.96208			6
2025.03.18	01:27:58.387		0.96209			4
2025.03.18	01:27:59.795	0.96195	0.96208			6
2025.03.18	01:28:00.476	0.96195				2
2025.03.18	01:28:12.139	0.96197	0.96210			6
2025.03.18	01:28:20.952		0.96211			4
2025.03.18	01:28:24.995		0.96210			4
2025.03.18	01:28:26.133		0.96211			4
2025.03.18	01:28:31.648	0.96198				2
2025.03.18	01:28:37.294		0.96210			4
2025.03.18	01:28:57.567	0.96196	0.96209			6
2025.03.18	01:29:01.594	0.96196				2
2025.03.18	01:29:03.401	0.96202	0.96215			6
2025.03.18	01:29:03.705	0.96203				2
2025.03.18	01:29:05.036	0.96200	0.96213			6
2025.03.18	01:29:20.730	0.96199	0.96212			6
2025.03.18	01:29:21.254		0.96213			4
2025.03.18	01:29:22.719		0.96212			4
2025.03.18	01:29:40.537		0.96211			4
2025.03.18	01:29:50.304	0.96198				2
2025.03.18	01:30:00.311	0.96200				2
2025.03.18	01:30:02.180	0.96202	0.96210			6
2025.03.18	01:30:03.698	0.96201	0.96209			6
2025.03.18	01:30:04.306	0.96200	0.96212			6
2025.03.18	01:30:05.134	0.96201				2
2025.03.18	01:30:06.436	0.96200				2
2025.03.18	01:30:11.160	0.96203	0.96215			6
2025.03.18	01:30:11.525	0.96202				2
2025.03.18	01:30:14.777		0.96214			4
2025.03.18	01:30:16.896		0.96215			4
2025.03.18	01:30:17.201	0.96206	0.96219			6
2025.03.18	01:30:21.440	0.96207				2
2025.03.18	01:30:22.354		0.96220			4
2025.03.18	01:30:23.978		0.96219			4
2025.03.18	01:30:24.294	0.96214	0.96227			6
2025.03.18	01:30:37.976	0.96217	0.96228			6
2025.03.18	01:30:41.758	0.96219	0.96231			6
2025.03.18	01:30:51.493		0.96230			4
2025.03.18	01:30:57.619	0.96215	0.96226			6
2025.03.18	01:31:00.445	0.96215				2
2025.03.18	01:31:02.524		0.96225			4
2025.03.18	01:31:02.884	0.96214				2
2025.03.18	01:31:03.814		0.96226			4
2025.03.18	01:31:07.294	0.96212	0.96225			6
2025.03.18	01:31:08.186		0.96224			4
2025.03.18	01:31:14.818	0.96213				2
2025.03.18	01:31:16.895		0.96225			4
2025.03.18	01:31:17.758		0.96226			4
2025.03.18	01:31:19.295	0.96217	0.96230			6
2025.03.18	01:31:19.651	0.96219				2
2025.03.18	01:31:22.048	0.96217				2
2025.03.18	01:31:24.577	0.96218				2
2025.03.18	01:31:31.932		0.96231			4
2025.03.18	01:31:33.546		0.96230			4
2025.03.18	01:31:41.826		0.96231			4
2025.03.18	01:31:45.420	0.96219				2
2025.03.18	01:31:46.328	0.96221	0.96233			6
2025.03.18	01:31:48.356		0.96232			4
2025.03.18	01:31:52.597		0.96233			4
2025.03.18	01:31:58.075	0.96220	0.96230			6
2025.03.18	01:32:00.995	0.96220				2
2025.03.18	01:32:03.095		0.96231			4
2025.03.18	01:32:05.529		0.96230			4
2025.03.18	01:32:05.862	0.96219	0.96232			6
2025.03.18	01:32:07.594		0.96231			4
2025.03.18	01:32:08.890		0.96232			4
2025.03.18	01:32:10.758		0.96231			4
2025.03.18	01:32:15.367	0.96220	0.96232			6
2025.03.18	01:32:16.789	0.96222	0.96234			6
2025.03.18	01:32:17.107		0.96235			4
2025.03.18	01:32:18.361	0.96224	0.96237			6
2025.03.18	01:32:19.489	0.96225				2
2025.03.18	01:32:30.395		0.96236			4
2025.03.18	01:32:31.926		0.96237			4
2025.03.18	01:32:58.226		0.96236			4
2025.03.18	01:33:00.947	0.96225	0.96237			6
2025.03.18	01:33:03.211		0.96238			4
2025.03.18	01:33:23.461	0.96226	0.96240			6
2025.03.18	01:33:24.832	0.96227	0.96239			6
2025.03.18	01:33:28.889	0.96229				2
2025.03.18	01:33:29.215	0.96227	0.96233			6
2025.03.18	01:33:29.994	0.96229	0.96239			6
2025.03.18	01:33:30.507	0.96227	0.96235			6
2025.03.18	01:33:30.814	0.96231	0.96239			6
2025.03.18	01:33:31.171	0.96227	0.96236			6
2025.03.18	01:33:32.225	0.96231	0.96239			6
2025.03.18	01:33:32.652	0.96227	0.96238			6
2025.03.18	01:33:35.189		0.96239			4
2025.03.18	01:33:36.636		0.96240			4
2025.03.18	01:33:37.894		0.96239			4
2025.03.18	01:33:40.014	0.96230	0.96242			6
2025.03.18	01:33:41.238	0.96229				2
2025.03.18	01:33:42.852		0.96243			4
2025.03.18	01:33:44.495		0.96242			4
2025.03.18	01:34:00.886	0.96229	0.96240			6
2025.03.18	01:34:04.007		0.96242			4
2025.03.18	01:34:05.809		0.96240			4
2025.03.18	01:34:16.527		0.96242			4
2025.03.18	01:34:21.460	0.96234	0.96246			6
2025.03.18	01:34:36.374	0.96233	0.96245			6
2025.03.18	01:34:36.873		0.96244			4
2025.03.18	01:34:49.014		0.96246			4
2025.03.18	01:35:00.133	0.96233				2
2025.03.18	01:35:13.600	0.96234				2
2025.03.18	01:35:22.753	0.96235	0.96247			6
2025.03.18	01:35:23.794		0.96246			4
2025.03.18	01:35:25.594		0.96247			4
2025.03.18	01:35:34.757	0.96234	0.96246			6
2025.03.18	01:35:35.061	0.96233	0.96244			6
2025.03.18	01:35:43.437	0.96237	0.96248			6
2025.03.18	01:35:53.316	0.96234	0.96246			6
2025.03.18	01:35:53.967	0.96235	0.96247			6
2025.03.18	01:36:00.041	0.96235				2
2025.03.18	01:36:17.117	0.96238	0.96248			6
2025.03.18	01:36:17.433	0.96236				2
2025.03.18	01:36:20.363		0.96247			4
2025.03.18	01:36:22.855	0.96239	0.96251			6
2025.03.18	01:36:24.309		0.96252			4
2025.03.18	01:36:26.157		0.96250			4
2025.03.18	01:36:28.224		0.96251			4
2025.03.18	01:36:30.866	0.96242	0.96252			6
2025.03.18	01:36:34.774	0.96241				2
2025.03.18	01:36:38.194		0.96251			4
2025.03.18	01:36:38.538	0.96239	0.96250			6
2025.03.18	01:36:44.921		0.96251			4
2025.03.18	01:37:00.480	0.96239				2
2025.03.18	01:37:09.784		0.96250			4
2025.03.18	01:37:12.095		0.96251			4
2025.03.18	01:37:18.356	0.96240				2
2025.03.18	01:37:32.193		0.96252			4
2025.03.18	01:37:33.286	0.96241				2
2025.03.18	01:38:00.509	0.96241				2
2025.03.18	01:38:06.909	0.96238	0.96250			6
2025.03.18	01:38:08.811		0.96249			4
2025.03.18	01:38:24.968	0.96239	0.96251			6
2025.03.18	01:38:28.870	0.96240	0.96252			6
2025.03.18	01:38:32.063		0.96251			4
2025.03.18	01:38:40.415	0.96239				2
2025.03.18	01:38:51.477	0.96240				2
2025.03.18	01:38:56.074		0.96250			4
2025.03.18	01:38:56.389	0.96239				2
2025.03.18	01:38:57.521	0.96237				2
2025.03.18	01:38:58.874	0.96239				2
2025.03.18	01:38:59.207	0.96238				2
2025.03.18	01:39:00.096	0.96239				2
2025.03.18	01:39:00.994	0.96238				2
2025.03.18	01:39:01.398	0.96239				2
2025.03.18	01:39:08.708	0.96240				2
2025.03.18	01:39:09.117	0.96239				2
2025.03.18	01:39:10.295	0.96238				2
2025.03.18	01:39:10.692	0.96240				2
2025.03.18	01:39:11.335	0.96238				2
2025.03.18	01:39:12.021	0.96242	0.96253			6
2025.03.18	01:39:12.397		0.96254			4
2025.03.18	01:39:13.676		0.96253			4
2025.03.18	01:40:01.047	0.96242				2
2025.03.18	01:40:14.456		0.96253			4
2025.03.18	01:40:30.995	0.96240				2
2025.03.18	01:40:32.863		0.96252			4
2025.03.18	01:40:34.928	0.96241				2
2025.03.18	01:40:35.245	0.96238	0.96249			6
2025.03.18	01:40:35.552		0.96250			4
2025.03.18	01:41:00.601	0.96238				2
2025.03.18	01:41:06.112	0.96239				2
2025.03.18	01:41:13.997	0.96241	0.96253			6
2025.03.18	01:41:39.999	0.96239	0.96252			6
2025.03.18	01:41:45.042	0.96241	0.96253			6
2025.03.18	01:41:53.309	0.96242				2
2025.03.18	01:42:00.817	0.96242				2
2025.03.18	01:42:02.269		0.96256			4
2025.03.18	01:42:04.360		0.96255			4
2025.03.18	01:42:05.794		0.96254			4
2025.03.18	01:42:12.630	0.96241				2
2025.03.18	01:42:14.496	0.96242				2
2025.03.18	01:42:37.294	0.96241				2
2025.03.18	01:42:39.096	0.96242				2
2025.03.18	01:42:47.803	0.96241				2
2025.03.18	01:43:00.329	0.96241	0.96255			6
2025.03.18	01:43:10.593		0.96254			4
2025.03.18	01:43:12.698		0.96255			4
2025.03.18	01:43:15.029		0.96254			4
2025.03.18	01:43:39.137	0.96240	0.96253			6
2025.03.18	01:43:39.470	0.96243	0.96255			6
2025.03.18	01:43:40.323	0.96241	0.96254			6
2025.03.18	01:44:00.198	0.96241				2
2025.03.18	01:44:06.696		0.96255			4
2025.03.18	01:44:11.794		0.96254			4
2025.03.18	01:44:34.887	0.96242	0.96255			6
2025.03.18	01:44:35.215		0.96254			4
2025.03.18	01:44:48.861	0.96241				2
2025.03.18	01:44:50.140	0.96242				2
2025.03.18	01:44:51.625	0.96243				2
2025.03.18	01:44:56.203	0.96242				2
2025.03.18	01:45:00.374	0.96237	0.96249			6
2025.03.18	01:45:01.003	0.96236				2
2025.03.18	01:45:23.494	0.96235				2
2025.03.18	01:45:23.888		0.96250			4
2025.03.18	01:45:25.347	0.96236				2
2025.03.18	01:45:42.511	0.96238				2
2025.03.18	01:45:50.375		0.96251			4
2025.03.18	01:45:52.296		0.96250			4
2025.03.18	01:45:53.792	0.96239				2
2025.03.18	01:45:57.419	0.96236	0.96247			6
2025.03.18	01:46:00.339	0.96236				2
2025.03.18	01:46:05.454		0.96244			4
2025.03.18	01:46:16.699	0.96237	0.96245			6
2025.03.18	01:46:17.425	0.96235				2
2025.03.18	01:46:31.376		0.96246			4
2025.03.18	01:46:45.617		0.96245			4
2025.03.18	01:47:00.251	0.96235				2
2025.03.18	01:47:05.389	0.96236	0.96247			6
2025.03.18	01:47:27.684		0.96248			4
2025.03.18	01:47:39.878		0.96250			4
2025.03.18	01:47:40.238	0.96235	0.96246			6
2025.03.18	01:47:40.759	0.96234				2
2025.03.18	01:47:42.501	0.96236	0.96248			6
2025.03.18	01:47:42.807	0.96235				2
2025.03.18	01:47:46.293	0.96236				2
2025.03.18	01:47:46.782	0.96235				2
2025.03.18	01:47:48.364		0.96247			4
2025.03.18	01:47:55.724	0.96239	0.96250			6
2025.03.18	01:47:58.593	0.96238				2
2025.03.18	01:48:00.198	0.96238				2
2025.03.18	01:48:03.170	0.96237	0.96249			6
2025.03.18	01:48:06.366		0.96248			4
2025.03.18	01:48:14.976	0.96236				2
2025.03.18	01:48:20.791	0.96237				2
2025.03.18	01:48:21.187	0.96236				2
2025.03.18	01:48:21.513	0.96237				2
2025.03.18	01:48:29.454	0.96236				2
2025.03.18	01:48:36.177		0.96247			4
2025.03.18	01:48:43.265	0.96237	0.96248			6
2025.03.18	01:48:44.412		0.96249			4
2025.03.18	01:48:45.625	0.96235	0.96246			6
2025.03.18	01:48:54.631	0.96234				2
2025.03.18	01:48:55.894	0.96235				2
2025.03.18	01:49:00.380	0.96235				2
2025.03.18	01:49:13.295	0.96234				2
2025.03.18	01:49:31.604		0.96245			4
2025.03.18	01:49:33.969		0.96246			4
2025.03.18	01:49:36.994	0.96235				2
2025.03.18	01:49:47.339		0.96245			4
2025.03.18	01:49:49.594	0.96234				2
2025.03.18	01:49:50.093		0.96246			4
2025.03.18	01:50:00.597	0.96234				2
2025.03.18	01:50:06.595	0.96235	0.96248			6
2025.03.18	01:50:07.153	0.96236				2
2025.03.18	01:50:10.962	0.96235	0.96247			6
2025.03.18	01:50:17.035		0.96248			4
2025.03.18	01:50:18.872	0.96236				2
2025.03.18	01:50:21.804	0.96237	0.96249			6
2025.03.18	01:50:23.957		0.96248			4
2025.03.18	01:50:25.201	0.96236				2
2025.03.18	01:50:30.421		0.96249			4
2025.03.18	01:50:50.226	0.96237	0.96250			6
2025.03.18	01:51:00.374	0.96237				2
2025.03.18	01:51:02.357	0.96234	0.96248			6
2025.03.18	01:51:10.884	0.96236	0.96247			6
2025.03.18	01:51:12.694		0.96248			4
2025.03.18	01:51:21.095		0.96249			4
2025.03.18	01:51:23.195		0.96248			4
2025.03.18	01:52:00.113	0.96236				2
2025.03.18	01:52:10.597		0.96249			4
2025.03.18	01:52:11.297	0.96237				2
2025.03.18	01:52:17.494		0.96250			4
2025.03.18	01:52:19.895	0.96238				2
2025.03.18	01:52:50.408	0.96239	0.96251			6
2025.03.18	01:53:01.392	0.96239				2
2025.03.18	01:53:04.490	0.96238	0.96250			6
2025.03.18	01:53:37.254	0.96235	0.96247			6
2025.03.18	01:53:37.593	0.96234				2
2025.03.18	01:53:41.366	0.96235				2
2025.03.18	01:53:43.409		0.96248			4
2025.03.18	01:54:00.595	0.96235				2
2025.03.18	01:54:14.777	0.96233	0.96244			6
2025.03.18	01:54:17.371		0.96247			4
2025.03.18	01:54:18.095		0.96244			4
2025.03.18	01:54:21.704	0.96232				2
2025.03.18	01:54:22.895	0.96233				2
2025.03.18	01:54:30.821		0.96245			4
2025.03.18	01:54:31.271		0.96244			4
2025.03.18	01:55:00.419	0.96233				2
2025.03.18	01:55:21.450	0.96226	0.96233			6
2025.03.18	01:56:00.486	0.96226				2
2025.03.18	01:56:07.437	0.96223				2
2025.03.18	01:56:21.501		0.96233			4
2025.03.18	01:56:22.228	0.96225				2
2025.03.18	01:56:31.222	0.96219	0.96231			6
2025.03.18	01:56:31.895	0.96220	0.96232			6
2025.03.18	01:56:39.587	0.96221				2
2025.03.18	01:56:46.309	0.96220				2
2025.03.18	01:56:47.507	0.96221				2
2025.03.18	01:57:00.159	0.96221				2
2025.03.18	01:57:26.170	0.96220				2
2025.03.18	01:57:32.591		0.96232			4
2025.03.18	01:57:39.705	0.96221				2
2025.03.18	01:57:42.673	0.96220				2
2025.03.18	01:57:50.484	0.96219				2
2025.03.18	01:57:59.368	0.96220				2
2025.03.18	01:58:00.400	0.96220				2
2025.03.18	01:58:12.971	0.96223	0.96233			6
2025.03.18	01:58:42.624	0.96224				2
2025.03.18	01:58:42.981	0.96222				2
2025.03.18	01:58:46.076	0.96223				2
2025.03.18	01:59:01.562	0.96223				2
2025.03.18	01:59:13.424	0.96224	0.96233			6
2025.03.18	01:59:24.024	0.96225				2
2025.03.18	01:59:24.696	0.96222				2
2025.03.18	01:59:25.338	0.96221	0.96232			6
2025.03.18	01:59:26.260	0.96223	0.96233			6
2025.03.18	01:59:27.707	0.96225				2
2025.03.18	01:59:28.395	0.96223				2
2025.03.18	01:59:28.785	0.96225				2
2025.03.18	01:59:29.258	0.96223	0.96232			6
2025.03.18	01:59:29.646	0.96225	0.96233			6
2025.03.18	01:59:29.951	0.96223	0.96232			6
2025.03.18	01:59:30.313	0.96225	0.96233			6
2025.03.18	01:59:30.640	0.96223				2
2025.03.18	01:59:38.905	0.96220	0.96232			6
2025.03.18	01:59:40.213		0.96231			4
2025.03.18	01:59:40.654	0.96215	0.96227			6
2025.03.18	01:59:42.788	0.96217	0.96229			6
2025.03.18	01:59:44.276		0.96228			4
2025.03.18	01:59:44.796		0.96229			4
2025.03.18	01:59:47.060	0.96220	0.96231			6
2025.03.18	01:59:47.513	0.96221				2
2025.03.18	01:59:48.422		0.96229			4
2025.03.18	01:59:54.202	0.96219	0.96230			6
2025.03.18	01:59:54.650		0.96229			4
2025.03.18	02:00:00.378	0.96218				2
2025.03.18	02:00:00.686	0.96217				2
2025.03.18	02:00:01.045	0.96220	0.96230			6
2025.03.18	02:00:02.415	0.96224	0.96235			6
2025.03.18	02:00:03.462	0.96227	0.96238			6
2025.03.18	02:00:03.764	0.96230	0.96241			6
2025.03.18	02:00:04.071	0.96229	0.96240			6
2025.03.18	02:00:04.384		0.96239			4
2025.03.18	02:00:04.687	0.96230	0.96240			6
2025.03.18	02:00:05.501		0.96241			4
2025.03.18	02:00:06.454		0.96240			4
2025.03.18	02:00:11.866	0.96234	0.96243			6
2025.03.18	02:00:13.474		0.96242			4
2025.03.18	02:00:14.147	0.96232				2
2025.03.18	02:00:15.619	0.96235	0.96243			6
2025.03.18	02:00:15.925		0.96246			4
2025.03.18	02:00:16.371		0.96245			4
2025.03.18	02:00:33.250	0.96233	0.96242			6
2025.03.18	02:00:33.553		0.96243			4
2025.03.18	02:00:36.368	0.96236	0.96247			6
2025.03.18	02:00:42.831		0.96246			4
2025.03.18	02:00:48.058		0.96247			4
2025.03.18	02:00:48.405	0.96237				2
2025.03.18	02:00:49.118		0.96248			4
2025.03.18	02:00:51.518	0.96236	0.96246			6
2025.03.18	02:00:54.412	0.96235	0.96245			6
2025.03.18	02:00:54.757		0.96246			4
2025.03.18	02:01:02.410	0.96236	0.96247			6
2025.03.18	02:01:03.432	0.96235				2
2025.03.18	02:01:11.169	0.96234	0.96246			6
2025.03.18	02:01:12.535	0.96233	0.96243			6
2025.03.18	02:01:18.289	0.96230	0.96240			6
2025.03.18	02:01:18.608	0.96229	0.96238			6
2025.03.18	02:01:36.566	0.96227	0.96237			6
2025.03.18	02:01:36.966		0.96238			4
2025.03.18	02:01:42.788	0.96226	0.96237			6
2025.03.18	02:01:43.517	0.96227				2
2025.03.18	02:01:44.500	0.96226				2
2025.03.18	02:01:46.166	0.96227				2
2025.03.18	02:01:46.896		0.96238			4
2025.03.18	02:01:54.396	0.96226	0.96237			6
2025.03.18	02:01:58.342	0.96225				2
2025.03.18	02:02:02.456	0.96225				2
2025.03.18	02:02:05.466		0.96236			4
2025.03.18	02:02:15.842	0.96222	0.96234			6
2025.03.18	02:02:16.886		0.96232			4
2025.03.18	02:02:19.933	0.96220				2
2025.03.18	02:02:22.847	0.96222				2
2025.03.18	02:02:25.779		0.96233			4
2025.03.18	02:02:26.083		0.96231			4
2025.03.18	02:02:31.990		0.96232			4
2025.03.18	02:02:34.294		0.96233			4
2025.03.18	02:02:41.794		0.96232			4
2025.03.18	02:02:51.709	0.96223				2
2025.03.18	02:02:57.433		0.96234			4
2025.03.18	02:03:00.535	0.96223				2
2025.03.18	02:03:24.878		0.96235			4
2025.03.18	02:03:30.751	0.96222	0.96234			6
2025.03.18	02:03:39.660		0.96233			4
2025.03.18	02:03:51.999	0.96219	0.96230			6
2025.03.18	02:04:00.471	0.96219				2
2025.03.18	02:04:03.979	0.96226	0.96237			6
2025.03.18	02:04:04.895		0.96238			4
2025.03.18	02:04:06.332	0.96225	0.96237			6
2025.03.18	02:04:08.393	0.96226	0.96238			6
2025.03.18	02:04:09.454	0.96225	0.96237			6
2025.03.18	02:04:09.786	0.96226	0.96238			6
2025.03.18	02:04:12.494	0.96217	0.96230			6
2025.03.18	02:04:13.578	0.96216	0.96229			6
2025.03.18	02:04:18.310	0.96219	0.96231			6
2025.03.18	02:04:20.432	0.96216	0.96229			6
2025.03.18	02:04:23.868	0.96218	0.96232			6
2025.03.18	02:04:29.935	0.96217	0.96231			6
2025.03.18	02:04:37.967	0.96216	0.96229			6
2025.03.18	02:04:42.350	0.96218	0.96230			6
2025.03.18	02:04:44.504	0.96216	0.96229			6
2025.03.18	02:04:50.601		0.96228			4
2025.03.18	02:04:56.444	0.96215				2
2025.03.18	02:05:01.437	0.96215				2
2025.03.18	02:05:02.485	0.96216				2
2025.03.18	02:05:04.124	0.96215	0.96227			6
2025.03.18	02:05:04.435	0.96216	0.96228			6
2025.03.18	02:05:05.378		0.96227			4
2025.03.18	02:05:07.109		0.96229			4
2025.03.18	02:05:08.128	0.96219	0.96230			6
2025.03.18	02:05:10.581	0.96216	0.96229			6
2025.03.18	02:05:12.396	0.96215				2
2025.03.18	02:05:20.671	0.96216	0.96230			6
2025.03.18	02:05:20.985	0.96215	0.96229			6
2025.03.18	02:05:21.595	0.96217				2
2025.03.18	02:05:21.937	0.96215	0.96227			6
2025.03.18	02:05:23.374	0.96216	0.96229			6
2025.03.18	02:05:24.532		0.96228			4
2025.03.18	02:05:25.163	0.96215				2
2025.03.18	02:05:41.055	0.96214	0.96227			6
2025.03.18	02:05:47.692	0.96213	0.96226			6
2025.03.18	02:05:51.928	0.96214	0.96227			6
2025.03.18	02:05:57.641	0.96215	0.96228			6
2025.03.18	02:06:00.848	0.96215				2
2025.03.18	02:06:01.935	0.96213	0.96226			6
2025.03.18	02:06:02.392	0.96215	0.96229			6
2025.03.18	02:06:11.442	0.96217				2
2025.03.18	02:06:13.304	0.96218	0.96230			6
2025.03.18	02:06:14.294	0.96219	0.96231			6
2025.03.18	02:06:15.786	0.96220	0.96232			6
2025.03.18	02:06:27.705	0.96219				2
2025.03.18	02:06:29.862	0.96216	0.96230			6
2025.03.18	02:07:00.395	0.96218	0.96232			6
2025.03.18	02:07:01.733	0.96217				2
2025.03.18	02:07:02.467		0.96230			4
2025.03.18	02:07:03.573	0.96216				2
2025.03.18	02:07:04.012	0.96214	0.96227			6
2025.03.18	02:07:04.372	0.96215				2
2025.03.18	02:07:16.920	0.96216				2
2025.03.18	02:07:21.356	0.96215				2
2025.03.18	02:07:25.073	0.96214	0.96228			6
2025.03.18	02:07:26.409	0.96215				2
2025.03.18	02:07:44.166	0.96217	0.96229			6
2025.03.18	02:07:46.866	0.96215	0.96228			6
2025.03.18	02:07:53.079	0.96214				2
2025.03.18	02:07:53.496	0.96216				2
2025.03.18	02:07:56.258	0.96215				2
2025.03.18	02:07:56.660	0.96214				2
2025.03.18	02:07:57.096	0.96215				2
2025.03.18	02:07:57.912	0.96214				2
2025.03.18	02:08:00.394	0.96215				2
2025.03.18	02:08:00.965	0.96214				2
2025.03.18	02:08:02.503	0.96216				2
2025.03.18	02:08:02.816	0.96215				2
2025.03.18	02:08:07.314		0.96229			4
2025.03.18	02:08:08.448	0.96216				2
2025.03.18	02:08:24.907		0.96228			4
2025.03.18	02:08:36.241		0.96229			4
2025.03.18	02:08:36.635		0.96230			4
2025.03.18	02:08:47.195	0.96217				2
2025.03.18	02:08:52.764		0.96232			4
2025.03.18	02:09:00.395	0.96217	0.96230			6
2025.03.18	02:09:02.787		0.96231			4
2025.03.18	02:09:05.384		0.96229			4
2025.03.18	02:09:09.475		0.96231			4
2025.03.18	02:09:17.258	0.96215	0.96228			6
2025.03.18	02:09:18.352	0.96216				2
2025.03.18	02:09:18.672		0.96229			4
2025.03.18	02:09:21.787	0.96215				2
2025.03.18	02:09:25.958	0.96216				2
2025.03.18	02:09:27.741	0.96217	0.96228			6
2025.03.18	02:09:28.744	0.96216	0.96229			6
2025.03.18	02:09:29.589	0.96215	0.96228			6
2025.03.18	02:09:55.179	0.96216	0.96229			6
2025.03.18	02:10:01.193	0.96215	0.96228			6
2025.03.18	02:10:01.780	0.96216				2
2025.03.18	02:10:04.864	0.96215				2
2025.03.18	02:10:05.202	0.96216				2
2025.03.18	02:10:12.494	0.96215				2
2025.03.18	02:10:13.221	0.96216				2
2025.03.18	02:10:19.671		0.96229			4
2025.03.18	02:10:23.294	0.96215	0.96227			6
2025.03.18	02:10:23.999	0.96214				2
2025.03.18	02:10:24.694	0.96215				2
2025.03.18	02:10:30.660	0.96214				2
2025.03.18	02:10:32.794	0.96215				2
2025.03.18	02:10:34.302	0.96214				2
2025.03.18	02:10:45.374	0.96216				2
2025.03.18	02:10:45.695	0.96215				2
2025.03.18	02:10:53.195	0.96214				2
2025.03.18	02:10:58.352	0.96215				2
2025.03.18	02:10:59.795	0.96214				2
2025.03.18	02:11:00.577	0.96214	0.96226			6
2025.03.18	02:11:10.841		0.96225			4
2025.03.18	02:11:20.368	0.96213				2
2025.03.18	02:11:20.852		0.96226			4
2025.03.18	02:11:21.165	0.96214				2
2025.03.18	02:11:26.299		0.96224			4
2025.03.18	02:11:27.319		0.96225			4
2025.03.18	02:11:31.846	0.96213				2
2025.03.18	02:11:37.201	0.96214				2
2025.03.18	02:12:00.029	0.96214				2
2025.03.18	02:12:00.359	0.96213				2
2025.03.18	02:12:08.632		0.96224			4
2025.03.18	02:12:21.952		0.96222			4
2025.03.18	02:12:22.266		0.96223			4
2025.03.18	02:12:28.524	0.96212	0.96222			6
2025.03.18	02:12:52.376	0.96211	0.96221			6
2025.03.18	02:12:52.764	0.96210				2
2025.03.18	02:13:03.983	0.96210				2
2025.03.18	02:13:06.462	0.96212	0.96222			6
2025.03.18	02:13:08.430		0.96224			4
2025.03.18	02:13:09.684	0.96213				2
2025.03.18	02:13:25.637	0.96212	0.96223			6
2025.03.18	02:13:28.052	0.96213	0.96224			6
2025.03.18	02:13:37.615	0.96214				2
2025.03.18	02:13:40.254		0.96225			4
2025.03.18	02:13:41.674	0.96215				2
2025.03.18	02:13:43.144	0.96214				2
2025.03.18	02:13:50.582	0.96213				2
2025.03.18	02:13:58.786	0.96214				2
2025.03.18	02:13:59.090	0.96215				2
2025.03.18	02:13:59.400	0.96214				2
2025.03.18	02:14:00.044	0.96214				2
2025.03.18	02:14:03.393	0.96213				2
2025.03.18	02:14:07.175		0.96224			4
2025.03.18	02:14:23.363	0.96212				2
2025.03.18	02:14:24.836	0.96213				2
2025.03.18	02:14:29.084	0.96212	0.96223			6
2025.03.18	02:14:32.016	0.96211				2
2025.03.18	02:14:32.358	0.96213	0.96224			6
2025.03.18	02:14:32.757	0.96212				2
2025.03.18	02:14:39.691	0.96206	0.96219			6
2025.03.18	02:15:00.596	0.96206				2
2025.03.18	02:15:02.392	0.96207	0.96220			6
2025.03.18	02:15:06.637		0.96219			4
2025.03.18	02:15:08.520	0.96206	0.96218			6
2025.03.18	02:15:13.627	0.96207	0.96219			6
2025.03.18	02:15:37.374	0.96208	0.96220			6
2025.03.18	02:15:39.468		0.96219			4
2025.03.18	02:15:42.338		0.96220			4
2025.03.18	02:15:54.067	0.96207	0.96218			6
2025.03.18	02:15:56.393	0.96205	0.96217			6
2025.03.18	02:15:57.148	0.96207	0.96218			6
2025.03.18	02:16:00.366	0.96207				2
2025.03.18	02:16:02.092	0.96209	0.96220			6
2025.03.18	02:16:05.280	0.96210				2
2025.03.18	02:16:15.780		0.96219			4
2025.03.18	02:16:19.181	0.96209				2
2025.03.18	02:16:27.954	0.96210	0.96220			6
2025.03.18	02:16:30.125	0.96208	0.96219			6
2025.03.18	02:16:31.937	0.96209	0.96220			6
2025.03.18	02:16:32.378		0.96219			4
2025.03.18	02:16:32.734	0.96208				2
2025.03.18	02:16:33.437	0.96209				2
2025.03.18	02:16:44.311	0.96210				2
2025.03.18	02:17:00.395	0.96210				2
2025.03.18	02:17:03.276	0.96208	0.96218			6
2025.03.18	02:17:10.347	0.96209	0.96219			6
2025.03.18	02:17:14.378	0.96207	0.96218			6
2025.03.18	02:17:34.351	0.96205	0.96216			6
2025.03.18	02:17:41.522	0.96204				2
2025.03.18	02:17:42.858		0.96215			4
2025.03.18	02:17:51.881	0.96199	0.96209			6
2025.03.18	02:18:00.393	0.96199	0.96210			6
2025.03.18	02:18:01.702	0.96200				2
2025.03.18	02:18:18.676		0.96209			4
2025.03.18	02:18:20.543	0.96199				2
2025.03.18	02:18:20.941		0.96208			4
2025.03.18	02:18:40.822	0.96197	0.96206			6
2025.03.18	02:18:46.755	0.96201	0.96210			6
2025.03.18	02:18:50.376		0.96209			4
2025.03.18	02:19:00.028	0.96200				2
2025.03.18	02:19:01.908	0.96202	0.96210			6
2025.03.18	02:19:02.222	0.96200				2
2025.03.18	02:19:02.575	0.96201				2
2025.03.18	02:19:05.064	0.96203				2
2025.03.18	02:19:09.378	0.96202				2
2025.03.18	02:19:21.083	0.96203	0.96211			6
2025.03.18	02:19:56.513	0.96202				2
2025.03.18	02:20:00.754	0.96202				2
2025.03.18	02:20:03.146		0.96210			4
2025.03.18	02:20:13.098	0.96203	0.96213			6
2025.03.18	02:20:14.118	0.96204				2
2025.03.18	02:20:15.632	0.96203				2
2025.03.18	02:20:31.224	0.96204				2
2025.03.18	02:20:34.059	0.96205				2
2025.03.18	02:20:48.142	0.96204	0.96212			6
2025.03.18	02:20:48.647		0.96213			4
2025.03.18	02:20:59.815	0.96207	0.96217			6
2025.03.18	02:21:00.496	0.96207				2
2025.03.18	02:21:01.599		0.96216			4
2025.03.18	02:21:03.653		0.96217			4
2025.03.18	02:21:03.989		0.96216			4
2025.03.18	02:21:04.735	0.96205				2
2025.03.18	02:21:06.940	0.96206	0.96217			6
2025.03.18	02:21:09.937		0.96216			4
2025.03.18	02:21:16.258		0.96217			4
2025.03.18	02:21:16.689	0.96207				2
2025.03.18	02:21:26.638	0.96205	0.96216			6
2025.03.18	02:21:29.812	0.96206				2
2025.03.18	02:21:31.909		0.96217			4
2025.03.18	02:21:42.293	0.96210	0.96218			6
2025.03.18	02:21:44.009	0.96209				2
2025.03.18	02:21:59.802	0.96208				2
2025.03.18	02:22:00.436	0.96208				2
2025.03.18	02:22:00.757	0.96207	0.96216			6
2025.03.18	02:22:04.280	0.96206	0.96217			6
2025.03.18	02:22:08.439	0.96207				2
2025.03.18	02:22:14.779	0.96206				2
2025.03.18	02:22:16.382	0.96207	0.96218			6
2025.03.18	02:22:18.784		0.96217			4
2025.03.18	02:22:27.281	0.96206				2
2025.03.18	02:22:29.958	0.96209	0.96218			6
2025.03.18	02:22:44.348		0.96217			4
2025.03.18	02:22:47.161		0.96218			4
2025.03.18	02:22:54.227	0.96206	0.96216			6
2025.03.18	02:23:00.358	0.96206				2
2025.03.18	02:23:14.208	0.96205				2
2025.03.18	02:23:21.512	0.96204	0.96214			6
2025.03.18	02:23:24.277	0.96205	0.96216			6
2025.03.18	02:23:35.483	0.96207	0.96217			6
2025.03.18	02:23:36.220	0.96204	0.96215			6
2025.03.18	02:23:40.844	0.96203				2
2025.03.18	02:23:49.274	0.96204				2
2025.03.18	02:23:50.620	0.96203	0.96214			6
2025.03.18	02:23:54.541	0.96202	0.96211			6
2025.03.18	02:23:55.310	0.96201				2
2025.03.18	02:23:58.969	0.96203	0.96214			6
2025.03.18	02:24:00.043	0.96203				2
2025.03.18	02:24:00.358		0.96213			4
2025.03.18	02:24:06.353		0.96214			4
2025.03.18	02:24:16.704	0.96204				2
2025.03.18	02:24:17.038	0.96203				2
2025.03.18	02:24:17.680	0.96204				2
2025.03.18	02:24:20.471	0.96203				2
2025.03.18	02:24:27.802	0.96204				2
2025.03.18	02:24:28.140	0.96203				2
2025.03.18	02:24:28.471	0.96204				2
2025.03.18	02:24:50.267	0.96202	0.96213			6
2025.03.18	02:24:56.688		0.96212			4
2025.03.18	02:24:57.067	0.96204	0.96213			6
2025.03.18	02:24:57.369	0.96202	0.96212			6
2025.03.18	02:24:57.834		0.96211			4
2025.03.18	02:24:58.145		0.96210			4
2025.03.18	02:24:59.306	0.96204	0.96214			6
2025.03.18	02:25:00.356	0.96202	0.96213			6
2025.03.18	02:25:00.699	0.96203				2
2025.03.18	02:25:01.023	0.96202				2
2025.03.18	02:25:01.328		0.96214			4
2025.03.18	02:25:01.720		0.96213			4
2025.03.18	02:25:02.807		0.96214			4
2025.03.18	02:25:03.469	0.96206	0.96216			6
2025.03.18	02:25:07.435		0.96217			4
2025.03.18	02:25:07.743	0.96207				2
2025.03.18	02:25:10.982	0.96209	0.96219			6
2025.03.18	02:25:27.245	0.96207	0.96217			6
2025.03.18	02:25:28.154		0.96218			4
2025.03.18	02:25:33.456		0.96217			4
2025.03.18	02:25:36.587		0.96218			4
2025.03.18	02:25:38.766		0.96216			4
2025.03.18	02:25:51.233		0.96217			4
2025.03.18	02:25:51.973	0.96206	0.96216			6
2025.03.18	02:25:57.660		0.96217			4
2025.03.18	02:25:58.255		0.96216			4
2025.03.18	02:25:59.020		0.96217			4
2025.03.18	02:26:00.343	0.96206				2
2025.03.18	02:26:10.357		0.96216			4
2025.03.18	02:26:11.664		0.96217			4
2025.03.18	02:26:17.545		0.96216			4
2025.03.18	02:26:30.870	0.96207	0.96217			6
2025.03.18	02:26:36.435	0.96208				2
2025.03.18	02:26:53.590		0.96218			4
2025.03.18	02:26:57.129	0.96207				2
2025.03.18	02:26:59.052	0.96209				2
2025.03.18	02:27:00.476	0.96209				2
2025.03.18	02:27:26.426	0.96210	0.96220			6
2025.03.18	02:27:34.365	0.96209	0.96219			6
2025.03.18	02:27:39.730	0.96210	0.96220			6
2025.03.18	02:27:40.858		0.96219			4
2025.03.18	02:27:42.384	0.96209				2
2025.03.18	02:27:47.412		0.96218			4
2025.03.18	02:28:01.707	0.96209				2
2025.03.18	02:28:03.249		0.96219			4
2025.03.18	02:28:03.900		0.96220			4
2025.03.18	02:28:04.521	0.96210				2
2025.03.18	02:28:05.181	0.96209				2
2025.03.18	02:28:06.272		0.96219			4
2025.03.18	02:28:08.454	0.96208				2
2025.03.18	02:28:16.089	0.96210				2
2025.03.18	02:28:17.945	0.96209	0.96218			6
2025.03.18	02:28:19.225	0.96208				2
2025.03.18	02:28:28.537	0.96209				2
2025.03.18	02:28:45.743	0.96210				2
2025.03.18	02:28:51.775	0.96211	0.96220			6
2025.03.18	02:28:54.363	0.96210				2
2025.03.18	02:28:56.364	0.96209	0.96217			6
2025.03.18	02:28:57.184		0.96218			4
2025.03.18	02:28:59.362		0.96217			4
2025.03.18	02:29:00.141	0.96209	0.96219			6
2025.03.18	02:29:18.721		0.96218			4
2025.03.18	02:29:21.374	0.96211	0.96220			6
2025.03.18	02:29:24.146	0.96212				2
2025.03.18	02:29:39.399		0.96221			4
2025.03.18	02:30:00.940	0.96212				2
2025.03.18	02:30:01.250	0.96213				2
2025.03.18	02:30:09.394	0.96210	0.96220			6
2025.03.18	02:30:09.768	0.96212	0.96221			6
2025.03.18	02:30:13.834	0.96214	0.96222			6
2025.03.18	02:30:24.879	0.96213	0.96221			6
2025.03.18	02:30:25.183	0.96212				2
2025.03.18	02:30:59.319	0.96215				2
2025.03.18	02:31:00.523	0.96215				2
2025.03.18	02:31:01.567	0.96212				2
2025.03.18	02:31:04.403	0.96213				2
2025.03.18	02:31:06.399	0.96214				2
2025.03.18	02:31:12.562	0.96212				2
2025.03.18	02:31:13.334	0.96213				2
2025.03.18	02:31:18.731	0.96212				2
2025.03.18	02:31:27.650		0.96221			4
2025.03.18	02:31:30.395		0.96220			4
2025.03.18	02:31:36.952	0.96209	0.96218			6
2025.03.18	02:31:37.255	0.96210	0.96219			6
2025.03.18	02:31:43.524	0.96209	0.96218			6
2025.03.18	02:31:44.242	0.96212	0.96220			6
2025.03.18	02:31:49.256	0.96216	0.96224			6
2025.03.18	02:31:51.850		0.96225			4
2025.03.18	02:32:03.135	0.96219	0.96228			6
2025.03.18	02:32:04.964	0.96220	0.96229			6
2025.03.18	02:32:06.354	0.96219				2
2025.03.18	02:32:10.918	0.96220				2
2025.03.18	02:32:30.077	0.96221				2
2025.03.18	02:32:38.628	0.96220	0.96227			6
2025.03.18	02:32:43.953	0.96218				2
2025.03.18	02:32:53.157	0.96220	0.96228			6
2025.03.18	02:32:59.200	0.96221	0.96229			6
2025.03.18	02:33:00.234	0.96218	0.96227			6
2025.03.18	02:33:03.072	0.96216	0.96226			6
2025.03.18	02:33:05.088		0.96225			4
2025.03.18	02:33:11.071		0.96226			4
2025.03.18	02:33:11.436		0.96225			4
2025.03.18	02:33:12.013		0.96226			4
2025.03.18	02:33:12.515		0.96225			4
2025.03.18	02:33:12.834		0.96226			4
2025.03.18	02:33:13.293		0.96225			4
2025.03.18	02:33:16.060		0.96226			4
2025.03.18	02:33:17.062		0.96225			4
2025.03.18	02:33:17.468		0.96226			4
2025.03.18	02:33:18.095	0.96215	0.96225			6
2025.03.18	02:33:31.458		0.96226			4
2025.03.18	02:33:32.625		0.96225			4
2025.03.18	02:33:47.754		0.96226			4
2025.03.18	02:33:48.083	0.96216				2
2025.03.18	02:33:53.650		0.96225			4
2025.03.18	02:33:56.749	0.96218	0.96228			6
2025.03.18	02:34:00.539	0.96218				2
2025.03.18	02:34:04.950	0.96217	0.96227			6
2025.03.18	02:34:05.255		0.96226			4
2025.03.18	02:34:06.394		0.96227			4
2025.03.18	02:34:11.630	0.96216	0.96225			6
2025.03.18	02:34:13.184	0.96217	0.96227			6
2025.03.18	02:34:19.912	0.96218				2
2025.03.18	02:34:35.443	0.96220	0.96228			6
2025.03.18	02:34:36.352	0.96219				2
2025.03.18	02:34:41.349		0.96227			4
2025.03.18	02:34:53.638	0.96217				2
2025.03.18	02:35:00.356	0.96217				2
2025.03.18	02:35:04.871	0.96219				2
2025.03.18	02:35:22.755	0.96218				2
2025.03.18	02:35:32.165	0.96217				2
2025.03.18	02:35:41.488		0.96227			4
2025.03.18	02:35:44.977		0.96226			4
2025.03.18	02:35:45.869	0.96215				2
2025.03.18	02:35:46.788		0.96227			4
2025.03.18	02:35:50.675	0.96216				2
2025.03.18	02:35:56.257	0.96215				2
2025.03.18	02:36:01.486	0.96215				2
2025.03.18	02:36:04.991		0.96226			4
2025.03.18	02:36:17.509		0.96225			4
2025.03.18	02:36:17.834	0.96214	0.96223			6
2025.03.18	02:36:18.155	0.96212	0.96221			6
2025.03.18	02:36:29.196		0.96220			4
2025.03.18	02:36:30.862	0.96214	0.96223			6
2025.03.18	02:36:32.938	0.96213	0.96221			6
2025.03.18	02:36:45.232	0.96212				2
2025.03.18	02:37:00.129	0.96212				2
2025.03.18	02:37:04.767	0.96213				2
2025.03.18	02:37:08.653	0.96214	0.96223			6
2025.03.18	02:37:21.700	0.96212	0.96222			6
2025.03.18	02:37:23.196		0.96221			4
2025.03.18	02:37:36.768	0.96211	0.96220			6
2025.03.18	02:38:00.595	0.96211				2
2025.03.18	02:38:37.547		0.96220			4
2025.03.18	02:39:00.394	0.96211				2
2025.03.18	02:39:02.781	0.96214	0.96223			6
2025.03.18	02:39:03.697	0.96213	0.96221			6
2025.03.18	02:39:05.386	0.96215	0.96224			6
2025.03.18	02:39:06.407	0.96219	0.96228			6
2025.03.18	02:39:07.818		0.96229			4
2025.03.18	02:39:08.876		0.96228			4
2025.03.18	02:39:11.385		0.96227			4
2025.03.18	02:39:15.143	0.96218				2
2025.03.18	02:39:16.492		0.96228			4
2025.03.18	02:39:16.895		0.96227			4
2025.03.18	02:39:17.314	0.96219	0.96228			6
2025.03.18	02:39:18.349		0.96227			4
2025.03.18	02:39:22.653		0.96228			4
2025.03.18	02:39:25.594		0.96227			4
2025.03.18	02:39:32.733	0.96218				2
2025.03.18	02:39:34.657	0.96219	0.96228			6
2025.03.18	02:39:36.235		0.96227			4
2025.03.18	02:39:36.579	0.96218				2
2025.03.18	02:39:38.432	0.96216	0.96226			6
2025.03.18	02:39:40.567	0.96219	0.96228			6
2025.03.18	02:39:40.947		0.96227			4
2025.03.18	02:39:41.639		0.96228			4
2025.03.18	02:39:42.558		0.96227			4
2025.03.18	02:39:45.757		0.96228			4
2025.03.18	02:39:58.333	0.96218	0.96227			6
2025.03.18	02:40:01.167	0.96218				2
2025.03.18	02:40:02.056		0.96226			4
2025.03.18	02:40:20.506	0.96216				2
2025.03.18	02:40:28.391		0.96225			4
2025.03.18	02:40:29.195		0.96226			4
2025.03.18	02:40:30.924		0.96225			4
2025.03.18	02:40:31.887	0.96218	0.96227			6
2025.03.18	02:40:34.378	0.96217	0.96226			6
2025.03.18	02:40:59.621		0.96227			4
2025.03.18	02:41:01.391	0.96220	0.96229			6
2025.03.18	02:41:03.175	0.96221	0.96230			6
2025.03.18	02:41:04.524		0.96229			4
2025.03.18	02:41:07.058	0.96220				2
2025.03.18	02:41:26.030	0.96218				2
2025.03.18	02:41:28.199		0.96228			4
2025.03.18	02:41:45.048		0.96229			4
2025.03.18	02:41:45.565		0.96228			4
2025.03.18	02:41:55.772	0.96220	0.96229			6
2025.03.18	02:41:57.339	0.96219				2
2025.03.18	02:41:58.246		0.96228			4
2025.03.18	02:42:00.038	0.96219				2
2025.03.18	02:42:00.525	0.96220	0.96230			6
2025.03.18	02:42:01.925		0.96229			4
2025.03.18	02:42:47.554		0.96228			4
2025.03.18	02:42:54.020		0.96229			4
2025.03.18	02:42:58.234	0.96222				2
2025.03.18	02:43:00.288	0.96222				2
2025.03.18	02:43:04.847	0.96221				2
2025.03.18	02:43:51.736		0.96230			4
2025.03.18	02:44:00.591	0.96221				2
2025.03.18	02:44:19.553		0.96229			4
2025.03.18	02:44:23.490		0.96230			4
2025.03.18	02:44:32.748		0.96228			4
2025.03.18	02:44:34.860		0.96230			4
2025.03.18	02:44:46.378	0.96222				2
2025.03.18	02:44:46.744		0.96231			4
2025.03.18	02:44:55.184	0.96219	0.96229			6
2025.03.18	02:44:56.243	0.96221				2
2025.03.18	02:44:59.970	0.96222				2
2025.03.18	02:45:00.444	0.96222	0.96231			6
2025.03.18	02:45:01.578	0.96221	0.96230			6
2025.03.18	02:45:06.477	0.96222	0.96231			6
2025.03.18	02:45:09.108		0.96230			4
2025.03.18	02:45:10.539	0.96221				2
2025.03.18	02:45:11.989		0.96229			4
2025.03.18	02:45:19.689	0.96224	0.96232			6
2025.03.18	02:45:20.389	0.96223				2
2025.03.18	02:45:20.727	0.96224	0.96233			6
2025.03.18	02:45:21.579	0.96226				2
2025.03.18	02:45:22.600		0.96234			4
2025.03.18	02:45:26.776	0.96224				2
2025.03.18	02:45:27.136		0.96233			4
2025.03.18	02:45:44.968	0.96223				2
2025.03.18	02:45:45.969		0.96232			4
2025.03.18	02:46:00.582	0.96223				2
2025.03.18	02:46:13.211	0.96221	0.96229			6
2025.03.18	02:46:14.165	0.96220				2
2025.03.18	02:46:41.508		0.96228			4
2025.03.18	02:46:41.811	0.96219				2
2025.03.18	02:46:47.220	0.96221				2
2025.03.18	02:46:49.487	0.96219				2
2025.03.18	02:46:57.958		0.96229			4
2025.03.18	02:46:59.713	0.96221				2
2025.03.18	02:47:00.022	0.96221				2
2025.03.18	02:47:04.427		0.96228			4
2025.03.18	02:47:07.556	0.96219	0.96227			6
2025.03.18	02:47:11.573		0.96228			4
2025.03.18	02:47:13.343		0.96227			4
2025.03.18	02:47:13.688		0.96228			4
2025.03.18	02:47:15.518	0.96220				2
2025.03.18	02:47:19.497	0.96219	0.96227			6
2025.03.18	02:47:22.191		0.96226			4
2025.03.18	02:47:26.335		0.96228			4
2025.03.18	02:47:47.379	0.96220				2
2025.03.18	02:48:00.359	0.96220				2
2025.03.18	02:48:30.900		0.96228			4
2025.03.18	02:49:00.596	0.96219	0.96226			6
2025.03.18	02:49:02.852	0.96220	0.96227			6
2025.03.18	02:49:03.578		0.96228			4
2025.03.18	02:49:05.695		0.96227			4
2025.03.18	02:49:11.155	0.96219				2
2025.03.18	02:49:11.513		0.96226			4
2025.03.18	02:49:24.395	0.96220	0.96227			6
2025.03.18	02:49:27.013	0.96217	0.96224			6
2025.03.18	02:49:42.858	0.96218	0.96226			6
2025.03.18	02:50:01.603	0.96218				2
2025.03.18	02:50:05.364	0.96219	0.96228			6
2025.03.18	02:50:07.379		0.96227			4
2025.03.18	02:50:15.401	0.96220				2
2025.03.18	02:50:22.420		0.96228			4
2025.03.18	02:50:25.726	0.96221				2
2025.03.18	02:50:44.539	0.96218	0.96226			6
2025.03.18	02:51:01.738	0.96218				2
2025.03.18	02:51:15.197	0.96217	0.96225			6
2025.03.18	02:51:20.281		0.96226			4
2025.03.18	02:51:29.782		0.96224			4
2025.03.18	02:51:30.134		0.96223			4
2025.03.18	02:51:31.020		0.96224			4
2025.03.18	02:51:31.326		0.96223			4
2025.03.18	02:51:31.908		0.96224			4
2025.03.18	02:51:32.916		0.96223			4
2025.03.18	02:51:33.834		0.96226			4
2025.03.18	02:51:49.631		0.96225			4
2025.03.18	02:52:00.064	0.96217	0.96226			6
2025.03.18	02:52:07.498	0.96218	0.96228			6
2025.03.18	02:52:08.748	0.96217	0.96226			6
2025.03.18	02:53:00.302	0.96217				2
2025.03.18	02:53:09.700		0.96226			4
2025.03.18	02:53:20.491		0.96227			4
2025.03.18	02:53:21.185	0.96216	0.96225			6
2025.03.18	02:53:22.347		0.96224			4
2025.03.18	02:53:24.668		0.96225			4
2025.03.18	02:53:33.219		0.96226			4
2025.03.18	02:53:41.473		0.96224			4
2025.03.18	02:53:46.384	0.96217	0.96226			6
2025.03.18	02:54:00.168	0.96217				2
2025.03.18	02:54:32.532	0.96218				2
2025.03.18	02:54:32.845		0.96227			4
2025.03.18	02:54:57.196	0.96219	0.96226			6
2025.03.18	02:55:00.469	0.96219	0.96227			6
2025.03.18	02:55:02.540		0.96228			4
2025.03.18	02:55:19.368		0.96226			4
2025.03.18	02:55:23.077		0.96228			4
2025.03.18	02:55:23.852		0.96226			4
2025.03.18	02:55:28.657	0.96220	0.96229			6
2025.03.18	02:55:57.488	0.96221	0.96230			6
2025.03.18	02:55:58.144	0.96226	0.96236			6
2025.03.18	02:56:00.222	0.96228				2
2025.03.18	02:56:04.278	0.96229	0.96237			6
2025.03.18	02:56:04.646		0.96236			4
2025.03.18	02:56:04.990	0.96227				2
2025.03.18	02:56:16.894		0.96235			4
2025.03.18	02:56:27.132		0.96236			4
2025.03.18	02:56:59.236		0.96237			4
2025.03.18	02:57:02.173	0.96227				2
2025.03.18	02:57:11.276		0.96235			4
2025.03.18	02:57:17.917	0.96226				2
2025.03.18	02:57:18.590	0.96225				2
2025.03.18	02:57:22.000	0.96226				2
2025.03.18	02:57:38.025	0.96223	0.96234			6
2025.03.18	02:58:00.084	0.96223				2
2025.03.18	02:58:01.129		0.96233			4
2025.03.18	02:58:06.918		0.96234			4
2025.03.18	02:58:12.700		0.96232			4
2025.03.18	02:58:16.382	0.96224				2
2025.03.18	02:58:35.306	0.96223				2
2025.03.18	02:58:42.238	0.96224				2
2025.03.18	02:59:00.394	0.96224				2
2025.03.18	02:59:01.996	0.96225				2
2025.03.18	02:59:13.589		0.96232			4
2025.03.18	02:59:19.143		0.96233			4
2025.03.18	02:59:19.447		0.96232			4
2025.03.18	02:59:28.370		0.96233			4
2025.03.18	02:59:34.078	0.96222	0.96232			6
2025.03.18	02:59:42.321	0.96225				2
2025.03.18	02:59:43.606	0.96224				2
2025.03.18	02:59:58.319		0.96233			4
2025.03.18	03:00:00.161	0.96224				2
2025.03.18	03:00:01.520	0.96225	0.96232			6
2025.03.18	03:00:01.876	0.96224	0.96233			6
2025.03.18	03:00:03.483	0.96225	0.96235			6
2025.03.18	03:00:03.788	0.96226				2
2025.03.18	03:00:05.194		0.96236			4
2025.03.18	03:00:05.549	0.96227				2
2025.03.18	03:00:06.525		0.96237			4
2025.03.18	03:00:17.490		0.96236			4
2025.03.18	03:00:19.497	0.96226				2
2025.03.18	03:00:20.351		0.96235			4
2025.03.18	03:00:20.703		0.96233			4
2025.03.18	03:00:22.716	0.96225				2
2025.03.18	03:00:23.354	0.96224	0.96234			6
2025.03.18	03:00:23.739		0.96233			4
2025.03.18	03:00:24.656	0.96225				2
2025.03.18	03:00:26.671	0.96224	0.96234			6
2025.03.18	03:00:28.642		0.96233			4
2025.03.18	03:00:30.352	0.96223	0.96232			6
2025.03.18	03:00:32.547	0.96221	0.96231			6
2025.03.18	03:00:33.965	0.96222				2
2025.03.18	03:00:34.388	0.96221	0.96230			6
2025.03.18	03:00:35.534	0.96220				2
2025.03.18	03:00:39.867	0.96222	0.96232			6
2025.03.18	03:00:40.494	0.96224				2
2025.03.18	03:00:48.282		0.96233			4
2025.03.18	03:00:48.953		0.96232			4
2025.03.18	03:00:50.009	0.96221				2
2025.03.18	03:00:51.223	0.96222	0.96233			6
2025.03.18	03:00:51.984		0.96234			4
2025.03.18	03:00:53.046	0.96223	0.96233			6
2025.03.18	03:00:53.424	0.96221	0.96232			6
2025.03.18	03:00:53.737	0.96220				2
2025.03.18	03:01:00.314	0.96220				2
2025.03.18	03:01:02.527		0.96231			4
2025.03.18	03:01:04.574	0.96219				2
2025.03.18	03:01:06.405		0.96229			4
2025.03.18	03:01:09.104		0.96230			4
2025.03.18	03:01:09.704	0.96220	0.96229			6
2025.03.18	03:01:10.015		0.96230			4
2025.03.18	03:01:13.747		0.96229			4
2025.03.18	03:01:14.091		0.96230			4
2025.03.18	03:01:14.629	0.96219	0.96231			6
2025.03.18	03:01:15.428	0.96220	0.96230			6
2025.03.18	03:01:17.029	0.96221	0.96232			6
2025.03.18	03:01:18.037	0.96225	0.96233			6
2025.03.18	03:01:18.350	0.96223				2
2025.03.18	03:01:20.102	0.96224				2
2025.03.18	03:01:22.802	0.96223	0.96232			6
2025.03.18	03:01:26.494	0.96220				2
2025.03.18	03:01:28.654	0.96221				2
2025.03.18	03:01:30.595	0.96220	0.96231			6
2025.03.18	03:01:39.948	0.96221	0.96232			6
2025.03.18	03:01:47.123	0.96220	0.96231			6
2025.03.18	03:01:59.686	0.96221				2
2025.03.18	03:02:00.079	0.96221				2
2025.03.18	03:02:02.150	0.96219				2
2025.03.18	03:02:02.469	0.96220				2
2025.03.18	03:02:03.486	0.96221				2
2025.03.18	03:02:04.185	0.96220	0.96230			6
2025.03.18	03:02:07.163	0.96218	0.96227			6
2025.03.18	03:02:08.209	0.96219				2
2025.03.18	03:02:10.748		0.96228			4
2025.03.18	03:02:15.974		0.96227			4
2025.03.18	03:02:17.084	0.96218				2
2025.03.18	03:02:18.123		0.96226			4
2025.03.18	03:02:18.520	0.96219	0.96228			6
2025.03.18	03:02:19.855		0.96229			4
2025.03.18	03:02:20.197		0.96228			4
2025.03.18	03:02:28.872	0.96218				2
2025.03.18	03:02:31.199	0.96217				2
2025.03.18	03:02:34.779	0.96219	0.96229			6
2025.03.18	03:02:39.383	0.96224	0.96235			6
2025.03.18	03:02:39.687	0.96225	0.96234			6
2025.03.18	03:02:40.006	0.96224				2
2025.03.18	03:02:41.974		0.96235			4
2025.03.18	03:02:44.866		0.96234			4
2025.03.18	03:02:45.754	0.96222	0.96233			6
2025.03.18	03:02:48.698	0.96223				2
2025.03.18	03:02:50.214	0.96224				2
2025.03.18	03:02:51.256	0.96223	0.96232			6
2025.03.18	03:02:52.540	0.96222				2
2025.03.18	03:02:52.844	0.96221	0.96231			6
2025.03.18	03:02:54.790		0.96232			4
2025.03.18	03:02:57.945		0.96231			4
2025.03.18	03:03:00.004	0.96220				2
2025.03.18	03:03:01.024	0.96221	0.96232			6
2025.03.18	03:03:01.340		0.96231			4
2025.03.18	03:03:01.676	0.96222				2
2025.03.18	03:03:02.052	0.96220	0.96232			6
2025.03.18	03:03:03.406		0.96231			4
2025.03.18	03:03:04.937		0.96232			4
2025.03.18	03:03:05.290		0.96231			4
2025.03.18	03:03:06.312	0.96221				2
2025.03.18	03:03:08.988	0.96220				2
2025.03.18	03:03:10.294	0.96221				2
2025.03.18	03:03:11.678	0.96223	0.96232			6
2025.03.18	03:03:13.709	0.96220	0.96229			6
2025.03.18	03:03:14.244		0.96230			4
2025.03.18	03:03:15.017	0.96221				2
2025.03.18	03:03:16.163	0.96220				2
2025.03.18	03:03:16.520	0.96221				2
2025.03.18	03:03:17.270	0.96220				2
2025.03.18	03:03:24.676	0.96221				2
2025.03.18	03:03:27.027	0.96220				2
2025.03.18	03:03:28.708	0.96221				2
2025.03.18	03:03:29.068	0.96220				2
2025.03.18	03:03:36.452	0.96221				2
2025.03.18	03:03:36.835	0.96220				2
2025.03.18	03:03:43.074	0.96222	0.96231			6
2025.03.18	03:03:46.543	0.96220				2
2025.03.18	03:03:46.894	0.96221				2
2025.03.18	03:03:48.628	0.96223	0.96233			6
2025.03.18	03:03:48.939	0.96225	0.96235			6
2025.03.18	03:03:49.650		0.96234			4
2025.03.18	03:03:51.042	0.96224	0.96231			6
2025.03.18	03:03:51.346	0.96220				2
2025.03.18	03:03:52.608		0.96230			4
2025.03.18	03:04:00.702	0.96220				2
2025.03.18	03:04:08.981	0.96219				2
2025.03.18	03:04:18.203	0.96220				2
2025.03.18	03:04:18.752		0.96231			4
2025.03.18	03:04:21.838		0.96230			4
2025.03.18	03:04:22.331		0.96231			4
2025.03.18	03:04:22.705		0.96230			4
2025.03.18	03:04:26.993	0.96221				2
2025.03.18	03:04:27.415		0.96232			4
2025.03.18	03:04:28.287		0.96231			4
2025.03.18	03:04:30.106		0.96232			4
2025.03.18	03:04:30.495	0.96222				2
2025.03.18	03:04:38.534		0.96231			4
2025.03.18	03:04:43.446	0.96221				2
2025.03.18	03:04:49.722	0.96222				2
2025.03.18	03:04:55.127		0.96232			4
2025.03.18	03:04:55.717	0.96221	0.96231			6
2025.03.18	03:05:00.179	0.96221				2
2025.03.18	03:05:02.820	0.96222	0.96232			6
2025.03.18	03:05:03.164	0.96221				2
2025.03.18	03:05:06.499	0.96223				2
2025.03.18	03:05:07.668		0.96233			4
2025.03.18	03:05:08.174		0.96232			4
2025.03.18	03:05:09.458	0.96222	0.96233			6
2025.03.18	03:05:10.554	0.96223	0.96232			6
2025.03.18	03:05:10.903		0.96233			4
2025.03.18	03:05:12.378	0.96222				2
2025.03.18	03:05:14.381		0.96232			4
2025.03.18	03:05:21.283		0.96231			4
2025.03.18	03:05:21.791	0.96220	0.96230			6
2025.03.18	03:05:23.722	0.96223	0.96233			6
2025.03.18	03:05:24.745		0.96232			4
2025.03.18	03:05:28.844	0.96222	0.96231			6
2025.03.18	03:05:31.145	0.96221	0.96230			6
2025.03.18	03:05:32.660	0.96220				2
2025.03.18	03:05:33.014	0.96221				2
2025.03.18	03:05:43.739	0.96219	0.96229			6
2025.03.18	03:05:44.947	0.96220	0.96230			6
2025.03.18	03:05:46.539		0.96229			4
2025.03.18	03:05:46.957		0.96230			4
2025.03.18	03:05:47.568		0.96229			4
2025.03.18	03:05:47.880		0.96230			4
2025.03.18	03:05:48.187	0.96218	0.96227			6
2025.03.18	03:05:49.200	0.96216	0.96226			6
2025.03.18	03:05:49.594	0.96217	0.96227			6
2025.03.18	03:05:55.164		0.96226			4
2025.03.18	03:05:55.475	0.96216				2
2025.03.18	03:05:58.929		0.96227			4
2025.03.18	03:06:00.221	0.96217				2
2025.03.18	03:06:00.524	0.96218	0.96228			6
2025.03.18	03:06:00.838	0.96217				2
2025.03.18	03:06:01.647	0.96216	0.96226			6
2025.03.18	03:06:02.914		0.96227			4
2025.03.18	03:06:04.212	0.96217	0.96226			6
2025.03.18	03:06:04.527	0.96216				2
2025.03.18	03:06:27.774	0.96218	0.96227			6
2025.03.18	03:06:28.601	0.96219				2
2025.03.18	03:06:30.457	0.96218				2
2025.03.18	03:06:41.386	0.96217	0.96226			6
2025.03.18	03:06:42.069		0.96225			4
2025.03.18	03:06:42.825	0.96216				2
2025.03.18	03:06:44.341	0.96217	0.96226			6
2025.03.18	03:06:46.338	0.96216				2
2025.03.18	03:06:47.976		0.96225			4
2025.03.18	03:06:51.599	0.96215				2
2025.03.18	03:06:53.299		0.96224			4
2025.03.18	03:06:55.037		0.96225			4
2025.03.18	03:06:56.237		0.96224			4
2025.03.18	03:06:57.864		0.96225			4
2025.03.18	03:07:00.378	0.96215	0.96223			6
2025.03.18	03:07:02.387		0.96225			4
2025.03.18	03:07:08.387		0.96226			4
2025.03.18	03:07:09.602	0.96216				2
2025.03.18	03:07:10.977	0.96215	0.96225			6
2025.03.18	03:07:13.017		0.96224			4
2025.03.18	03:07:19.238		0.96225			4
2025.03.18	03:07:34.012		0.96226			4
2025.03.18	03:07:50.850	0.96214				2
2025.03.18	03:07:52.357		0.96224			4
2025.03.18	03:07:53.638		0.96225			4
2025.03.18	03:07:56.160	0.96215				2
2025.03.18	03:07:56.819	0.96216				2
2025.03.18	03:07:57.848		0.96224			4
2025.03.18	03:08:01.599	0.96214	0.96223			6
2025.03.18	03:08:05.193		0.96222			4
2025.03.18	03:08:07.048	0.96209	0.96220			6
2025.03.18	03:08:07.362	0.96210				2
2025.03.18	03:08:13.976		0.96219			4
2025.03.18	03:08:15.984	0.96211	0.96222			6
2025.03.18	03:08:16.367	0.96212				2
2025.03.18	03:08:18.346	0.96213				2
2025.03.18	03:08:19.286	0.96212				2
2025.03.18	03:08:19.592	0.96210	0.96219			6
2025.03.18	03:08:25.631	0.96206	0.96217			6
2025.03.18	03:08:26.175	0.96208	0.96218			6
2025.03.18	03:08:26.487	0.96209	0.96217			6
2025.03.18	03:08:26.806	0.96208	0.96218			6
2025.03.18	03:08:27.306	0.96207				2
2025.03.18	03:08:27.640	0.96209				2
2025.03.18	03:08:29.628	0.96208	0.96219			6
2025.03.18	03:08:30.777		0.96218			4
2025.03.18	03:08:31.225	0.96207				2
2025.03.18	03:08:31.583	0.96209	0.96221			6
2025.03.18	03:08:32.039	0.96210				2
2025.03.18	03:08:32.595	0.96209	0.96220			6
2025.03.18	03:08:33.476	0.96208				2
2025.03.18	03:08:37.275	0.96210	0.96221			6
2025.03.18	03:08:39.373		0.96219			4
2025.03.18	03:08:42.189	0.96209				2
2025.03.18	03:08:47.671	0.96208	0.96218			6
2025.03.18	03:08:48.412	0.96207	0.96217			6
2025.03.18	03:08:49.183		0.96218			4
2025.03.18	03:08:51.111	0.96208				2
2025.03.18	03:08:56.736	0.96205	0.96216			6
2025.03.18	03:08:57.128	0.96206				2
2025.03.18	03:08:58.380		0.96218			4
2025.03.18	03:08:58.682		0.96217			4
2025.03.18	03:09:00.085	0.96204	0.96215			6
2025.03.18	03:09:00.482		0.96216			4
2025.03.18	03:09:00.807	0.96207	0.96218			6
2025.03.18	03:09:01.294	0.96208				2
2025.03.18	03:09:02.575	0.96207				2
2025.03.18	03:09:03.942		0.96219			4
2025.03.18	03:09:04.369	0.96208	0.96218			6
2025.03.18	03:09:06.350	0.96209				2
2025.03.18	03:09:06.672	0.96208				2
2025.03.18	03:09:07.688	0.96209				2
2025.03.18	03:09:08.383	0.96208				2
2025.03.18	03:09:09.473	0.96209	0.96219			6
2025.03.18	03:09:11.707		0.96220			4
2025.03.18	03:09:13.089	0.96210	0.96221			6
2025.03.18	03:09:14.162	0.96211				2
2025.03.18	03:09:14.464	0.96210				2
2025.03.18	03:09:16.113		0.96220			4
2025.03.18	03:09:16.474		0.96221			4
2025.03.18	03:09:17.351	0.96207	0.96218			6
2025.03.18	03:09:17.869	0.96208				2
2025.03.18	03:09:18.374	0.96209				2
2025.03.18	03:09:19.388	0.96210				2
2025.03.18	03:09:19.889	0.96207	0.96216			6
2025.03.18	03:09:22.180	0.96206	0.96215			6
2025.03.18	03:09:22.952	0.96207				2
2025.03.18	03:09:23.293	0.96205	0.96216			6
2025.03.18	03:09:23.605	0.96204	0.96215			6
2025.03.18	03:09:24.340		0.96214			4
2025.03.18	03:09:25.389	0.96205	0.96215			6
2025.03.18	03:09:29.476	0.96206	0.96216			6
2025.03.18	03:09:29.787	0.96208	0.96218			6
2025.03.18	03:09:30.829	0.96209				2
2025.03.18	03:09:32.127		0.96219			4
2025.03.18	03:09:33.228	0.96207	0.96217			6
2025.03.18	03:09:34.217	0.96206				2
2025.03.18	03:09:34.527	0.96207				2
2025.03.18	03:09:38.983	0.96206				2
2025.03.18	03:09:39.781	0.96207				2
2025.03.18	03:09:41.039	0.96206				2
2025.03.18	03:09:42.008		0.96216			4
2025.03.18	03:09:42.425	0.96205				2
2025.03.18	03:09:44.799	0.96204	0.96213			6
2025.03.18	03:09:45.460	0.96203				2
2025.03.18	03:09:45.767	0.96204				2
2025.03.18	03:09:47.934	0.96203				2
2025.03.18	03:09:48.737	0.96205				2
2025.03.18	03:09:49.587	0.96204				2
2025.03.18	03:09:50.171	0.96205				2
2025.03.18	03:09:50.970	0.96204				2
2025.03.18	03:09:52.719	0.96205				2
2025.03.18	03:09:53.586	0.96204				2
2025.03.18	03:09:56.149	0.96203	0.96212			6
2025.03.18	03:09:57.098	0.96204				2
2025.03.18	03:09:57.755		0.96213			4
2025.03.18	03:10:00.182	0.96204				2
2025.03.18	03:10:01.507	0.96205				2
2025.03.18	03:10:02.114	0.96204				2
2025.03.18	03:10:02.493	0.96205				2
2025.03.18	03:10:04.862	0.96204				2
2025.03.18	03:10:06.275	0.96202	0.96212			6
2025.03.18	03:10:14.257		0.96213			4
2025.03.18	03:10:18.052	0.96203				2
2025.03.18	03:10:18.453	0.96204				2
2025.03.18	03:10:22.564	0.96203				2
2025.03.18	03:10:29.794	0.96204				2
2025.03.18	03:10:31.103	0.96203				2
2025.03.18	03:10:31.683	0.96204				2
2025.03.18	03:10:32.041	0.96205				2
2025.03.18	03:10:32.486	0.96204	0.96214			6
2025.03.18	03:10:38.917	0.96203	0.96213			6
2025.03.18	03:10:39.331	0.96206	0.96216			6
2025.03.18	03:10:42.886	0.96207				2
2025.03.18	03:10:46.848	0.96209	0.96219			6
2025.03.18	03:10:47.211	0.96210				2
2025.03.18	03:10:47.720	0.96209	0.96218			6
2025.03.18	03:10:51.941	0.96206	0.96215			6
2025.03.18	03:10:52.247	0.96205				2
2025.03.18	03:10:55.089	0.96206	0.96216			6
2025.03.18	03:10:55.414	0.96207				2
2025.03.18	03:10:56.359	0.96208				2
2025.03.18	03:10:57.778	0.96207	0.96217			6
2025.03.18	03:11:00.345	0.96207				2
2025.03.18	03:11:00.684	0.96206				2
2025.03.18	03:11:01.488		0.96215			4
2025.03.18	03:11:02.647		0.96214			4
2025.03.18	03:11:03.033	0.96205	0.96213			6
2025.03.18	03:11:04.204	0.96204	0.96212			6
2025.03.18	03:11:05.542	0.96205				2
2025.03.18	03:11:07.330	0.96204	0.96213			6
2025.03.18	03:11:07.921	0.96205				2
2025.03.18	03:11:09.937		0.96214			4
2025.03.18	03:11:13.491	0.96206				2
2025.03.18	03:11:15.057	0.96203	0.96213			6
2025.03.18	03:11:15.585		0.96211			4
2025.03.18	03:11:16.216	0.96200	0.96210			6
2025.03.18	03:11:16.584	0.96199				2
2025.03.18	03:11:18.842		0.96208			4
2025.03.18	03:11:24.694	0.96198				2
2025.03.18	03:11:33.747	0.96197	0.96206			6
2025.03.18	03:11:35.473	0.96196	0.96205			6
2025.03.18	03:11:36.994	0.96197	0.96206			6
2025.03.18	03:11:40.570	0.96198	0.96208			6
2025.03.18	03:11:40.880		0.96207			4
2025.03.18	03:11:44.359	0.96199	0.96208			6
2025.03.18	03:11:44.809	0.96198				2
2025.03.18	03:11:45.160	0.96199				2
2025.03.18	03:11:45.870	0.96200				2
2025.03.18	03:11:50.028	0.96199				2
2025.03.18	03:11:51.085	0.96200	0.96209			6
2025.03.18	03:11:53.959	0.96199				2
2025.03.18	03:11:54.696	0.96200				2
2025.03.18	03:11:55.459	0.96201	0.96210			6
2025.03.18	03:11:56.590	0.96202				2
2025.03.18	03:11:57.518	0.96203				2
2025.03.18	03:11:58.086	0.96202	0.96211			6
2025.03.18	03:12:00.560	0.96202				2
2025.03.18	03:12:02.391	0.96200	0.96210			6
2025.03.18	03:12:02.700	0.96201	0.96211			6
2025.03.18	03:12:04.652	0.96200	0.96208			6
2025.03.18	03:12:05.399		0.96210			4
2025.03.18	03:12:07.925	0.96201				2
2025.03.18	03:12:10.153	0.96200				2
2025.03.18	03:12:10.541	0.96201				2
2025.03.18	03:12:10.904	0.96200				2
2025.03.18	03:12:11.314	0.96201				2
2025.03.18	03:12:12.797	0.96200				2
2025.03.18	03:12:13.336	0.96201				2
2025.03.18	03:12:17.540	0.96202				2
2025.03.18	03:12:18.195	0.96201				2
2025.03.18	03:12:19.474	0.96202				2
2025.03.18	03:12:19.852		0.96211			4
2025.03.18	03:12:20.194		0.96210			4
2025.03.18	03:12:21.768		0.96211			4
2025.03.18	03:12:22.319	0.96203				2
2025.03.18	03:12:22.642		0.96210			4
2025.03.18	03:12:24.295	0.96202				2
2025.03.18	03:12:27.277	0.96201				2
2025.03.18	03:12:37.899		0.96211			4
2025.03.18	03:12:40.543	0.96206	0.96215			6
2025.03.18	03:12:49.110	0.96205				2
2025.03.18	03:12:53.875		0.96213			4
2025.03.18	03:12:54.210	0.96204				2
2025.03.18	03:12:58.039	0.96202	0.96211			6
2025.03.18	03:12:58.511	0.96200	0.96210			6
2025.03.18	03:12:59.848		0.96209			4
2025.03.18	03:13:00.155	0.96200				2
2025.03.18	03:13:00.692	0.96202	0.96210			6
2025.03.18	03:13:01.029	0.96203				2
2025.03.18	03:13:01.356	0.96202				2
2025.03.18	03:13:03.374		0.96211			4
2025.03.18	03:13:03.693		0.96210			4
2025.03.18	03:13:04.231		0.96211			4
2025.03.18	03:13:05.375	0.96201	0.96210			6
2025.03.18	03:13:05.753	0.96202				2
2025.03.18	03:13:06.737		0.96211			4
2025.03.18	03:13:08.938	0.96204	0.96213			6
2025.03.18	03:13:13.445		0.96214			4
2025.03.18	03:13:18.625		0.96213			4
2025.03.18	03:13:19.017	0.96202	0.96210			6
2025.03.18	03:13:19.326	0.96200	0.96209			6
2025.03.18	03:13:21.399	0.96199	0.96208			6
2025.03.18	03:13:22.117	0.96200	0.96209			6
2025.03.18	03:13:26.379	0.96201	0.96210			6
2025.03.18	03:13:27.919	0.96202				2
2025.03.18	03:13:29.250	0.96201				2
2025.03.18	03:13:31.719	0.96202				2
2025.03.18	03:13:33.076	0.96203	0.96212			6
2025.03.18	03:13:34.792	0.96204				2
2025.03.18	03:13:36.385		0.96213			4
2025.03.18	03:13:38.591		0.96211			4
2025.03.18	03:13:40.511		0.96213			4
2025.03.18	03:13:42.911		0.96211			4
2025.03.18	03:13:48.748		0.96213			4
2025.03.18	03:13:54.722	0.96200	0.96209			6
2025.03.18	03:14:00.218	0.96199				2
2025.03.18	03:14:03.112	0.96201				2
2025.03.18	03:14:05.353	0.96200				2
2025.03.18	03:14:06.348	0.96199				2
2025.03.18	03:14:06.992	0.96200				2
2025.03.18	03:14:07.517	0.96199				2
2025.03.18	03:14:09.581	0.96200				2
2025.03.18	03:14:15.386		0.96210			4
2025.03.18	03:14:18.129	0.96201				2
2025.03.18	03:14:18.533	0.96202				2
2025.03.18	03:14:21.919	0.96203				2
2025.03.18	03:14:24.348	0.96202				2
2025.03.18	03:14:29.703	0.96203				2
2025.03.18	03:14:30.230		0.96211			4
2025.03.18	03:14:33.440	0.96198	0.96205			6
2025.03.18	03:14:33.749	0.96196				2
2025.03.18	03:14:34.696	0.96197				2
2025.03.18	03:14:35.108		0.96206			4
2025.03.18	03:14:36.441		0.96205			4
2025.03.18	03:14:37.980	0.96196				2
2025.03.18	03:14:40.356	0.96197	0.96206			6
2025.03.18	03:14:42.324	0.96196	0.96205			6
2025.03.18	03:14:45.009	0.96197				2
2025.03.18	03:14:45.337	0.96196				2
2025.03.18	03:14:47.661	0.96197				2
2025.03.18	03:14:48.829	0.96196				2
2025.03.18	03:14:51.679	0.96197				2
2025.03.18	03:14:53.244	0.96198				2
2025.03.18	03:14:53.548	0.96197				2
2025.03.18	03:14:54.089	0.96199	0.96208			6
2025.03.18	03:14:55.478	0.96198	0.96207			6
2025.03.18	03:15:00.728	0.96198	0.96208			6
2025.03.18	03:15:02.251	0.96197	0.96206			6
2025.03.18	03:15:03.118	0.96198				2
2025.03.18	03:15:04.644		0.96207			4
2025.03.18	03:15:07.653	0.96200	0.96208			6
2025.03.18	03:15:07.963	0.96199	0.96209			6
2025.03.18	03:15:08.955		0.96208			4
2025.03.18	03:15:09.892	0.96201	0.96209			6
2025.03.18	03:15:10.652	0.96204	0.96211			6
2025.03.18	03:15:11.007	0.96205				2
2025.03.18	03:15:11.567	0.96203	0.96210			6
2025.03.18	03:15:15.714	0.96202	0.96209			6
2025.03.18	03:15:19.491	0.96201				2
2025.03.18	03:15:20.273	0.96202				2
2025.03.18	03:15:26.482	0.96201				2
2025.03.18	03:15:30.493	0.96200				2
2025.03.18	03:15:32.600	0.96199				2
2025.03.18	03:15:34.703	0.96200				2
2025.03.18	03:15:44.330	0.96201				2
2025.03.18	03:15:45.427	0.96203	0.96211			6
2025.03.18	03:15:45.896	0.96202				2
2025.03.18	03:15:46.246	0.96203				2
2025.03.18	03:15:55.113	0.96202				2
2025.03.18	03:15:58.201	0.96203	0.96212			6
2025.03.18	03:15:59.493		0.96211			4
2025.03.18	03:16:00.771	0.96202	0.96210			6
2025.03.18	03:16:01.225	0.96201				2
2025.03.18	03:16:01.542	0.96202				2
2025.03.18	03:16:02.349	0.96201				2
2025.03.18	03:16:02.666	0.96202				2
2025.03.18	03:16:13.500	0.96200				2
2025.03.18	03:16:13.956	0.96201				2
2025.03.18	03:16:14.630	0.96200				2
2025.03.18	03:16:15.641	0.96201				2
2025.03.18	03:16:18.987	0.96200				2
2025.03.18	03:16:19.293	0.96198	0.96207			6
2025.03.18	03:16:19.594		0.96206			4
2025.03.18	03:16:19.908	0.96196	0.96205			6
2025.03.18	03:16:20.288	0.96197				2
2025.03.18	03:16:21.067	0.96196				2
2025.03.18	03:16:23.263	0.96197	0.96206			6
2025.03.18	03:16:28.350	0.96196	0.96205			6
2025.03.18	03:16:29.027		0.96206			4
2025.03.18	03:16:31.534		0.96205			4
2025.03.18	03:16:32.387	0.96194	0.96202			6
2025.03.18	03:16:32.739	0.96195				2
2025.03.18	03:16:33.066	0.96194				2
2025.03.18	03:16:33.450	0.96191	0.96200			6
2025.03.18	03:16:37.599	0.96192	0.96202			6
2025.03.18	03:16:38.378	0.96191	0.96200			6
2025.03.18	03:16:39.154	0.96190	0.96199			6
2025.03.18	03:16:40.360	0.96191				2
2025.03.18	03:16:41.220	0.96190				2
2025.03.18	03:16:44.343	0.96191				2
2025.03.18	03:16:45.049	0.96190				2
2025.03.18	03:16:45.387	0.96191				2
2025.03.18	03:16:46.586	0.96192				2
2025.03.18	03:16:46.990	0.96191				2
2025.03.18	03:16:48.103	0.96189	0.96198			6
2025.03.18	03:16:49.104	0.96186	0.96196			6
2025.03.18	03:16:50.068	0.96189	0.96197			6
2025.03.18	03:16:50.565	0.96187	0.96196			6
2025.03.18	03:16:55.489		0.96195			4
2025.03.18	03:16:55.993	0.96189	0.96197			6
2025.03.18	03:16:57.646	0.96188				2
2025.03.18	03:17:00.418	0.96188				2
2025.03.18	03:17:01.035	0.96187	0.96196			6
2025.03.18	03:17:02.564	0.96186				2
2025.03.18	03:17:02.876		0.96195			4
2025.03.18	03:17:03.536	0.96185	0.96194			6
2025.03.18	03:17:03.896		0.96195			4
2025.03.18	03:17:04.561	0.96184	0.96193			6
2025.03.18	03:17:05.226		0.96192			4
2025.03.18	03:17:07.090		0.96194			4
2025.03.18	03:17:07.615	0.96185				2
2025.03.18	03:17:08.113	0.96186	0.96195			6
2025.03.18	03:17:08.430	0.96185				2
2025.03.18	03:17:08.739		0.96194			4
2025.03.18	03:17:11.675	0.96186	0.96195			6
2025.03.18	03:17:13.747	0.96185	0.96193			6
2025.03.18	03:17:18.426		0.96194			4
2025.03.18	03:17:21.453	0.96188	0.96198			6
2025.03.18	03:17:22.305	0.96187	0.96196			6
2025.03.18	03:17:27.728	0.96188	0.96197			6
2025.03.18	03:17:33.358	0.96189	0.96198			6
2025.03.18	03:17:36.678	0.96190	0.96199			6
2025.03.18	03:17:44.184	0.96191				2
2025.03.18	03:17:44.504	0.96190				2
2025.03.18	03:17:50.810	0.96189				2
2025.03.18	03:17:53.247	0.96191	0.96200			6
2025.03.18	03:17:58.703	0.96192	0.96201			6
2025.03.18	03:17:59.510	0.96191	0.96200			6
2025.03.18	03:18:00.361	0.96192				2
2025.03.18	03:18:00.700		0.96201			4
2025.03.18	03:18:01.003		0.96200			4
2025.03.18	03:18:02.475	0.96191				2
2025.03.18	03:18:02.860	0.96190				2
2025.03.18	03:18:03.522	0.96191	0.96199			6
2025.03.18	03:18:03.869	0.96189				2
2025.03.18	03:18:05.061		0.96198			4
2025.03.18	03:18:05.376	0.96187	0.96196			6
2025.03.18	03:18:07.362	0.96188	0.96198			6
2025.03.18	03:18:07.860	0.96189	0.96199			6
2025.03.18	03:18:09.132	0.96190				2
2025.03.18	03:18:10.187	0.96191	0.96200			6
2025.03.18	03:18:16.874	0.96190				2
2025.03.18	03:18:17.406	0.96191				2
2025.03.18	03:18:25.287	0.96192				2
2025.03.18	03:18:31.228	0.96191				2
2025.03.18	03:18:31.926		0.96199			4
2025.03.18	03:18:32.817	0.96190				2
2025.03.18	03:18:33.985		0.96200			4
2025.03.18	03:18:35.115	0.96192				2
2025.03.18	03:18:35.517	0.96191				2
2025.03.18	03:18:38.442	0.96190				2
2025.03.18	03:18:41.419	0.96192	0.96201			6
2025.03.18	03:18:41.786	0.96193				2
2025.03.18	03:18:50.761	0.96192	0.96200			6
2025.03.18	03:18:51.565	0.96193				2
2025.03.18	03:18:51.884		0.96201			4
2025.03.18	03:18:55.304		0.96202			4
2025.03.18	03:18:56.712		0.96201			4
2025.03.18	03:18:59.989	0.96194	0.96202			6
2025.03.18	03:19:00.312	0.96194				2
2025.03.18	03:19:03.497	0.96193				2
2025.03.18	03:19:03.922	0.96194	0.96201			6
2025.03.18	03:19:06.551	0.96193				2
2025.03.18	03:19:24.928	0.96192				2
2025.03.18	03:19:31.370	0.96191				2
2025.03.18	03:19:34.765	0.96194	0.96202			6
2025.03.18	03:19:35.076	0.96195	0.96205			6
2025.03.18	03:19:36.343	0.96194				2
2025.03.18	03:19:36.644		0.96204			4
2025.03.18	03:19:37.186		0.96203			4
2025.03.18	03:19:37.592		0.96204			4
2025.03.18	03:19:41.009		0.96203			4
2025.03.18	03:19:45.611		0.96204			4
2025.03.18	03:19:47.471		0.96203			4
2025.03.18	03:19:50.324	0.96190	0.96200			6
2025.03.18	03:19:50.671		0.96199			4
2025.03.18	03:19:52.188		0.96200			4
2025.03.18	03:19:54.653		0.96199			4
2025.03.18	03:19:55.036		0.96200			4
2025.03.18	03:19:55.410		0.96199			4
2025.03.18	03:19:56.593		0.96200			4
2025.03.18	03:20:00.991	0.96188	0.96197			6
2025.03.18	03:20:03.128	0.96190	0.96200			6
2025.03.18	03:20:04.305		0.96201			4
2025.03.18	03:20:08.342	0.96191				2
2025.03.18	03:20:11.164	0.96190	0.96199			6
2025.03.18	03:20:11.603	0.96189	0.96198			6
2025.03.18	03:20:12.186		0.96199			4
2025.03.18	03:20:12.551	0.96191	0.96200			6
2025.03.18	03:20:13.869	0.96192	0.96201			6
2025.03.18	03:20:14.556	0.96193				2
2025.03.18	03:20:15.768	0.96191				2
2025.03.18	03:20:16.112	0.96192				2
2025.03.18	03:20:16.443	0.96191				2
2025.03.18	03:20:20.129	0.96192				2
2025.03.18	03:20:31.766	0.96191	0.96200			6
2025.03.18	03:20:32.839	0.96190	0.96199			6
2025.03.18	03:20:36.540	0.96191	0.96200			6
2025.03.18	03:20:36.888		0.96199			4
2025.03.18	03:20:39.619		0.96200			4
2025.03.18	03:20:44.143	0.96194	0.96201			6
2025.03.18	03:20:44.822	0.96193				2
2025.03.18	03:20:46.678		0.96203			4
2025.03.18	03:20:49.922	0.96194				2
2025.03.18	03:20:54.650	0.96193	0.96202			6
2025.03.18	03:20:54.976	0.96192	0.96201			6
2025.03.18	03:20:55.309	0.96191				2
2025.03.18	03:20:56.380	0.96192	0.96200			6
2025.03.18	03:20:57.421		0.96201			4
2025.03.18	03:20:58.219		0.96202			4
2025.03.18	03:20:59.230	0.96193				2
2025.03.18	03:21:00.435	0.96193				2
2025.03.18	03:21:04.407	0.96194	0.96203			6
2025.03.18	03:21:04.889	0.96195				2
2025.03.18	03:21:07.635	0.96193				2
2025.03.18	03:21:09.848	0.96194				2
2025.03.18	03:21:11.170	0.96193				2
2025.03.18	03:21:13.516	0.96194				2
2025.03.18	03:21:14.041	0.96193				2
2025.03.18	03:21:19.080	0.96194				2
2025.03.18	03:21:19.405	0.96193				2
2025.03.18	03:21:21.207		0.96202			4
2025.03.18	03:21:36.711	0.96195	0.96203			6
2025.03.18	03:21:37.018	0.96194				2
2025.03.18	03:21:38.364	0.96193				2
2025.03.18	03:21:41.781		0.96202			4
2025.03.18	03:21:42.460	0.96194				2
2025.03.18	03:21:43.422	0.96192	0.96201			6
2025.03.18	03:21:44.356	0.96193				2
2025.03.18	03:21:50.831		0.96202			4
2025.03.18	03:21:51.229	0.96192	0.96201			6
2025.03.18	03:21:54.238	0.96191	0.96200			6
2025.03.18	03:21:54.939	0.96192	0.96201			6
2025.03.18	03:22:00.298	0.96192				2
2025.03.18	03:22:00.676	0.96193				2
2025.03.18	03:22:01.708	0.96192				2
2025.03.18	03:22:02.037	0.96193				2
2025.03.18	03:22:02.530	0.96192				2
2025.03.18	03:22:04.197	0.96191				2
2025.03.18	03:22:08.509	0.96190	0.96200			6
2025.03.18	03:22:08.933	0.96191				2
2025.03.18	03:22:16.795		0.96201			4
2025.03.18	03:22:19.042	0.96192				2
2025.03.18	03:22:20.471	0.96191				2
2025.03.18	03:22:20.825	0.96192				2
2025.03.18	03:22:21.302	0.96191				2
2025.03.18	03:22:21.822	0.96192				2
2025.03.18	03:22:22.272	0.96191				2
2025.03.18	03:22:23.181	0.96192				2
2025.03.18	03:22:23.515	0.96191				2
2025.03.18	03:22:38.026		0.96200			4
2025.03.18	03:22:42.887	0.96193	0.96201			6
2025.03.18	03:22:44.555	0.96192				2
2025.03.18	03:22:47.973	0.96194				2
2025.03.18	03:22:48.275	0.96193				2
2025.03.18	03:22:48.992		0.96202			4
2025.03.18	03:22:49.805	0.96194				2
2025.03.18	03:22:50.197	0.96193				2
2025.03.18	03:22:50.756	0.96192	0.96201			6
2025.03.18	03:23:00.563	0.96192	0.96200			6
