<DATE>	<TIME>	<BID>	<ASK>	<LAST>	<VOLUME>	<FLAGS>
2025.04.25	00:03:30.789	0.94139	0.94212			6
2025.04.25	00:03:54.946	0.94015	0.94250			6
2025.04.25	00:04:00.982	0.94015				2
2025.04.25	00:04:40.728	0.94001	0.94235			6
2025.04.25	00:04:48.060	0.94034	0.94220			6
2025.04.25	00:05:01.317	0.94034				2
2025.04.25	00:05:33.212	0.94015	0.94233			6
2025.04.25	00:05:37.618	0.94022	0.94239			6
2025.04.25	00:06:00.349	0.94022				2
2025.04.25	00:06:37.619		0.94239			4
2025.04.25	00:06:39.092	0.94015	0.94242			6
2025.04.25	00:07:02.190	0.94015				2
2025.04.25	00:07:16.347	0.93998	0.94224			6
2025.04.25	00:07:36.139		0.94219			4
2025.04.25	00:07:53.326	0.94015	0.94230			6
2025.04.25	00:07:53.654		0.94242			4
2025.04.25	00:07:53.956		0.94230			4
2025.04.25	00:07:54.575		0.94242			4
2025.04.25	00:07:59.370		0.94230			4
2025.04.25	00:07:59.701		0.94242			4
2025.04.25	00:08:00.003	0.94015	0.94230			6
2025.04.25	00:08:00.363		0.94242			4
2025.04.25	00:08:05.107		0.94230			4
2025.04.25	00:08:05.435		0.94241			4
2025.04.25	00:08:05.737		0.94230			4
2025.04.25	00:08:06.356		0.94241			4
2025.04.25	00:08:10.372		0.94230			4
2025.04.25	00:08:10.672		0.94241			4
2025.04.25	00:08:16.373		0.94230			4
2025.04.25	00:08:16.704		0.94241			4
2025.04.25	00:08:17.033		0.94230			4
2025.04.25	00:08:17.367		0.94241			4
2025.04.25	00:08:22.373		0.94230			4
2025.04.25	00:08:22.700		0.94241			4
2025.04.25	00:08:28.371		0.94229			4
2025.04.25	00:08:28.703		0.94240			4
2025.04.25	00:08:33.372		0.94241			4
2025.04.25	00:08:34.371		0.94230			4
2025.04.25	00:08:34.704		0.94241			4
2025.04.25	00:08:38.713		0.94223			4
2025.04.25	00:08:39.143		0.94224			4
2025.04.25	00:08:39.461		0.94223			4
2025.04.25	00:08:40.070		0.94218			4
2025.04.25	00:08:40.703		0.94223			4
2025.04.25	00:08:42.354		0.94222			4
2025.04.25	00:08:46.108		0.94218			4
2025.04.25	00:08:46.437		0.94222			4
2025.04.25	00:08:48.327	0.94004				2
2025.04.25	00:08:51.372		0.94218			4
2025.04.25	00:08:51.703		0.94222			4
2025.04.25	00:08:57.370		0.94218			4
2025.04.25	00:08:57.702		0.94222			4
2025.04.25	00:09:00.379	0.94004				2
2025.04.25	00:09:03.373		0.94218			4
2025.04.25	00:09:03.699		0.94222			4
2025.04.25	00:09:09.374		0.94218			4
2025.04.25	00:09:09.697		0.94222			4
2025.04.25	00:09:14.351		0.94218			4
2025.04.25	00:09:14.700		0.94222			4
2025.04.25	00:09:18.370		0.94221			4
2025.04.25	00:09:20.363		0.94218			4
2025.04.25	00:09:20.699		0.94221			4
2025.04.25	00:09:25.371		0.94218			4
2025.04.25	00:09:25.700		0.94221			4
2025.04.25	00:09:28.069		0.94222			4
2025.04.25	00:09:28.380		0.94221			4
2025.04.25	00:09:30.372		0.94218			4
2025.04.25	00:09:30.703		0.94221			4
2025.04.25	00:09:33.081	0.94008	0.94205			6
2025.04.25	00:09:49.070	0.93992	0.94183			6
2025.04.25	00:09:51.039		0.94205			4
2025.04.25	00:10:00.359	0.93992	0.94196			6
2025.04.25	00:10:12.784	0.93998	0.94206			6
2025.04.25	00:10:13.408		0.94186			4
2025.04.25	00:10:14.924	0.94001	0.94189			6
2025.04.25	00:10:19.173	0.94002				2
2025.04.25	00:10:26.755		0.94188			4
2025.04.25	00:10:31.909	0.94021	0.94183			6
2025.04.25	00:10:54.356	0.93979	0.94184			6
2025.04.25	00:10:55.363	0.94015	0.94190			6
2025.04.25	00:11:00.309	0.94015				2
2025.04.25	00:11:01.127	0.94021	0.94183			6
2025.04.25	00:11:01.727	0.94015	0.94190			6
2025.04.25	00:11:06.308	0.94016				2
2025.04.25	00:11:07.301	0.94022				2
2025.04.25	00:11:07.930	0.94021	0.94183			6
2025.04.25	00:11:08.550	0.94022	0.94190			6
2025.04.25	00:11:14.858	0.94021	0.94183			6
2025.04.25	00:11:15.771	0.94022	0.94190			6
2025.04.25	00:11:21.655	0.94021	0.94183			6
2025.04.25	00:11:22.297	0.94022	0.94190			6
2025.04.25	00:11:24.795	0.94015				2
2025.04.25	00:11:28.215	0.94019	0.94181			6
2025.04.25	00:11:29.174	0.94013	0.94188			6
2025.04.25	00:11:29.893	0.94010	0.94172			6
2025.04.25	00:11:31.404	0.94011				2
2025.04.25	00:11:37.285	0.93981				2
2025.04.25	00:11:42.154	0.93988	0.94164			6
2025.04.25	00:11:46.062	0.93989				2
2025.04.25	00:11:49.254		0.94170			4
2025.04.25	00:11:56.091	0.94016	0.94216			6
2025.04.25	00:12:00.763	0.94016				2
2025.04.25	00:12:03.338	0.94015				2
2025.04.25	00:12:03.667	0.94016				2
2025.04.25	00:12:13.138	0.94015				2
2025.04.25	00:12:15.763	0.94016				2
2025.04.25	00:12:21.160	0.94021				2
2025.04.25	00:12:29.870	0.94022				2
2025.04.25	00:12:34.972	0.94021				2
2025.04.25	00:12:37.172	0.94040				2
2025.04.25	00:12:38.047	0.94043	0.94251			6
2025.04.25	00:12:38.862	0.94042				2
2025.04.25	00:12:41.822	0.94059				2
2025.04.25	00:12:45.728		0.94235			4
2025.04.25	00:12:50.557	0.94060				2
2025.04.25	00:12:54.483	0.94063				2
2025.04.25	00:12:56.037	0.94081	0.94260			6
2025.04.25	00:12:56.350	0.94052	0.94259			6
2025.04.25	00:12:56.659	0.94081				2
2025.04.25	00:12:57.017	0.94052				2
2025.04.25	00:13:00.109	0.94052				2
2025.04.25	00:13:01.357	0.94081				2
2025.04.25	00:13:01.705	0.94061				2
2025.04.25	00:13:02.042	0.94081				2
2025.04.25	00:13:02.366	0.94060				2
2025.04.25	00:13:07.371	0.94081				2
2025.04.25	00:13:07.704	0.94060				2
2025.04.25	00:13:08.018	0.94081				2
2025.04.25	00:13:08.367	0.94060				2
2025.04.25	00:13:12.375	0.94081				2
2025.04.25	00:13:12.711	0.94061				2
2025.04.25	00:13:13.374	0.94081				2
2025.04.25	00:13:13.702	0.94061				2
2025.04.25	00:13:14.353	0.94060				2
2025.04.25	00:13:15.090	0.94074				2
2025.04.25	00:13:16.372	0.94075				2
2025.04.25	00:13:16.958	0.94074				2
2025.04.25	00:13:17.375	0.94081				2
2025.04.25	00:13:17.707	0.94073				2
2025.04.25	00:13:18.056	0.94074				2
2025.04.25	00:13:19.375	0.94082				2
2025.04.25	00:13:19.706	0.94074				2
2025.04.25	00:13:23.380	0.94082				2
2025.04.25	00:13:23.708	0.94075				2
2025.04.25	00:13:24.157	0.94074				2
2025.04.25	00:13:25.374	0.94082				2
2025.04.25	00:13:25.706	0.94074				2
2025.04.25	00:13:28.372	0.94075				2
2025.04.25	00:13:29.372	0.94085				2
2025.04.25	00:13:29.674	0.94075				2
2025.04.25	00:13:30.372	0.94083				2
2025.04.25	00:13:30.674	0.94075				2
2025.04.25	00:13:32.381	0.94076				2
2025.04.25	00:13:34.083	0.94084				2
2025.04.25	00:13:34.439	0.94076				2
2025.04.25	00:13:36.378	0.94084				2
2025.04.25	00:13:36.703	0.94076				2
2025.04.25	00:13:40.373	0.94088				2
2025.04.25	00:13:40.704	0.94082				2
2025.04.25	00:13:41.373	0.94076				2
2025.04.25	00:13:42.378	0.94088	0.94246			6
2025.04.25	00:13:42.703	0.94084	0.94258			6
2025.04.25	00:13:43.958	0.94085				2
2025.04.25	00:13:44.363	0.94084				2
2025.04.25	00:13:45.371	0.94087	0.94246			6
2025.04.25	00:13:45.701	0.94085	0.94258			6
2025.04.25	00:13:46.241	0.94087	0.94246			6
2025.04.25	00:13:46.576	0.94084	0.94258			6
2025.04.25	00:13:47.371	0.94087	0.94246			6
2025.04.25	00:13:47.696	0.94083	0.94258			6
2025.04.25	00:13:50.258	0.94082				2
2025.04.25	00:13:50.665	0.94083				2
2025.04.25	00:13:51.157	0.94082				2
2025.04.25	00:13:51.473	0.94083	0.94246			6
2025.04.25	00:13:51.780		0.94258			4
2025.04.25	00:13:56.380	0.94086	0.94246			6
2025.04.25	00:13:56.703	0.94084	0.94258			6
2025.04.25	00:13:57.158	0.94081				2
2025.04.25	00:13:57.474	0.94083				2
2025.04.25	00:13:57.778	0.94081				2
2025.04.25	00:13:58.373	0.94084	0.94246			6
2025.04.25	00:13:58.702	0.94081	0.94258			6
2025.04.25	00:14:00.157	0.94080				2
2025.04.25	00:14:00.478	0.94081				2
2025.04.25	00:14:01.062	0.94080				2
2025.04.25	00:14:01.372		0.94259			4
2025.04.25	00:14:02.375	0.94084	0.94246			6
2025.04.25	00:14:02.703	0.94081	0.94259			6
2025.04.25	00:14:04.376	0.94084	0.94246			6
2025.04.25	00:14:04.702	0.94081	0.94259			6
2025.04.25	00:14:05.373	0.94080				2
2025.04.25	00:14:05.862	0.94081				2
2025.04.25	00:14:07.374	0.94084	0.94246			6
2025.04.25	00:14:07.702	0.94081	0.94259			6
2025.04.25	00:14:08.373	0.94080				2
2025.04.25	00:14:09.506	0.94081				2
2025.04.25	00:14:10.357	0.94080				2
2025.04.25	00:14:12.371	0.94081				2
2025.04.25	00:14:13.060	0.94080				2
2025.04.25	00:14:13.372	0.94084	0.94246			6
2025.04.25	00:14:13.708	0.94081	0.94259			6
2025.04.25	00:14:15.373	0.94084	0.94246			6
2025.04.25	00:14:15.701	0.94080	0.94259			6
2025.04.25	00:14:16.965	0.94081				2
2025.04.25	00:14:18.475	0.94080				2
2025.04.25	00:14:19.370	0.94084	0.94246			6
2025.04.25	00:14:19.699	0.94080	0.94259			6
2025.04.25	00:14:21.377	0.94084	0.94246			6
2025.04.25	00:14:21.704	0.94080	0.94259			6
2025.04.25	00:14:22.373	0.94081				2
2025.04.25	00:14:23.372	0.94079				2
2025.04.25	00:14:24.380	0.94081				2
2025.04.25	00:14:25.357	0.94084	0.94246			6
2025.04.25	00:14:25.704	0.94080	0.94259			6
2025.04.25	00:14:26.009	0.94079				2
2025.04.25	00:14:26.371	0.94085	0.94246			6
2025.04.25	00:14:26.707	0.94080	0.94259			6
2025.04.25	00:14:30.376	0.94085	0.94246			6
2025.04.25	00:14:30.706	0.94080	0.94259			6
2025.04.25	00:14:32.376	0.94086	0.94246			6
2025.04.25	00:14:32.702	0.94081	0.94259			6
2025.04.25	00:14:36.371	0.94087	0.94246			6
2025.04.25	00:14:36.703	0.94081	0.94259			6
2025.04.25	00:14:37.371	0.94087				2
2025.04.25	00:14:38.370	0.94091	0.94247			6
2025.04.25	00:14:38.702	0.94087	0.94259			6
2025.04.25	00:14:39.375	0.94089				2
2025.04.25	00:14:39.759	0.94088				2
2025.04.25	00:14:40.361	0.94086				2
2025.04.25	00:14:41.286	0.94089				2
2025.04.25	00:14:41.859	0.94087				2
2025.04.25	00:14:42.371	0.94091	0.94247			6
2025.04.25	00:14:42.700	0.94088	0.94259			6
2025.04.25	00:14:43.371	0.94087				2
2025.04.25	00:14:43.701	0.94089				2
2025.04.25	00:14:44.008	0.94087				2
2025.04.25	00:14:44.370	0.94088				2
2025.04.25	00:14:45.372	0.94090				2
2025.04.25	00:14:46.057	0.94087				2
2025.04.25	00:14:47.372	0.94089				2
2025.04.25	00:14:47.858	0.94088				2
2025.04.25	00:14:48.371	0.94092	0.94247			6
2025.04.25	00:14:48.700	0.94090	0.94259			6
2025.04.25	00:14:49.017	0.94088				2
2025.04.25	00:14:49.374	0.94089				2
2025.04.25	00:14:51.370	0.94091				2
2025.04.25	00:14:52.058	0.94089				2
2025.04.25	00:14:52.677	0.94091				2
2025.04.25	00:14:53.372	0.94094	0.94247			6
2025.04.25	00:14:53.706	0.94091	0.94259			6
2025.04.25	00:14:54.020	0.94090				2
2025.04.25	00:14:56.371	0.94091				2
2025.04.25	00:14:57.373	0.94092				2
2025.04.25	00:14:57.765	0.94091				2
2025.04.25	00:14:59.371	0.94095	0.94247			6
2025.04.25	00:14:59.701	0.94091	0.94259			6
2025.04.25	00:15:00.019	0.94092				2
2025.04.25	00:15:00.371		0.94260			4
2025.04.25	00:15:00.689	0.94091				2
2025.04.25	00:15:01.028	0.94090				2
2025.04.25	00:15:01.370	0.94092				2
2025.04.25	00:15:02.972	0.94091				2
2025.04.25	00:15:03.372	0.94094				2
2025.04.25	00:15:03.758	0.94091				2
2025.04.25	00:15:04.370	0.94092				2
2025.04.25	00:15:05.373	0.94096	0.94247			6
2025.04.25	00:15:05.702	0.94092	0.94260			6
2025.04.25	00:15:10.372	0.94096				2
2025.04.25	00:15:10.690	0.94092				2
2025.04.25	00:15:11.375	0.94096	0.94247			6
2025.04.25	00:15:11.697	0.94092	0.94260			6
2025.04.25	00:15:13.371	0.94093				2
2025.04.25	00:15:16.374	0.94097	0.94247			6
2025.04.25	00:15:16.697	0.94093	0.94260			6
2025.04.25	00:15:17.370	0.94094				2
2025.04.25	00:15:18.758	0.94093				2
2025.04.25	00:15:19.372	0.94094				2
2025.04.25	00:15:19.957	0.94093				2
2025.04.25	00:15:20.370	0.94095				2
2025.04.25	00:15:21.305	0.94094				2
2025.04.25	00:15:21.609		0.94247			4
2025.04.25	00:15:21.918		0.94260			4
2025.04.25	00:15:22.370	0.94096				2
2025.04.25	00:15:22.960	0.94094				2
2025.04.25	00:15:24.374	0.94095				2
2025.04.25	00:15:25.116	0.94098	0.94247			6
2025.04.25	00:15:25.420	0.94102	0.94260			6
2025.04.25	00:15:27.022	0.94105				2
2025.04.25	00:15:30.320		0.94254			4
2025.04.25	00:15:33.037	0.94106	0.94260			6
2025.04.25	00:15:34.363		0.94258			4
2025.04.25	00:15:36.327	0.94107				2
2025.04.25	00:15:43.336	0.94108				2
2025.04.25	00:15:53.258	0.94109				2
2025.04.25	00:15:56.858	0.94119				2
2025.04.25	00:15:59.306		0.94256			4
2025.04.25	00:16:00.418	0.94119				2
2025.04.25	00:16:18.750	0.94108	0.94251			6
2025.04.25	00:16:19.076	0.94102	0.94252			6
2025.04.25	00:16:19.405	0.94108				2
2025.04.25	00:16:19.733	0.94102	0.94251			6
2025.04.25	00:16:20.063		0.94253			4
2025.04.25	00:16:24.376	0.94108	0.94252			6
2025.04.25	00:16:24.678	0.94106	0.94251			6
2025.04.25	00:16:25.028	0.94108				2
2025.04.25	00:16:25.361	0.94104				2
2025.04.25	00:16:25.664	0.94102	0.94252			6
2025.04.25	00:16:29.377	0.94108	0.94253			6
2025.04.25	00:16:29.677	0.94107				2
2025.04.25	00:16:29.980	0.94103				2
2025.04.25	00:16:30.301	0.94108				2
2025.04.25	00:16:30.603	0.94103				2
2025.04.25	00:16:31.071	0.94102				2
2025.04.25	00:16:34.375	0.94103				2
2025.04.25	00:16:34.847	0.94102				2
2025.04.25	00:16:35.377	0.94108				2
2025.04.25	00:16:35.703	0.94104				2
2025.04.25	00:16:36.018	0.94108				2
2025.04.25	00:16:36.365	0.94103				2
2025.04.25	00:16:39.182		0.94254			4
2025.04.25	00:16:40.374		0.94253			4
2025.04.25	00:16:41.372	0.94109	0.94254			6
2025.04.25	00:16:41.699	0.94103	0.94253			6
2025.04.25	00:16:44.258	0.94098	0.94254			6
2025.04.25	00:16:45.348	0.94102	0.94253			6
2025.04.25	00:16:46.362	0.94109				2
2025.04.25	00:16:46.696	0.94102				2
2025.04.25	00:16:47.634	0.94108				2
2025.04.25	00:16:47.939		0.94252			4
2025.04.25	00:16:48.372	0.94102	0.94253			6
2025.04.25	00:16:49.371	0.94101				2
2025.04.25	00:16:50.371	0.94102				2
2025.04.25	00:16:51.370	0.94109	0.94252			6
2025.04.25	00:16:51.698	0.94102				2
2025.04.25	00:16:52.378	0.94103				2
2025.04.25	00:16:52.731	0.94102				2
2025.04.25	00:16:53.369	0.94109				2
2025.04.25	00:16:53.702	0.94102				2
2025.04.25	00:16:54.334	0.94103				2
2025.04.25	00:16:54.767	0.94102				2
2025.04.25	00:16:55.375	0.94103				2
2025.04.25	00:16:58.371	0.94110				2
2025.04.25	00:16:58.674	0.94103				2
2025.04.25	00:17:00.160	0.94105	0.94236			6
2025.04.25	00:17:00.463	0.94104	0.94237			6
2025.04.25	00:17:01.371		0.94252			4
2025.04.25	00:17:02.221	0.94110				2
2025.04.25	00:17:02.544	0.94104				2
2025.04.25	00:17:03.103	0.94110				2
2025.04.25	00:17:03.411	0.94104	0.94251			6
2025.04.25	00:17:04.371	0.94110				2
2025.04.25	00:17:04.705	0.94104				2
2025.04.25	00:17:06.374	0.94105	0.94252			6
2025.04.25	00:17:06.898	0.94106				2
2025.04.25	00:17:07.371		0.94251			4
2025.04.25	00:17:08.370	0.94112	0.94252			6
2025.04.25	00:17:09.370	0.94106	0.94253			6
2025.04.25	00:17:09.673	0.94107				2
2025.04.25	00:17:09.978	0.94105				2
2025.04.25	00:17:11.371	0.94106	0.94252			6
2025.04.25	00:17:13.370		0.94253			4
2025.04.25	00:17:14.372	0.94112	0.94252			6
2025.04.25	00:17:14.697	0.94107				2
2025.04.25	00:17:15.027	0.94106				2
2025.04.25	00:17:17.370	0.94107				2
2025.04.25	00:17:17.866	0.94106				2
2025.04.25	00:17:18.370	0.94107				2
2025.04.25	00:17:20.369	0.94113				2
2025.04.25	00:17:20.698	0.94108				2
2025.04.25	00:17:21.001	0.94107				2
2025.04.25	00:17:22.349	0.94110				2
2025.04.25	00:17:23.371	0.94109				2
2025.04.25	00:17:24.764	0.94108				2
2025.04.25	00:17:25.380	0.94109				2
2025.04.25	00:17:26.380	0.94115				2
2025.04.25	00:17:26.698	0.94109				2
2025.04.25	00:17:31.372	0.94115				2
2025.04.25	00:17:31.700	0.94110				2
2025.04.25	00:17:32.030	0.94107				2
2025.04.25	00:17:32.728	0.94113				2
2025.04.25	00:17:36.348	0.94118	0.94247			6
2025.04.25	00:17:54.949		0.94235			4
2025.04.25	00:17:56.195		0.94246			4
2025.04.25	00:17:58.394	0.94120				2
2025.04.25	00:18:00.359	0.94121				2
2025.04.25	00:18:06.068	0.94103	0.94247			6
2025.04.25	00:18:07.242	0.94101				2
2025.04.25	00:18:13.393	0.94060	0.94250			6
2025.04.25	00:18:14.653	0.94064				2
2025.04.25	00:18:22.362	0.94063				2
2025.04.25	00:18:23.527	0.94064				2
2025.04.25	00:18:31.195	0.94057	0.94233			6
2025.04.25	00:18:32.437	0.94063	0.94251			6
2025.04.25	00:18:35.261	0.94061				2
2025.04.25	00:18:43.762	0.94047				2
2025.04.25	00:18:49.391	0.94046				2
2025.04.25	00:19:00.084	0.94070	0.94290			6
2025.04.25	00:19:01.831	0.94061	0.94295			6
2025.04.25	00:19:13.358	0.94057				2
2025.04.25	00:19:15.098	0.94080				2
2025.04.25	00:19:25.160	0.94079				2
2025.04.25	00:20:01.664	0.94079				2
2025.04.25	00:20:03.158		0.94295			4
2025.04.25	00:20:30.160	0.94051	0.94289			6
2025.04.25	00:20:33.328	0.94082	0.94301			6
2025.04.25	00:20:57.425	0.94044	0.94275			6
2025.04.25	00:20:58.543	0.94041	0.94249			6
2025.04.25	00:21:00.398	0.94041				2
2025.04.25	00:21:09.174	0.94038				2
2025.04.25	00:21:10.057	0.94041				2
2025.04.25	00:21:16.659	0.94040				2
2025.04.25	00:21:18.466	0.94041				2
2025.04.25	00:21:30.435	0.94042	0.94271			6
2025.04.25	00:21:32.781	0.94039	0.94251			6
2025.04.25	00:21:33.712	0.94040				2
2025.04.25	00:21:35.558	0.94060				2
2025.04.25	00:21:36.860	0.94059	0.94252			6
2025.04.25	00:21:37.224	0.94039				2
2025.04.25	00:21:38.118	0.94045	0.94268			6
2025.04.25	00:21:38.563	0.94046				2
2025.04.25	00:21:39.118	0.94047				2
2025.04.25	00:21:40.058	0.94046				2
2025.04.25	00:21:40.506	0.94045				2
2025.04.25	00:21:41.869	0.94043				2
2025.04.25	00:21:43.091	0.94047				2
2025.04.25	00:21:44.026	0.94046				2
2025.04.25	00:21:46.363	0.94044	0.94252			6
2025.04.25	00:21:46.711	0.94063				2
2025.04.25	00:21:47.900	0.94058				2
2025.04.25	00:21:49.131	0.94060				2
2025.04.25	00:21:50.118	0.94061				2
2025.04.25	00:21:52.658	0.94067				2
2025.04.25	00:21:55.194	0.94073				2
2025.04.25	00:21:55.508	0.94057	0.94272			6
2025.04.25	00:21:56.192	0.94056				2
2025.04.25	00:21:57.099	0.94060	0.94270			6
2025.04.25	00:22:01.661	0.94060				2
2025.04.25	00:22:09.990	0.94058	0.94266			6
2025.04.25	00:22:13.751	0.94056	0.94255			6
2025.04.25	00:22:14.857	0.94055				2
2025.04.25	00:22:18.069	0.94058				2
2025.04.25	00:22:22.315	0.94078	0.94293			6
2025.04.25	00:22:26.611	0.94065	0.94281			6
2025.04.25	00:22:35.213	0.94062	0.94263			6
2025.04.25	00:22:35.615	0.94061				2
2025.04.25	00:22:36.467	0.94063	0.94259			6
2025.04.25	00:22:47.053	0.94061				2
2025.04.25	00:22:52.516	0.94060				2
2025.04.25	00:22:57.145	0.94064				2
2025.04.25	00:22:57.917	0.94055	0.94254			6
2025.04.25	00:23:01.663	0.94055				2
2025.04.25	00:23:04.659	0.94056				2
2025.04.25	00:23:06.089	0.94054				2
2025.04.25	00:23:06.457	0.94055				2
2025.04.25	00:23:07.357	0.94054				2
2025.04.25	00:23:08.857	0.94055				2
2025.04.25	00:23:11.634	0.94057				2
2025.04.25	00:23:12.759	0.94056				2
2025.04.25	00:23:16.657	0.94057				2
2025.04.25	00:23:17.209	0.94039	0.94235			6
2025.04.25	00:23:21.082	0.94043				2
2025.04.25	00:23:25.659	0.94044				2
2025.04.25	00:23:34.360	0.94045				2
2025.04.25	00:23:37.120	0.94053	0.94256			6
2025.04.25	00:23:41.860	0.94058				2
2025.04.25	00:23:46.629	0.94057				2
2025.04.25	00:23:47.413	0.94058				2
2025.04.25	00:23:48.101	0.94062				2
2025.04.25	00:23:50.875	0.94061				2
2025.04.25	00:23:53.255	0.94058				2
2025.04.25	00:23:58.359	0.94059				2
2025.04.25	00:24:00.457	0.94059				2
2025.04.25	00:24:12.861	0.94047	0.94254			6
2025.04.25	00:24:13.330	0.94042	0.94206			6
2025.04.25	00:24:14.706	0.94038				2
2025.04.25	00:24:19.057	0.94039				2
2025.04.25	00:24:27.951	0.94036				2
2025.04.25	00:24:31.657	0.94033				2
2025.04.25	00:24:35.691	0.94037				2
2025.04.25	00:24:40.962	0.94038				2
2025.04.25	00:24:45.083	0.94047	0.94256			6
2025.04.25	00:24:50.859	0.94046				2
2025.04.25	00:24:52.556	0.94050				2
2025.04.25	00:24:54.351	0.94051				2
2025.04.25	00:24:55.093	0.94052				2
2025.04.25	00:24:56.144	0.94054				2
2025.04.25	00:24:58.314	0.94053				2
2025.04.25	00:24:59.506	0.94054				2
2025.04.25	00:25:00.313	0.94054				2
2025.04.25	00:25:12.389		0.94246			4
2025.04.25	00:25:17.351	0.94055				2
2025.04.25	00:25:25.322	0.94054	0.94249			6
2025.04.25	00:25:38.021		0.94248			4
2025.04.25	00:25:42.749	0.94052				2
2025.04.25	00:25:52.848	0.94050				2
2025.04.25	00:25:53.625	0.94049				2
2025.04.25	00:25:54.773	0.94051				2
2025.04.25	00:25:56.924	0.94053				2
2025.04.25	00:26:00.300	0.94051	0.94250			6
2025.04.25	00:26:01.265	0.94052				2
2025.04.25	00:26:01.664	0.94053				2
2025.04.25	00:26:02.267	0.94056	0.94249			6
2025.04.25	00:26:03.390	0.94057				2
2025.04.25	00:26:05.508	0.94055				2
2025.04.25	00:26:05.818	0.94056				2
2025.04.25	00:26:06.457	0.94057				2
2025.04.25	00:26:07.821		0.94248			4
2025.04.25	00:26:08.391	0.94058				2
2025.04.25	00:26:09.397	0.94057				2
2025.04.25	00:26:11.324	0.94055				2
2025.04.25	00:26:12.229	0.94048	0.94225			6
2025.04.25	00:26:12.977	0.94047				2
2025.04.25	00:26:14.083	0.94048	0.94239			6
2025.04.25	00:26:17.258	0.94049				2
2025.04.25	00:26:28.189	0.94050				2
2025.04.25	00:26:32.485	0.94047	0.94228			6
2025.04.25	00:26:34.660	0.94048				2
2025.04.25	00:26:38.218	0.94065	0.94229			6
2025.04.25	00:26:39.491		0.94248			4
2025.04.25	00:26:46.100	0.94063				2
2025.04.25	00:26:46.612	0.94064				2
2025.04.25	00:27:00.157	0.94064				2
2025.04.25	00:27:15.463	0.94065				2
2025.04.25	00:27:26.554	0.94061				2
2025.04.25	00:27:34.689	0.94069				2
2025.04.25	00:27:44.784		0.94248			4
2025.04.25	00:27:46.053	0.94097	0.94287			6
2025.04.25	00:27:49.080	0.94093	0.94274			6
2025.04.25	00:27:49.766	0.94084	0.94251			6
2025.04.25	00:27:54.833	0.94083				2
2025.04.25	00:28:00.536	0.94082				2
2025.04.25	00:28:02.080	0.94096	0.94247			6
2025.04.25	00:28:05.857	0.94097				2
2025.04.25	00:28:17.203		0.94246			4
2025.04.25	00:28:21.457	0.94098				2
2025.04.25	00:28:42.190	0.94097				2
2025.04.25	00:28:47.637	0.94098				2
2025.04.25	00:28:55.907	0.94099				2
2025.04.25	00:28:56.543	0.94105	0.94245			6
2025.04.25	00:29:01.832	0.94105				2
2025.04.25	00:29:23.519		0.94246			4
2025.04.25	00:29:24.513	0.94106				2
2025.04.25	00:29:39.411	0.94092	0.94247			6
2025.04.25	00:29:48.652	0.94082	0.94248			6
2025.04.25	00:29:50.703	0.94078				2
2025.04.25	00:29:54.457	0.94079				2
2025.04.25	00:30:00.371	0.94091	0.94298			6
2025.04.25	00:30:00.812	0.94094				2
2025.04.25	00:30:03.109	0.94086	0.94279			6
2025.04.25	00:30:03.582	0.94097	0.94295			6
2025.04.25	00:30:04.075	0.94102	0.94308			6
2025.04.25	00:30:04.659	0.94093	0.94300			6
2025.04.25	00:30:10.115		0.94301			4
2025.04.25	00:30:11.001		0.94300			4
2025.04.25	00:30:12.759		0.94301			4
2025.04.25	00:30:14.557	0.94092				2
2025.04.25	00:30:21.635	0.94083	0.94254			6
2025.04.25	00:30:21.977	0.94084				2
2025.04.25	00:30:22.959	0.94083				2
2025.04.25	00:30:23.928	0.94080				2
2025.04.25	00:30:28.290	0.94078				2
2025.04.25	00:30:31.358	0.94077				2
2025.04.25	00:30:32.513	0.94076				2
2025.04.25	00:30:34.377	0.94074				2
2025.04.25	00:30:36.027	0.94070				2
2025.04.25	00:30:36.698	0.94066				2
2025.04.25	00:30:37.021	0.94065				2
2025.04.25	00:30:40.081	0.94075				2
2025.04.25	00:30:40.575	0.94080				2
2025.04.25	00:30:41.313	0.94071				2
2025.04.25	00:30:41.805	0.94072				2
2025.04.25	00:30:42.299	0.94080				2
2025.04.25	00:30:43.118	0.94069				2
2025.04.25	00:30:44.280		0.94200			4
2025.04.25	00:30:45.677	0.94068	0.94248			6
2025.04.25	00:30:47.482	0.94061				2
2025.04.25	00:30:47.857	0.94060				2
2025.04.25	00:30:51.561	0.94059				2
2025.04.25	00:30:52.193	0.94071				2
2025.04.25	00:30:54.157	0.94070				2
2025.04.25	00:30:59.084	0.94071				2
2025.04.25	00:31:00.458	0.94071				2
2025.04.25	00:31:04.760	0.94053				2
2025.04.25	00:31:05.258	0.94051				2
2025.04.25	00:31:09.928	0.94060				2
2025.04.25	00:31:10.433	0.94059				2
2025.04.25	00:31:14.797	0.94061				2
2025.04.25	00:31:25.073	0.94052				2
2025.04.25	00:31:25.963	0.94053				2
2025.04.25	00:31:27.444	0.94052				2
2025.04.25	00:31:27.951	0.94053				2
2025.04.25	00:31:33.417	0.94078	0.94303			6
2025.04.25	00:31:33.991	0.94076	0.94308			6
2025.04.25	00:31:41.722	0.94075				2
2025.04.25	00:31:47.484		0.94309			4
2025.04.25	00:31:48.167		0.94307			4
2025.04.25	00:31:51.757	0.94077	0.94306			6
2025.04.25	00:31:53.160		0.94305			4
2025.04.25	00:32:01.058	0.94077				2
2025.04.25	00:32:33.998	0.94066	0.94253			6
2025.04.25	00:32:40.081	0.94059				2
2025.04.25	00:32:40.697	0.94057				2
2025.04.25	00:32:55.515	0.94073	0.94289			6
2025.04.25	00:32:55.996	0.94074				2
2025.04.25	00:32:58.153	0.94125	0.94304			6
2025.04.25	00:33:00.757	0.94125				2
2025.04.25	00:33:06.084	0.94111				2
2025.04.25	00:33:10.368		0.94303			4
2025.04.25	00:33:17.257		0.94304			4
2025.04.25	00:33:20.094	0.94126				2
2025.04.25	00:33:28.058		0.94305			4
2025.04.25	00:33:36.178	0.94114				2
2025.04.25	00:33:51.127	0.94131				2
2025.04.25	00:33:51.587		0.94306			4
2025.04.25	00:34:00.161	0.94131				2
2025.04.25	00:34:01.945		0.94312			4
2025.04.25	00:34:06.759		0.94313			4
2025.04.25	00:34:20.263	0.94122	0.94304			6
2025.04.25	00:34:20.607	0.94077	0.94298			6
2025.04.25	00:34:21.566	0.94090	0.94293			6
2025.04.25	00:34:29.446	0.94098	0.94285			6
2025.04.25	00:34:47.114	0.94107	0.94293			6
2025.04.25	00:34:47.485	0.94130	0.94305			6
2025.04.25	00:34:48.075	0.94109	0.94295			6
2025.04.25	00:35:00.458	0.94109				2
2025.04.25	00:35:18.937	0.94117	0.94303			6
2025.04.25	00:35:26.938	0.94118	0.94293			6
2025.04.25	00:35:27.437	0.94136				2
2025.04.25	00:35:34.125	0.94124	0.94294			6
2025.04.25	00:35:35.263	0.94109	0.94290			6
2025.04.25	00:35:37.727	0.94100	0.94291			6
2025.04.25	00:35:49.264	0.94108	0.94293			6
2025.04.25	00:35:53.735	0.94130	0.94306			6
2025.04.25	00:35:54.109	0.94118	0.94304			6
2025.04.25	00:36:00.083	0.94130	0.94306			6
2025.04.25	00:36:00.385	0.94136	0.94307			6
2025.04.25	00:36:00.746	0.94133	0.94306			6
2025.04.25	00:36:04.252	0.94119	0.94305			6
2025.04.25	00:36:04.758		0.94304			4
2025.04.25	00:36:14.547	0.94122				2
2025.04.25	00:36:15.944	0.94106	0.94296			6
2025.04.25	00:36:16.364	0.94118	0.94304			6
2025.04.25	00:36:16.955	0.94119				2
2025.04.25	00:36:25.881		0.94305			4
2025.04.25	00:36:26.762		0.94304			4
2025.04.25	00:36:33.517		0.94305			4
2025.04.25	00:36:34.262		0.94304			4
2025.04.25	00:37:06.014	0.94119				2
2025.04.25	00:37:09.759		0.94303			4
2025.04.25	00:37:13.682	0.94075	0.94254			6
2025.04.25	00:37:13.988	0.94059				2
2025.04.25	00:37:14.300	0.94072	0.94279			6
2025.04.25	00:37:14.753	0.94063	0.94254			6
2025.04.25	00:37:15.110	0.94052				2
2025.04.25	00:37:19.372	0.94058	0.94259			6
2025.04.25	00:37:20.660	0.94056				2
2025.04.25	00:37:23.158	0.94063				2
2025.04.25	00:37:24.976	0.94064				2
2025.04.25	00:37:28.661	0.94069				2
2025.04.25	00:37:30.097	0.94066				2
2025.04.25	00:37:30.973		0.94254			4
2025.04.25	00:37:33.141	0.94067				2
2025.04.25	00:37:37.057	0.94066				2
2025.04.25	00:37:42.741	0.94080				2
2025.04.25	00:37:43.971	0.94077				2
2025.04.25	00:37:45.142	0.94076				2
2025.04.25	00:38:00.307	0.94077				2
2025.04.25	00:38:01.143	0.94076				2
2025.04.25	00:38:06.142	0.94077				2
2025.04.25	00:38:07.359	0.94078				2
2025.04.25	00:38:13.286	0.94082				2
2025.04.25	00:38:15.143	0.94081				2
2025.04.25	00:38:15.671	0.94079				2
2025.04.25	00:38:17.559	0.94078				2
2025.04.25	00:38:26.660	0.94069				2
2025.04.25	00:38:26.978	0.94070				2
2025.04.25	00:38:31.063		0.94254			4
2025.04.25	00:38:40.062	0.94071				2
2025.04.25	00:39:12.078	0.94071				2
2025.04.25	00:39:12.461	0.94072				2
2025.04.25	00:39:15.935	0.94057				2
2025.04.25	00:39:24.071	0.94068	0.94246			6
2025.04.25	00:39:26.537	0.94057	0.94254			6
2025.04.25	00:39:47.258	0.94058				2
2025.04.25	00:39:48.757	0.94057				2
2025.04.25	00:40:00.373	0.94057				2
2025.04.25	00:40:13.051	0.94058				2
2025.04.25	00:40:20.257	0.94057				2
2025.04.25	00:40:26.557		0.94254			4
2025.04.25	00:40:43.060	0.94056				2
2025.04.25	00:40:50.520	0.94057				2
2025.04.25	00:40:52.658	0.94056				2
2025.04.25	00:41:02.192	0.94056				2
2025.04.25	00:41:05.795	0.94057	0.94255			6
2025.04.25	00:41:07.384	0.94058				2
2025.04.25	00:41:11.258	0.94057				2
2025.04.25	00:41:40.994	0.94058				2
2025.04.25	00:41:45.241	0.94057				2
2025.04.25	00:42:03.757	0.94057				2
2025.04.25	00:42:06.171		0.94255			4
2025.04.25	00:42:19.502	0.94058				2
2025.04.25	00:42:25.062	0.94057				2
2025.04.25	00:42:45.237	0.94058				2
2025.04.25	00:42:47.559	0.94057				2
2025.04.25	00:42:55.662		0.94271			4
2025.04.25	00:43:00.159	0.94058				2
2025.04.25	00:43:24.154	0.94057				2
2025.04.25	00:43:25.230	0.94051				2
2025.04.25	00:43:28.958	0.94056				2
2025.04.25	00:43:37.032	0.94057				2
2025.04.25	00:43:57.458		0.94271			4
2025.04.25	00:44:00.334	0.94061				2
2025.04.25	00:44:27.765	0.94060				2
2025.04.25	00:44:47.563	0.94062	0.94262			6
2025.04.25	00:44:50.168	0.94060				2
2025.04.25	00:44:51.763	0.94061				2
2025.04.25	00:44:53.238		0.94258			4
2025.04.25	00:45:02.144	0.94072	0.94257			6
2025.04.25	00:45:03.681	0.94071	0.94255			6
2025.04.25	00:45:04.588	0.94061	0.94258			6
2025.04.25	00:45:04.968	0.94060				2
2025.04.25	00:45:08.772	0.94078	0.94240			6
2025.04.25	00:45:14.873	0.94082	0.94265			6
2025.04.25	00:45:17.696	0.94078	0.94236			6
2025.04.25	00:45:51.187	0.94090				2
2025.04.25	00:46:00.269	0.94090				2
2025.04.25	00:46:01.961	0.94091				2
2025.04.25	00:46:10.359		0.94251			4
2025.04.25	00:46:11.809		0.94250			4
2025.04.25	00:46:30.978	0.94092				2
2025.04.25	00:46:34.659	0.94091				2
2025.04.25	00:46:44.558	0.94092				2
2025.04.25	00:46:53.128	0.94101				2
2025.04.25	00:46:58.066	0.94102				2
2025.04.25	00:47:00.769	0.94102				2
2025.04.25	00:47:02.149	0.94106	0.94251			6
2025.04.25	00:47:03.374		0.94250			4
2025.04.25	00:47:04.587	0.94102				2
2025.04.25	00:47:11.809		0.94240			4
2025.04.25	00:47:14.265	0.94103				2
2025.04.25	00:47:28.060	0.94104				2
2025.04.25	00:47:31.298	0.94108				2
2025.04.25	00:47:40.659	0.94109				2
2025.04.25	00:47:46.399		0.94245			4
2025.04.25	00:47:50.559	0.94110				2
2025.04.25	00:47:52.160		0.94248			4
2025.04.25	00:47:56.869	0.94105				2
2025.04.25	00:48:01.698	0.94104				2
2025.04.25	00:48:02.257	0.94102				2
2025.04.25	00:48:02.837	0.94079	0.94244			6
2025.04.25	00:48:05.723	0.94091				2
2025.04.25	00:48:06.224	0.94087	0.94237			6
2025.04.25	00:48:06.722	0.94091				2
2025.04.25	00:48:07.228	0.94087				2
2025.04.25	00:48:07.721	0.94091				2
2025.04.25	00:48:09.401	0.94077				2
2025.04.25	00:48:28.166	0.94069				2
2025.04.25	00:48:29.558	0.94070				2
2025.04.25	00:48:32.558	0.94069				2
2025.04.25	00:48:34.259	0.94068				2
2025.04.25	00:48:38.264	0.94069				2
2025.04.25	00:48:41.787	0.94071				2
2025.04.25	00:48:46.600	0.94074				2
2025.04.25	00:48:47.858	0.94075				2
2025.04.25	00:48:48.333	0.94072				2
2025.04.25	00:48:50.860	0.94073				2
2025.04.25	00:48:59.258	0.94072				2
2025.04.25	00:49:00.368	0.94072				2
2025.04.25	00:49:01.359	0.94073				2
2025.04.25	00:49:04.058	0.94072				2
2025.04.25	00:49:04.439	0.94067				2
2025.04.25	00:49:06.071		0.94246			4
2025.04.25	00:49:21.442	0.94090	0.94253			6
2025.04.25	00:49:21.794	0.94088				2
2025.04.25	00:49:22.993	0.94089				2
2025.04.25	00:49:33.763	0.94090				2
2025.04.25	00:49:45.758	0.94091				2
2025.04.25	00:49:47.862	0.94090				2
2025.04.25	00:49:50.858	0.94091				2
2025.04.25	00:50:01.135	0.94091				2
2025.04.25	00:50:10.658	0.94092				2
2025.04.25	00:50:21.440		0.94249			4
2025.04.25	00:50:25.364	0.94093				2
2025.04.25	00:50:37.059	0.94094				2
2025.04.25	00:50:49.439	0.94095				2
2025.04.25	00:51:01.060	0.94096				2
2025.04.25	00:51:09.759	0.94097				2
2025.04.25	00:51:14.279	0.94093	0.94235			6
2025.04.25	00:51:14.583	0.94090				2
2025.04.25	00:51:14.897	0.94088				2
2025.04.25	00:51:15.460	0.94089				2
2025.04.25	00:51:15.979	0.94091				2
2025.04.25	00:51:16.349	0.94089				2
2025.04.25	00:51:18.016	0.94091				2
2025.04.25	00:51:18.587	0.94090				2
2025.04.25	00:51:20.372	0.94091	0.94255			6
2025.04.25	00:51:20.679	0.94093	0.94249			6
2025.04.25	00:51:21.157	0.94091				2
2025.04.25	00:51:22.077	0.94093				2
2025.04.25	00:51:24.464	0.94094				2
2025.04.25	00:51:25.155		0.94235			4
2025.04.25	00:51:25.462	0.94091	0.94232			6
2025.04.25	00:51:26.990	0.94092				2
2025.04.25	00:51:27.459	0.94093				2
2025.04.25	00:51:29.256	0.94094				2
2025.04.25	00:51:30.358	0.94095				2
2025.04.25	00:51:31.374	0.94093	0.94235			6
2025.04.25	00:51:31.693		0.94255			4
2025.04.25	00:51:35.866	0.94092				2
2025.04.25	00:51:36.376	0.94089				2
2025.04.25	00:51:36.762	0.94088				2
2025.04.25	00:51:37.191	0.94089				2
2025.04.25	00:51:37.504		0.94232			4
2025.04.25	00:51:40.373	0.94090	0.94255			6
2025.04.25	00:51:42.379	0.94089				2
2025.04.25	00:51:43.372	0.94090				2
2025.04.25	00:51:47.375	0.94093				2
2025.04.25	00:51:47.895	0.94090				2
2025.04.25	00:51:51.375	0.94091				2
2025.04.25	00:51:52.371	0.94089				2
2025.04.25	00:51:54.454	0.94086				2
2025.04.25	00:52:02.988	0.94090	0.94256			6
2025.04.25	00:52:03.989	0.94085	0.94255			6
2025.04.25	00:52:13.732	0.94087				2
2025.04.25	00:52:23.128	0.94089				2
2025.04.25	00:52:24.128	0.94087				2
2025.04.25	00:52:28.158	0.94085				2
2025.04.25	00:52:32.030	0.94081				2
2025.04.25	00:52:36.415	0.94082				2
2025.04.25	00:52:56.912	0.94085				2
2025.04.25	00:53:00.758	0.94085				2
2025.04.25	00:53:03.586	0.94080				2
2025.04.25	00:53:05.557		0.94255			4
2025.04.25	00:53:13.439	0.94078				2
2025.04.25	00:53:34.358	0.94079				2
2025.04.25	00:53:34.947	0.94078				2
2025.04.25	00:53:39.757	0.94079				2
2025.04.25	00:53:49.506	0.94080				2
2025.04.25	00:53:52.722	0.94079				2
2025.04.25	00:53:56.558	0.94080				2
2025.04.25	00:54:00.158	0.94080				2
2025.04.25	00:54:01.551	0.94094	0.94269			6
2025.04.25	00:54:10.359	0.94083	0.94260			6
2025.04.25	00:54:14.257		0.94251			4
2025.04.25	00:54:18.758	0.94082				2
2025.04.25	00:54:49.571		0.94260			4
2025.04.25	00:54:54.461	0.94081				2
2025.04.25	00:54:56.861	0.94082				2
2025.04.25	00:55:01.318	0.94082				2
2025.04.25	00:55:04.120	0.94079				2
2025.04.25	00:55:05.612		0.94261			4
2025.04.25	00:55:09.457	0.94078				2
2025.04.25	00:55:16.277	0.94085				2
2025.04.25	00:55:18.088	0.94078				2
2025.04.25	00:55:19.473	0.94085				2
2025.04.25	00:55:21.078	0.94079				2
2025.04.25	00:55:21.450	0.94085				2
2025.04.25	00:55:22.918	0.94079				2
2025.04.25	00:55:24.682	0.94085				2
2025.04.25	00:55:26.351	0.94079				2
2025.04.25	00:55:28.877	0.94085				2
2025.04.25	00:55:29.491		0.94252			4
2025.04.25	00:55:30.677	0.94079				2
2025.04.25	00:55:30.994	0.94085				2
2025.04.25	00:55:33.381	0.94083				2
2025.04.25	00:55:49.638		0.94261			4
2025.04.25	00:56:00.601	0.94083				2
2025.04.25	00:56:01.278	0.94084	0.94265			6
2025.04.25	00:56:01.630	0.94080	0.94269			6
2025.04.25	00:56:02.170	0.94084	0.94265			6
2025.04.25	00:56:04.282	0.94080	0.94269			6
2025.04.25	00:56:06.076	0.94084	0.94265			6
2025.04.25	00:56:07.387	0.94085	0.94256			6
2025.04.25	00:56:14.258		0.94266			4
2025.04.25	00:56:17.394		0.94263			4
2025.04.25	00:56:26.858	0.94084				2
2025.04.25	00:56:36.760	0.94083	0.94254			6
2025.04.25	00:56:45.460	0.94082				2
2025.04.25	00:56:46.604	0.94078				2
2025.04.25	00:56:53.475	0.94081				2
2025.04.25	00:56:54.319	0.94063				2
2025.04.25	00:56:55.603	0.94067				2
2025.04.25	00:56:55.918	0.94061				2
2025.04.25	00:57:01.657	0.94061				2
2025.04.25	00:57:12.425	0.94056	0.94243			6
2025.04.25	00:57:14.954	0.94063				2
2025.04.25	00:57:26.212	0.94056				2
2025.04.25	00:57:36.469		0.94236			4
2025.04.25	00:58:01.045	0.94056				2
2025.04.25	00:58:08.223	0.94058				2
2025.04.25	00:58:08.559	0.94059				2
2025.04.25	00:58:09.382	0.94056				2
2025.04.25	00:58:12.378	0.94059				2
2025.04.25	00:58:13.882	0.94056				2
2025.04.25	00:58:15.986	0.94059				2
2025.04.25	00:58:16.881	0.94056				2
2025.04.25	00:58:17.483	0.94059				2
2025.04.25	00:58:18.679	0.94056				2
2025.04.25	00:58:19.275	0.94059				2
2025.04.25	00:58:19.796	0.94056				2
2025.04.25	00:58:21.069	0.94059				2
2025.04.25	00:58:22.579	0.94056				2
2025.04.25	00:58:23.177	0.94059				2
2025.04.25	00:58:23.691	0.94056				2
2025.04.25	00:58:24.079	0.94059				2
2025.04.25	00:58:25.228	0.94056				2
2025.04.25	00:58:26.351	0.94059				2
2025.04.25	00:58:27.303	0.94056				2
2025.04.25	00:58:28.279	0.94059				2
2025.04.25	00:58:29.482	0.94056				2
2025.04.25	00:58:30.078	0.94059				2
2025.04.25	00:58:30.680	0.94056				2
2025.04.25	00:58:31.391	0.94059				2
2025.04.25	00:58:32.781	0.94056				2
2025.04.25	00:58:34.063	0.94059				2
2025.04.25	00:58:35.480	0.94056				2
2025.04.25	00:58:36.352	0.94055	0.94241			6
2025.04.25	00:58:36.680	0.94059				2
2025.04.25	00:58:37.197	0.94055				2
2025.04.25	00:58:37.578	0.94054				2
2025.04.25	00:58:37.887	0.94052				2
2025.04.25	00:58:38.221	0.94058				2
2025.04.25	00:58:55.363	0.94057				2
2025.04.25	00:58:57.968	0.94058				2
2025.04.25	00:58:58.712	0.94055				2
2025.04.25	00:59:02.260	0.94055				2
2025.04.25	00:59:03.683	0.94052				2
2025.04.25	00:59:04.083	0.94056				2
2025.04.25	00:59:04.543	0.94052				2
2025.04.25	00:59:13.577	0.94055				2
2025.04.25	00:59:14.781	0.94052				2
2025.04.25	00:59:36.363		0.94241			4
2025.04.25	00:59:37.716	0.94057				2
2025.04.25	01:00:00.319	0.94093	0.94276			6
2025.04.25	01:00:00.661	0.94095	0.94246			6
2025.04.25	01:00:01.115	0.94119	0.94267			6
2025.04.25	01:00:01.781	0.94120	0.94262			6
2025.04.25	01:00:02.452	0.94113	0.94310			6
2025.04.25	01:00:02.785	0.94084	0.94278			6
2025.04.25	01:00:03.089	0.94104	0.94297			6
2025.04.25	01:00:03.997	0.94102	0.94294			6
2025.04.25	01:00:04.299	0.94115	0.94306			6
2025.04.25	01:00:04.604		0.94305			4
2025.04.25	01:00:04.907	0.94165	0.94228			6
2025.04.25	01:00:05.388	0.94173	0.94232			6
2025.04.25	01:00:06.609	0.94172	0.94230			6
2025.04.25	01:00:06.921	0.94165	0.94227			6
2025.04.25	01:00:08.629	0.94172	0.94250			6
2025.04.25	01:00:09.947	0.94174	0.94241			6
2025.04.25	01:00:10.360	0.94166	0.94236			6
2025.04.25	01:00:12.694	0.94167	0.94233			6
2025.04.25	01:00:13.769	0.94166	0.94229			6
2025.04.25	01:00:15.267		0.94234			4
2025.04.25	01:00:16.756	0.94159	0.94223			6
2025.04.25	01:00:18.370	0.94161	0.94238			6
2025.04.25	01:00:18.676	0.94163				2
2025.04.25	01:00:20.057	0.94160	0.94215			6
2025.04.25	01:00:21.126	0.94155	0.94216			6
2025.04.25	01:00:27.555	0.94159	0.94218			6
2025.04.25	01:00:29.559	0.94160	0.94215			6
2025.04.25	01:00:30.657	0.94157	0.94217			6
2025.04.25	01:00:31.358	0.94155	0.94216			6
2025.04.25	01:00:39.682	0.94151	0.94211			6
2025.04.25	01:00:43.060	0.94157	0.94219			6
2025.04.25	01:00:46.379	0.94159				2
2025.04.25	01:00:48.708	0.94157				2
2025.04.25	01:00:51.925	0.94160	0.94220			6
2025.04.25	01:00:53.258	0.94167	0.94214			6
2025.04.25	01:00:53.581	0.94166	0.94220			6
2025.04.25	01:00:53.910		0.94219			4
2025.04.25	01:00:54.217		0.94215			4
2025.04.25	01:00:54.521		0.94218			4
2025.04.25	01:00:54.911		0.94215			4
2025.04.25	01:00:56.403	0.94169				2
2025.04.25	01:01:00.099	0.94169				2
2025.04.25	01:01:00.439		0.94221			4
2025.04.25	01:01:00.759		0.94223			4
2025.04.25	01:01:12.187		0.94217			4
2025.04.25	01:01:12.500		0.94214			4
2025.04.25	01:01:12.833		0.94213			4
2025.04.25	01:01:13.641		0.94212			4
2025.04.25	01:01:15.460		0.94218			4
2025.04.25	01:01:17.259	0.94166				2
2025.04.25	01:01:21.810		0.94216			4
2025.04.25	01:01:24.379		0.94217			4
2025.04.25	01:01:26.757		0.94223			4
2025.04.25	01:01:27.058		0.94224			4
2025.04.25	01:01:27.904		0.94223			4
2025.04.25	01:01:34.165		0.94221			4
2025.04.25	01:01:37.511		0.94223			4
2025.04.25	01:01:42.995		0.94221			4
2025.04.25	01:01:50.320		0.94233			4
2025.04.25	01:01:50.623		0.94232			4
2025.04.25	01:01:53.561		0.94233			4
2025.04.25	01:01:53.879		0.94230			4
2025.04.25	01:02:00.444	0.94166				2
2025.04.25	01:02:25.060		0.94236			4
2025.04.25	01:02:25.383	0.94170				2
2025.04.25	01:02:25.876	0.94166	0.94233			6
2025.04.25	01:02:29.862	0.94167	0.94236			6
2025.04.25	01:02:31.517	0.94168	0.94234			6
2025.04.25	01:02:31.960	0.94167				2
2025.04.25	01:02:32.858	0.94168				2
2025.04.25	01:02:35.558	0.94170	0.94236			6
2025.04.25	01:02:36.396	0.94168	0.94234			6
2025.04.25	01:02:39.158	0.94169				2
2025.04.25	01:02:42.591	0.94168				2
2025.04.25	01:02:45.445	0.94167	0.94240			6
2025.04.25	01:02:45.893	0.94175				2
2025.04.25	01:02:47.941		0.94242			4
2025.04.25	01:02:49.359		0.94239			4
2025.04.25	01:02:51.762	0.94176				2
2025.04.25	01:02:52.083		0.94240			4
2025.04.25	01:02:52.406	0.94171	0.94236			6
2025.04.25	01:02:53.365		0.94238			4
2025.04.25	01:02:53.859	0.94175	0.94236			6
2025.04.25	01:02:56.360	0.94176				2
2025.04.25	01:02:56.962	0.94172	0.94235			6
2025.04.25	01:02:59.175	0.94173	0.94236			6
2025.04.25	01:02:59.859	0.94175				2
2025.04.25	01:03:00.764	0.94175				2
2025.04.25	01:03:07.267	0.94176	0.94240			6
2025.04.25	01:03:07.959	0.94175				2
2025.04.25	01:03:10.541	0.94174	0.94241			6
2025.04.25	01:03:10.961	0.94182	0.94242			6
2025.04.25	01:03:16.995	0.94181				2
2025.04.25	01:03:17.299	0.94187	0.94246			6
2025.04.25	01:03:17.674	0.94192				2
2025.04.25	01:03:18.184	0.94187				2
2025.04.25	01:03:19.064		0.94243			4
2025.04.25	01:03:19.662	0.94186				2
2025.04.25	01:03:26.566	0.94187				2
2025.04.25	01:03:40.058	0.94188				2
2025.04.25	01:03:50.560	0.94189				2
2025.04.25	01:03:52.961	0.94191				2
2025.04.25	01:03:55.545	0.94188				2
2025.04.25	01:03:55.962	0.94191	0.94242			6
2025.04.25	01:03:56.317	0.94188				2
2025.04.25	01:03:57.424	0.94189	0.94243			6
2025.04.25	01:04:00.159	0.94189				2
2025.04.25	01:04:02.863	0.94190				2
2025.04.25	01:04:04.982	0.94189	0.94239			6
2025.04.25	01:04:20.036		0.94240			4
2025.04.25	01:04:25.962	0.94190				2
2025.04.25	01:04:32.190		0.94242			4
2025.04.25	01:04:33.461	0.94191				2
2025.04.25	01:04:43.390		0.94241			4
2025.04.25	01:04:44.561	0.94190				2
2025.04.25	01:04:52.059	0.94191				2
2025.04.25	01:04:52.562		0.94242			4
2025.04.25	01:04:54.355		0.94240			4
2025.04.25	01:04:56.967	0.94184	0.94217			6
2025.04.25	01:04:58.037		0.94213			4
2025.04.25	01:04:58.358	0.94183				2
2025.04.25	01:05:00.424	0.94176	0.94211			6
2025.04.25	01:05:00.758	0.94178	0.94204			6
2025.04.25	01:05:01.168		0.94207			4
2025.04.25	01:05:01.479	0.94184	0.94232			6
2025.04.25	01:05:02.859	0.94185				2
2025.04.25	01:05:03.618	0.94183	0.94230			6
2025.04.25	01:05:04.383	0.94184				2
2025.04.25	01:05:07.360	0.94179	0.94227			6
2025.04.25	01:05:09.159	0.94178				2
2025.04.25	01:05:10.658	0.94184	0.94232			6
2025.04.25	01:05:10.971	0.94186	0.94231			6
2025.04.25	01:05:16.127		0.94232			4
2025.04.25	01:05:19.536		0.94233			4
2025.04.25	01:05:29.261	0.94188				2
2025.04.25	01:05:30.408		0.94236			4
2025.04.25	01:05:34.210	0.94183	0.94231			6
2025.04.25	01:05:40.083		0.94229			4
2025.04.25	01:05:45.759	0.94180	0.94222			6
2025.04.25	01:05:46.098	0.94179				2
2025.04.25	01:05:46.403		0.94223			4
2025.04.25	01:05:46.820		0.94222			4
2025.04.25	01:05:54.183		0.94226			4
2025.04.25	01:05:56.750	0.94178	0.94224			6
2025.04.25	01:05:59.258	0.94181	0.94226			6
2025.04.25	01:05:59.746		0.94224			4
2025.04.25	01:06:01.399	0.94181	0.94225			6
2025.04.25	01:06:01.927	0.94183				2
2025.04.25	01:06:04.425	0.94184	0.94230			6
2025.04.25	01:06:06.158	0.94186				2
2025.04.25	01:06:06.575	0.94182	0.94227			6
2025.04.25	01:06:06.894	0.94184				2
2025.04.25	01:06:07.201	0.94183				2
2025.04.25	01:06:07.507	0.94182	0.94233			6
2025.04.25	01:06:07.821	0.94197	0.94240			6
2025.04.25	01:06:08.855	0.94191	0.94232			6
2025.04.25	01:06:09.459	0.94190				2
2025.04.25	01:06:10.857	0.94191				2
2025.04.25	01:06:13.138	0.94187	0.94231			6
2025.04.25	01:06:15.221		0.94230			4
2025.04.25	01:06:16.014		0.94229			4
2025.04.25	01:06:16.359		0.94230			4
2025.04.25	01:06:16.996	0.94198	0.94241			6
2025.04.25	01:06:17.299	0.94197				2
2025.04.25	01:06:17.602	0.94192	0.94236			6
2025.04.25	01:06:17.936	0.94190				2
2025.04.25	01:06:24.028	0.94189				2
2025.04.25	01:06:25.659	0.94190				2
2025.04.25	01:06:27.362		0.94235			4
2025.04.25	01:06:42.132		0.94234			4
2025.04.25	01:06:55.571	0.94188	0.94233			6
2025.04.25	01:07:01.238	0.94188	0.94232			6
2025.04.25	01:07:02.166		0.94233			4
2025.04.25	01:07:02.656		0.94232			4
2025.04.25	01:07:14.480	0.94187	0.94233			6
2025.04.25	01:07:14.859	0.94189				2
2025.04.25	01:07:20.861		0.94235			4
2025.04.25	01:07:32.270	0.94187	0.94234			6
2025.04.25	01:07:46.375		0.94233			4
2025.04.25	01:07:47.274		0.94234			4
2025.04.25	01:07:56.175	0.94183	0.94233			6
2025.04.25	01:07:59.374	0.94184	0.94231			6
2025.04.25	01:08:00.361	0.94184				2
2025.04.25	01:08:03.457	0.94177	0.94223			6
2025.04.25	01:08:03.799		0.94222			4
2025.04.25	01:08:05.207	0.94176				2
2025.04.25	01:08:09.459	0.94181	0.94226			6
2025.04.25	01:08:09.785		0.94224			4
2025.04.25	01:08:23.627	0.94176	0.94223			6
2025.04.25	01:08:23.941	0.94175	0.94220			6
2025.04.25	01:08:25.228	0.94176	0.94217			6
2025.04.25	01:08:31.103		0.94216			4
2025.04.25	01:08:32.160		0.94217			4
2025.04.25	01:08:33.095	0.94175	0.94215			6
2025.04.25	01:08:33.506	0.94176	0.94214			6
2025.04.25	01:08:34.913	0.94174	0.94215			6
2025.04.25	01:08:35.257	0.94175	0.94216			6
2025.04.25	01:08:37.728	0.94177	0.94221			6
2025.04.25	01:08:39.159	0.94183	0.94231			6
2025.04.25	01:08:39.476	0.94184				2
2025.04.25	01:08:40.250		0.94230			4
2025.04.25	01:08:44.586	0.94187				2
2025.04.25	01:08:48.761		0.94231			4
2025.04.25	01:08:49.068		0.94230			4
2025.04.25	01:08:58.844	0.94189				2
2025.04.25	01:09:00.357	0.94189				2
2025.04.25	01:09:03.160	0.94188				2
2025.04.25	01:09:03.482	0.94190	0.94236			6
2025.04.25	01:09:03.817	0.94196				2
2025.04.25	01:09:06.760	0.94194				2
2025.04.25	01:09:09.451		0.94237			4
2025.04.25	01:09:12.356	0.94204	0.94244			6
2025.04.25	01:09:12.673		0.94243			4
2025.04.25	01:09:14.056		0.94242			4
2025.04.25	01:09:14.358	0.94201	0.94241			6
2025.04.25	01:09:15.451	0.94202	0.94244			6
2025.04.25	01:09:16.664	0.94201				2
2025.04.25	01:09:17.754	0.94200	0.94241			6
2025.04.25	01:09:18.313	0.94196	0.94238			6
2025.04.25	01:09:19.839		0.94237			4
2025.04.25	01:09:23.039	0.94197				2
2025.04.25	01:09:26.859	0.94198				2
2025.04.25	01:09:33.417		0.94239			4
2025.04.25	01:09:33.763		0.94238			4
2025.04.25	01:09:43.122		0.94240			4
2025.04.25	01:10:00.525	0.94198	0.94241			6
2025.04.25	01:10:01.428		0.94239			4
2025.04.25	01:10:01.960	0.94199	0.94240			6
2025.04.25	01:10:05.732		0.94239			4
2025.04.25	01:10:11.313		0.94240			4
2025.04.25	01:10:11.926	0.94197	0.94238			6
2025.04.25	01:10:12.260	0.94195	0.94234			6
2025.04.25	01:10:12.615	0.94190				2
2025.04.25	01:10:16.713	0.94189	0.94235			6
2025.04.25	01:10:17.864	0.94190				2
2025.04.25	01:10:20.982	0.94197	0.94234			6
2025.04.25	01:10:21.284	0.94193				2
2025.04.25	01:10:23.607	0.94197	0.94233			6
2025.04.25	01:10:23.920	0.94193	0.94234			6
2025.04.25	01:10:28.134	0.94190	0.94233			6
2025.04.25	01:10:28.438	0.94191	0.94234			6
2025.04.25	01:10:29.353		0.94233			4
2025.04.25	01:10:30.075	0.94197	0.94243			6
2025.04.25	01:10:30.378	0.94199	0.94242			6
2025.04.25	01:10:31.658	0.94198				2
2025.04.25	01:10:34.041	0.94204	0.94247			6
2025.04.25	01:10:34.360	0.94206	0.94246			6
2025.04.25	01:10:35.485	0.94208	0.94248			6
2025.04.25	01:10:35.863	0.94205				2
2025.04.25	01:10:37.080		0.94246			4
2025.04.25	01:10:37.785	0.94206				2
2025.04.25	01:10:38.415	0.94205				2
2025.04.25	01:10:40.359	0.94206				2
2025.04.25	01:10:42.458	0.94208				2
2025.04.25	01:10:43.151	0.94206				2
2025.04.25	01:10:45.390		0.94245			4
2025.04.25	01:10:47.160		0.94246			4
2025.04.25	01:10:48.334	0.94208				2
2025.04.25	01:10:52.659		0.94245			4
2025.04.25	01:11:00.159	0.94206				2
2025.04.25	01:11:05.371		0.94246			4
2025.04.25	01:11:06.331	0.94208				2
2025.04.25	01:11:06.757	0.94206	0.94245			6
2025.04.25	01:11:12.966	0.94214	0.94251			6
2025.04.25	01:11:13.661	0.94211				2
2025.04.25	01:11:14.006		0.94250			4
2025.04.25	01:11:16.058	0.94214	0.94251			6
2025.04.25	01:11:16.359	0.94211	0.94250			6
2025.04.25	01:11:22.350		0.94248			4
2025.04.25	01:11:39.459	0.94209				2
2025.04.25	01:11:40.057	0.94211				2
2025.04.25	01:11:40.961	0.94209				2
2025.04.25	01:11:41.560	0.94211				2
2025.04.25	01:11:42.160	0.94209				2
2025.04.25	01:11:43.058	0.94211				2
2025.04.25	01:11:45.158	0.94209				2
2025.04.25	01:11:45.761	0.94211				2
2025.04.25	01:11:54.372	0.94200	0.94239			6
2025.04.25	01:11:54.760		0.94237			4
2025.04.25	01:11:55.065		0.94239			4
2025.04.25	01:11:56.355		0.94238			4
2025.04.25	01:12:00.316	0.94200				2
2025.04.25	01:12:02.985		0.94239			4
2025.04.25	01:12:11.525		0.94238			4
2025.04.25	01:12:11.871		0.94239			4
2025.04.25	01:12:17.508		0.94238			4
2025.04.25	01:12:19.049	0.94198	0.94237			6
2025.04.25	01:12:19.357	0.94200	0.94238			6
2025.04.25	01:12:27.677		0.94237			4
2025.04.25	01:12:41.318	0.94198	0.94236			6
2025.04.25	01:12:41.630	0.94197				2
2025.04.25	01:12:47.018	0.94191	0.94229			6
2025.04.25	01:12:50.164	0.94188	0.94231			6
2025.04.25	01:12:50.787		0.94232			4
2025.04.25	01:12:51.378	0.94192				2
2025.04.25	01:12:55.255		0.94233			4
2025.04.25	01:12:55.627	0.94196	0.94235			6
2025.04.25	01:12:56.056	0.94198				2
2025.04.25	01:12:57.030		0.94237			4
2025.04.25	01:12:57.338		0.94238			4
2025.04.25	01:12:57.983		0.94237			4
2025.04.25	01:12:58.768	0.94197	0.94238			6
2025.04.25	01:12:59.415	0.94198				2
2025.04.25	01:13:00.052	0.94198				2
2025.04.25	01:13:01.101		0.94237			4
2025.04.25	01:13:01.407		0.94236			4
2025.04.25	01:13:01.763		0.94235			4
2025.04.25	01:13:02.102		0.94236			4
2025.04.25	01:13:03.537		0.94235			4
2025.04.25	01:13:05.682		0.94236			4
2025.04.25	01:13:05.988		0.94235			4
2025.04.25	01:13:07.517	0.94200	0.94236			6
2025.04.25	01:13:09.888	0.94197	0.94232			6
2025.04.25	01:13:10.227		0.94234			4
2025.04.25	01:13:12.742		0.94233			4
2025.04.25	01:13:18.040	0.94198	0.94234			6
2025.04.25	01:13:19.747	0.94196	0.94233			6
2025.04.25	01:13:20.059	0.94198	0.94232			6
2025.04.25	01:13:25.090	0.94193	0.94231			6
2025.04.25	01:13:26.970	0.94194	0.94232			6
2025.04.25	01:13:28.062	0.94193				2
2025.04.25	01:13:29.894	0.94195	0.94234			6
2025.04.25	01:13:32.481	0.94191	0.94228			6
2025.04.25	01:13:38.232		0.94229			4
2025.04.25	01:13:41.438		0.94228			4
2025.04.25	01:13:46.581		0.94229			4
2025.04.25	01:13:49.500	0.94188	0.94224			6
2025.04.25	01:13:51.460	0.94187				2
2025.04.25	01:13:54.401	0.94190	0.94223			6
2025.04.25	01:14:01.658	0.94190				2
2025.04.25	01:14:04.528		0.94224			4
2025.04.25	01:14:04.831		0.94225			4
2025.04.25	01:14:06.759		0.94227			4
2025.04.25	01:14:07.958	0.94191				2
2025.04.25	01:14:08.273	0.94188	0.94223			6
2025.04.25	01:14:08.653		0.94225			4
2025.04.25	01:14:08.972	0.94189				2
2025.04.25	01:14:09.322	0.94188	0.94224			6
2025.04.25	01:14:09.945		0.94225			4
2025.04.25	01:14:10.259		0.94223			4
2025.04.25	01:14:10.657	0.94189				2
2025.04.25	01:14:11.875	0.94186	0.94222			6
2025.04.25	01:14:12.269	0.94188				2
2025.04.25	01:14:18.216		0.94223			4
2025.04.25	01:14:19.647	0.94189				2
2025.04.25	01:14:26.259	0.94188				2
2025.04.25	01:14:33.160	0.94189				2
2025.04.25	01:14:40.589	0.94188				2
2025.04.25	01:14:40.961	0.94189				2
2025.04.25	01:14:41.297		0.94226			4
2025.04.25	01:14:41.858	0.94191	0.94227			6
2025.04.25	01:14:43.833	0.94193	0.94228			6
2025.04.25	01:14:44.150	0.94191	0.94229			6
2025.04.25	01:14:46.063	0.94194	0.94231			6
2025.04.25	01:14:46.367	0.94191	0.94229			6
2025.04.25	01:14:46.824		0.94226			4
2025.04.25	01:14:47.374	0.94181	0.94217			6
2025.04.25	01:14:47.765	0.94180	0.94218			6
2025.04.25	01:14:48.116		0.94217			4
2025.04.25	01:14:49.100	0.94187	0.94221			6
2025.04.25	01:14:50.291		0.94222			4
2025.04.25	01:14:54.725	0.94189	0.94225			6
2025.04.25	01:14:55.057	0.94190				2
2025.04.25	01:14:55.404		0.94223			4
2025.04.25	01:14:57.796		0.94225			4
2025.04.25	01:14:59.566	0.94189				2
2025.04.25	01:15:00.159	0.94189	0.94211			6
2025.04.25	01:15:00.461	0.94187	0.94213			6
2025.04.25	01:15:01.182	0.94192	0.94222			6
2025.04.25	01:15:01.485		0.94223			4
2025.04.25	01:15:01.800	0.94193				2
2025.04.25	01:15:02.124	0.94192				2
2025.04.25	01:15:04.104	0.94185	0.94216			6
2025.04.25	01:15:04.714	0.94186				2
2025.04.25	01:15:05.218	0.94188	0.94219			6
2025.04.25	01:15:06.308	0.94189				2
2025.04.25	01:15:06.667	0.94190				2
2025.04.25	01:15:06.980	0.94185	0.94216			6
2025.04.25	01:15:09.158	0.94187				2
2025.04.25	01:15:09.496	0.94189	0.94219			6
2025.04.25	01:15:12.760	0.94190				2
2025.04.25	01:15:13.491	0.94189				2
2025.04.25	01:15:13.818	0.94186	0.94213			6
2025.04.25	01:15:14.122	0.94185	0.94215			6
2025.04.25	01:15:14.427	0.94184				2
2025.04.25	01:15:15.067	0.94185				2
2025.04.25	01:15:15.369	0.94184				2
2025.04.25	01:15:17.310		0.94214			4
2025.04.25	01:15:18.098	0.94190	0.94218			6
2025.04.25	01:15:19.734	0.94189				2
2025.04.25	01:15:24.580	0.94190				2
2025.04.25	01:15:26.072	0.94187				2
2025.04.25	01:15:26.381	0.94189				2
2025.04.25	01:15:26.706	0.94188				2
2025.04.25	01:15:27.052	0.94189				2
2025.04.25	01:15:28.830	0.94188				2
2025.04.25	01:15:29.141	0.94189				2
2025.04.25	01:15:29.621	0.94191	0.94221			6
2025.04.25	01:15:29.945	0.94192				2
2025.04.25	01:15:30.370		0.94223			4
2025.04.25	01:15:30.714		0.94221			4
2025.04.25	01:15:32.446	0.94193				2
2025.04.25	01:15:34.789	0.94196	0.94224			6
2025.04.25	01:15:36.658	0.94197				2
2025.04.25	01:15:38.698	0.94198	0.94226			6
2025.04.25	01:15:38.999	0.94199				2
2025.04.25	01:15:40.731	0.94197				2
2025.04.25	01:15:41.767	0.94198				2
2025.04.25	01:15:42.651	0.94196				2
2025.04.25	01:15:43.006	0.94197				2
2025.04.25	01:15:43.365	0.94199				2
2025.04.25	01:15:45.072	0.94198				2
2025.04.25	01:15:45.380		0.94225			4
2025.04.25	01:15:45.772		0.94226			4
2025.04.25	01:15:46.161		0.94225			4
2025.04.25	01:15:46.467		0.94226			4
2025.04.25	01:15:47.263	0.94197				2
2025.04.25	01:15:47.579	0.94198	0.94225			6
2025.04.25	01:15:48.154	0.94199	0.94226			6
2025.04.25	01:15:48.514	0.94201	0.94227			6
2025.04.25	01:15:49.946		0.94228			4
2025.04.25	01:15:50.293		0.94227			4
2025.04.25	01:16:00.644	0.94201				2
2025.04.25	01:16:04.057	0.94193	0.94221			6
2025.04.25	01:16:04.362	0.94198	0.94223			6
2025.04.25	01:16:05.026		0.94220			4
2025.04.25	01:16:05.906	0.94197				2
2025.04.25	01:16:06.257		0.94222			4
2025.04.25	01:16:06.973	0.94198	0.94223			6
2025.04.25	01:16:10.131	0.94199	0.94224			6
2025.04.25	01:16:10.473	0.94198	0.94223			6
2025.04.25	01:16:10.840	0.94199	0.94224			6
2025.04.25	01:16:11.146	0.94201	0.94226			6
2025.04.25	01:16:12.301		0.94225			4
2025.04.25	01:16:12.921		0.94226			4
2025.04.25	01:16:17.143	0.94200	0.94225			6
2025.04.25	01:16:17.456	0.94201	0.94226			6
2025.04.25	01:16:18.236	0.94199	0.94223			6
2025.04.25	01:16:18.666	0.94201	0.94227			6
2025.04.25	01:16:19.300		0.94225			4
2025.04.25	01:16:19.659		0.94227			4
2025.04.25	01:16:20.576		0.94225			4
2025.04.25	01:16:21.726	0.94200	0.94224			6
2025.04.25	01:16:22.046	0.94199	0.94223			6
2025.04.25	01:16:22.874	0.94198	0.94222			6
2025.04.25	01:16:23.180	0.94196	0.94220			6
2025.04.25	01:16:23.503	0.94198	0.94222			6
2025.04.25	01:16:27.463	0.94196	0.94220			6
2025.04.25	01:16:27.821	0.94198	0.94222			6
2025.04.25	01:16:36.723		0.94223			4
2025.04.25	01:16:37.039		0.94222			4
2025.04.25	01:16:37.960	0.94193	0.94217			6
2025.04.25	01:16:39.772		0.94219			4
2025.04.25	01:16:45.717		0.94217			4
2025.04.25	01:16:46.434	0.94194	0.94218			6
2025.04.25	01:16:46.758		0.94219			4
2025.04.25	01:16:47.059		0.94218			4
2025.04.25	01:16:47.405	0.94193	0.94220			6
2025.04.25	01:16:47.721		0.94219			4
2025.04.25	01:16:48.040	0.94195	0.94218			6
2025.04.25	01:16:48.354	0.94193	0.94217			6
2025.04.25	01:16:48.670	0.94195	0.94219			6
2025.04.25	01:16:49.138	0.94196				2
2025.04.25	01:16:49.440	0.94194				2
2025.04.25	01:16:49.890	0.94195				2
2025.04.25	01:16:50.642	0.94194				2
2025.04.25	01:16:50.970		0.94220			4
2025.04.25	01:16:51.280	0.94195				2
2025.04.25	01:16:55.179	0.94197				2
2025.04.25	01:16:56.119	0.94195	0.94221			6
2025.04.25	01:16:56.464	0.94196	0.94220			6
2025.04.25	01:16:56.859	0.94197				2
2025.04.25	01:16:57.170	0.94196	0.94221			6
2025.04.25	01:16:57.509	0.94197	0.94220			6
2025.04.25	01:16:58.153	0.94196	0.94221			6
2025.04.25	01:16:58.534		0.94219			4
2025.04.25	01:16:58.842	0.94197	0.94221			6
2025.04.25	01:16:59.191		0.94220			4
2025.04.25	01:16:59.589	0.94196	0.94219			6
2025.04.25	01:16:59.899	0.94195	0.94220			6
2025.04.25	01:17:00.223	0.94196	0.94219			6
2025.04.25	01:17:01.002	0.94201	0.94224			6
2025.04.25	01:17:01.727	0.94200				2
2025.04.25	01:17:02.038		0.94223			4
2025.04.25	01:17:03.851	0.94199	0.94222			6
2025.04.25	01:17:04.788	0.94198				2
2025.04.25	01:17:05.113	0.94199				2
2025.04.25	01:17:05.881	0.94198				2
2025.04.25	01:17:06.187	0.94199	0.94221			6
2025.04.25	01:17:06.966	0.94198	0.94222			6
2025.04.25	01:17:08.021	0.94199				2
2025.04.25	01:17:09.073	0.94198				2
2025.04.25	01:17:11.142	0.94200				2
2025.04.25	01:17:11.556	0.94202	0.94223			6
2025.04.25	01:17:16.409	0.94194	0.94217			6
2025.04.25	01:17:16.941	0.94195				2
2025.04.25	01:17:18.094	0.94194	0.94216			6
2025.04.25	01:17:18.400		0.94217			4
2025.04.25	01:17:19.039	0.94195				2
2025.04.25	01:17:20.792	0.94196				2
2025.04.25	01:17:21.101		0.94218			4
2025.04.25	01:17:21.425	0.94197	0.94219			6
2025.04.25	01:17:21.739	0.94195	0.94217			6
2025.04.25	01:17:22.105		0.94219			4
2025.04.25	01:17:22.459	0.94196	0.94218			6
2025.04.25	01:17:22.792	0.94195				2
2025.04.25	01:17:23.100	0.94196	0.94220			6
2025.04.25	01:17:23.408	0.94197				2
2025.04.25	01:17:23.719	0.94196				2
2025.04.25	01:17:24.076	0.94197	0.94219			6
2025.04.25	01:17:24.458	0.94195	0.94217			6
2025.04.25	01:17:24.781	0.94196	0.94218			6
2025.04.25	01:17:26.099	0.94197	0.94220			6
2025.04.25	01:17:28.639	0.94195	0.94218			6
2025.04.25	01:17:31.123	0.94198	0.94220			6
2025.04.25	01:17:31.440	0.94195	0.94216			6
2025.04.25	01:17:39.433		0.94217			4
2025.04.25	01:17:41.510	0.94197	0.94220			6
2025.04.25	01:17:42.229		0.94219			4
2025.04.25	01:17:43.283		0.94220			4
2025.04.25	01:17:44.096	0.94195	0.94217			6
2025.04.25	01:17:45.069	0.94196	0.94218			6
2025.04.25	01:17:50.609	0.94195	0.94217			6
2025.04.25	01:17:52.049	0.94196	0.94218			6
2025.04.25	01:17:53.882	0.94195				2
2025.04.25	01:17:54.235	0.94196				2
2025.04.25	01:17:56.975	0.94195				2
2025.04.25	01:17:57.284	0.94196				2
2025.04.25	01:17:59.158	0.94195	0.94217			6
2025.04.25	01:17:59.860	0.94196	0.94218			6
2025.04.25	01:18:00.209	0.94194	0.94216			6
2025.04.25	01:18:00.534	0.94195				2
2025.04.25	01:18:00.843		0.94217			4
2025.04.25	01:18:01.507	0.94196	0.94218			6
2025.04.25	01:18:01.853	0.94195	0.94217			6
2025.04.25	01:18:02.706	0.94196	0.94218			6
2025.04.25	01:18:03.448	0.94195	0.94217			6
2025.04.25	01:18:03.801		0.94218			4
2025.04.25	01:18:05.258		0.94217			4
2025.04.25	01:18:05.837		0.94218			4
2025.04.25	01:18:08.876	0.94194	0.94216			6
2025.04.25	01:18:09.889		0.94217			4
2025.04.25	01:18:10.444	0.94195				2
2025.04.25	01:18:10.944	0.94194	0.94216			6
2025.04.25	01:18:11.276	0.94195	0.94217			6
2025.04.25	01:18:12.178	0.94194	0.94216			6
2025.04.25	01:18:13.958		0.94215			4
2025.04.25	01:18:14.261		0.94216			4
2025.04.25	01:18:18.812	0.94193	0.94215			6
2025.04.25	01:18:19.838	0.94194	0.94216			6
2025.04.25	01:18:20.264	0.94192	0.94214			6
2025.04.25	01:18:20.918	0.94193				2
2025.04.25	01:18:21.962	0.94194	0.94215			6
2025.04.25	01:18:22.338	0.94192	0.94214			6
2025.04.25	01:18:23.225	0.94193				2
2025.04.25	01:18:24.311		0.94215			4
2025.04.25	01:18:25.366	0.94195	0.94216			6
2025.04.25	01:18:25.683	0.94196	0.94218			6
2025.04.25	01:18:26.990	0.94195	0.94219			6
2025.04.25	01:18:27.320	0.94196				2
2025.04.25	01:18:28.000	0.94195				2
2025.04.25	01:18:28.357	0.94196	0.94218			6
2025.04.25	01:18:32.093	0.94197	0.94217			6
2025.04.25	01:18:33.142	0.94198	0.94220			6
2025.04.25	01:18:36.913	0.94200	0.94222			6
2025.04.25	01:18:40.184	0.94197	0.94219			6
2025.04.25	01:18:40.938	0.94199	0.94220			6
2025.04.25	01:18:42.459	0.94198	0.94219			6
2025.04.25	01:18:43.712	0.94197	0.94218			6
2025.04.25	01:18:44.036	0.94195	0.94217			6
2025.04.25	01:18:44.425	0.94196				2
2025.04.25	01:18:50.846	0.94189	0.94210			6
2025.04.25	01:18:58.882	0.94188	0.94206			6
2025.04.25	01:18:59.888	0.94189				2
2025.04.25	01:19:00.226	0.94188				2
2025.04.25	01:19:01.328	0.94189	0.94210			6
2025.04.25	01:19:02.019		0.94208			4
2025.04.25	01:19:02.354		0.94209			4
2025.04.25	01:19:02.975	0.94188				2
2025.04.25	01:19:04.063	0.94189				2
2025.04.25	01:19:05.121	0.94192	0.94212			6
2025.04.25	01:19:05.446	0.94193				2
2025.04.25	01:19:07.273	0.94192				2
2025.04.25	01:19:07.600	0.94194	0.94215			6
2025.04.25	01:19:08.684	0.94195				2
2025.04.25	01:19:11.265	0.94191	0.94210			6
2025.04.25	01:19:11.582	0.94194	0.94213			6
2025.04.25	01:19:11.895	0.94193				2
2025.04.25	01:19:12.980	0.94196	0.94216			6
2025.04.25	01:19:13.477	0.94195				2
2025.04.25	01:19:14.859		0.94215			4
2025.04.25	01:19:18.481	0.94193	0.94213			6
2025.04.25	01:19:22.358	0.94194	0.94215			6
2025.04.25	01:19:23.391	0.94196	0.94216			6
2025.04.25	01:19:26.680	0.94195				2
2025.04.25	01:19:28.357	0.94196				2
2025.04.25	01:19:30.826	0.94195				2
2025.04.25	01:19:33.457	0.94196				2
2025.04.25	01:19:34.822	0.94197	0.94217			6
2025.04.25	01:19:36.622		0.94218			4
2025.04.25	01:19:40.013	0.94198				2
2025.04.25	01:19:40.321	0.94197				2
2025.04.25	01:19:55.512	0.94196	0.94216			6
2025.04.25	01:19:56.550	0.94187	0.94208			6
2025.04.25	01:19:56.861	0.94188				2
2025.04.25	01:19:57.909	0.94187	0.94207			6
2025.04.25	01:20:00.367	0.94188	0.94209			6
2025.04.25	01:20:03.622	0.94186	0.94207			6
2025.04.25	01:20:04.655		0.94206			4
2025.04.25	01:20:09.762		0.94207			4
2025.04.25	01:20:10.220	0.94190	0.94210			6
2025.04.25	01:20:10.529	0.94189				2
2025.04.25	01:20:19.370	0.94190				2
2025.04.25	01:20:20.360	0.94191	0.94211			6
2025.04.25	01:20:21.460	0.94190	0.94210			6
2025.04.25	01:20:22.475	0.94191	0.94211			6
2025.04.25	01:20:23.491	0.94190	0.94210			6
2025.04.25	01:20:32.869	0.94193	0.94211			6
2025.04.25	01:20:33.184	0.94192	0.94212			6
2025.04.25	01:20:34.339	0.94193				2
2025.04.25	01:20:38.889		0.94213			4
2025.04.25	01:20:39.399		0.94215			4
2025.04.25	01:20:41.573		0.94214			4
2025.04.25	01:20:43.178		0.94215			4
2025.04.25	01:20:46.643	0.94192	0.94214			6
2025.04.25	01:20:46.961	0.94191	0.94212			6
2025.04.25	01:20:56.683	0.94190				2
2025.04.25	01:20:57.758		0.94211			4
2025.04.25	01:20:59.438	0.94191	0.94212			6
2025.04.25	01:21:00.458	0.94191				2
2025.04.25	01:21:01.333		0.94211			4
2025.04.25	01:21:02.100	0.94192	0.94212			6
2025.04.25	01:21:02.407	0.94193	0.94215			6
2025.04.25	01:21:03.462		0.94214			4
2025.04.25	01:21:07.755	0.94189	0.94209			6
2025.04.25	01:21:09.906	0.94191	0.94211			6
2025.04.25	01:21:11.739	0.94190	0.94210			6
2025.04.25	01:21:25.221		0.94209			4
2025.04.25	01:21:25.821	0.94191	0.94211			6
2025.04.25	01:21:26.186	0.94192	0.94212			6
2025.04.25	01:21:33.909	0.94194	0.94214			6
2025.04.25	01:21:35.259	0.94193				2
2025.04.25	01:21:36.758	0.94194				2
2025.04.25	01:21:44.379	0.94193	0.94213			6
2025.04.25	01:21:45.166	0.94197	0.94215			6
2025.04.25	01:21:45.716	0.94198				2
2025.04.25	01:21:46.242		0.94216			4
2025.04.25	01:21:53.419	0.94199	0.94218			6
2025.04.25	01:22:00.758	0.94199				2
2025.04.25	01:22:01.190	0.94198				2
2025.04.25	01:22:02.861	0.94199				2
2025.04.25	01:22:32.557	0.94200				2
2025.04.25	01:22:33.764	0.94199				2
2025.04.25	01:22:40.968		0.94217			4
2025.04.25	01:22:42.637		0.94218			4
2025.04.25	01:22:45.759	0.94201				2
2025.04.25	01:22:46.062	0.94203	0.94221			6
2025.04.25	01:22:50.340	0.94201	0.94220			6
2025.04.25	01:22:51.460		0.94219			4
2025.04.25	01:22:52.659		0.94220			4
2025.04.25	01:22:54.812		0.94219			4
2025.04.25	01:22:55.662		0.94220			4
2025.04.25	01:22:57.213	0.94202	0.94221			6
2025.04.25	01:22:57.542		0.94220			4
2025.04.25	01:23:00.440	0.94203	0.94221			6
2025.04.25	01:23:08.862	0.94205	0.94223			6
2025.04.25	01:23:17.262	0.94206	0.94224			6
2025.04.25	01:23:18.116		0.94227			4
2025.04.25	01:23:18.490	0.94205				2
2025.04.25	01:23:19.960	0.94206	0.94226			6
2025.04.25	01:23:22.679	0.94205				2
2025.04.25	01:23:23.257	0.94206				2
2025.04.25	01:23:25.788	0.94205				2
2025.04.25	01:23:26.261	0.94206				2
2025.04.25	01:23:26.827	0.94205				2
2025.04.25	01:23:27.158	0.94206				2
2025.04.25	01:23:27.862	0.94205				2
2025.04.25	01:23:28.350	0.94206				2
2025.04.25	01:23:29.896		0.94224			4
2025.04.25	01:23:30.271	0.94205	0.94223			6
2025.04.25	01:23:31.957		0.94224			4
2025.04.25	01:23:37.367	0.94204				2
2025.04.25	01:23:39.704	0.94205				2
2025.04.25	01:23:42.463		0.94223			4
2025.04.25	01:23:45.160	0.94204	0.94222			6
2025.04.25	01:23:51.421	0.94205	0.94223			6
2025.04.25	01:23:52.023	0.94202	0.94220			6
2025.04.25	01:23:52.341	0.94203				2
2025.04.25	01:23:53.427		0.94221			4
2025.04.25	01:23:57.157	0.94201	0.94218			6
2025.04.25	01:23:57.461	0.94200				2
2025.04.25	01:23:58.384	0.94201				2
2025.04.25	01:23:59.181	0.94198	0.94216			6
2025.04.25	01:24:02.557	0.94198				2
2025.04.25	01:24:05.559	0.94196	0.94214			6
2025.04.25	01:24:08.245	0.94197	0.94215			6
2025.04.25	01:24:10.065	0.94198				2
2025.04.25	01:24:19.168		0.94216			4
2025.04.25	01:24:20.356		0.94215			4
2025.04.25	01:24:38.863		0.94214			4
2025.04.25	01:24:40.660		0.94215			4
2025.04.25	01:24:47.975		0.94214			4
2025.04.25	01:24:49.181		0.94215			4
2025.04.25	01:24:50.463		0.94206			4
2025.04.25	01:24:50.850		0.94215			4
2025.04.25	01:24:51.724	0.94191	0.94205			6
2025.04.25	01:24:52.057	0.94193	0.94209			6
2025.04.25	01:24:53.114	0.94191				2
2025.04.25	01:24:55.748	0.94192	0.94210			6
2025.04.25	01:25:00.177	0.94190	0.94207			6
2025.04.25	01:25:00.516	0.94189				2
2025.04.25	01:25:00.974	0.94190				2
2025.04.25	01:25:01.282		0.94208			4
2025.04.25	01:25:15.748	0.94191	0.94207			6
2025.04.25	01:25:17.199		0.94208			4
2025.04.25	01:25:23.714	0.94190				2
2025.04.25	01:25:24.759		0.94207			4
2025.04.25	01:25:28.021		0.94206			4
2025.04.25	01:25:28.358		0.94207			4
2025.04.25	01:25:33.945		0.94208			4
2025.04.25	01:26:00.123	0.94190	0.94207			6
2025.04.25	01:26:00.759		0.94208			4
2025.04.25	01:26:10.474		0.94207			4
2025.04.25	01:26:10.820	0.94189				2
2025.04.25	01:26:12.018	0.94190				2
2025.04.25	01:26:15.051	0.94189	0.94206			6
2025.04.25	01:26:15.460	0.94191	0.94207			6
2025.04.25	01:26:15.760	0.94190	0.94206			6
2025.04.25	01:26:20.550	0.94189				2
2025.04.25	01:26:21.433	0.94187	0.94204			6
2025.04.25	01:26:24.757	0.94186	0.94203			6
2025.04.25	01:26:49.081	0.94189	0.94204			6
2025.04.25	01:26:49.559	0.94188	0.94205			6
2025.04.25	01:26:55.206	0.94187	0.94204			6
2025.04.25	01:27:00.757	0.94187				2
2025.04.25	01:27:09.049	0.94189	0.94206			6
2025.04.25	01:27:09.653	0.94196	0.94212			6
2025.04.25	01:27:10.967	0.94197	0.94214			6
2025.04.25	01:27:11.284		0.94215			4
2025.04.25	01:27:17.262	0.94198				2
2025.04.25	01:27:18.460	0.94197				2
2025.04.25	01:27:22.898	0.94198				2
2025.04.25	01:27:40.083	0.94197				2
2025.04.25	01:27:52.515	0.94196				2
2025.04.25	01:27:55.848	0.94197				2
2025.04.25	01:28:00.130	0.94197				2
2025.04.25	01:28:03.925	0.94203	0.94218			6
2025.04.25	01:28:05.071	0.94208	0.94224			6
2025.04.25	01:28:05.404	0.94207				2
2025.04.25	01:28:06.343	0.94205				2
2025.04.25	01:28:07.095	0.94206				2
2025.04.25	01:28:07.400	0.94205	0.94222			6
2025.04.25	01:28:10.299	0.94204	0.94220			6
2025.04.25	01:28:10.675	0.94202	0.94219			6
2025.04.25	01:28:11.857	0.94203	0.94220			6
2025.04.25	01:28:15.459	0.94202				2
2025.04.25	01:28:16.524	0.94203				2
2025.04.25	01:28:17.087		0.94219			4
2025.04.25	01:28:18.760	0.94202				2
2025.04.25	01:28:20.859	0.94203				2
2025.04.25	01:28:22.666	0.94202				2
2025.04.25	01:28:23.859	0.94203				2
2025.04.25	01:28:28.364		0.94220			4
2025.04.25	01:28:30.520	0.94205	0.94221			6
2025.04.25	01:28:32.257	0.94204				2
2025.04.25	01:28:34.124	0.94203	0.94220			6
2025.04.25	01:28:40.666	0.94202	0.94219			6
2025.04.25	01:28:42.759	0.94203	0.94220			6
2025.04.25	01:28:44.751	0.94204	0.94221			6
2025.04.25	01:28:46.154	0.94205				2
2025.04.25	01:28:47.870	0.94200	0.94217			6
2025.04.25	01:29:00.381	0.94200				2
2025.04.25	01:29:03.759	0.94199				2
2025.04.25	01:29:04.924	0.94200				2
2025.04.25	01:29:10.469	0.94199				2
2025.04.25	01:29:13.972	0.94200				2
2025.04.25	01:29:15.621	0.94197	0.94215			6
2025.04.25	01:29:21.587		0.94214			4
2025.04.25	01:29:24.998		0.94215			4
2025.04.25	01:29:29.761	0.94195	0.94212			6
2025.04.25	01:29:30.895	0.94194	0.94211			6
2025.04.25	01:29:32.596	0.94197	0.94216			6
2025.04.25	01:29:33.676	0.94198				2
2025.04.25	01:29:37.589		0.94215			4
2025.04.25	01:29:39.628	0.94197				2
2025.04.25	01:29:40.658	0.94198				2
2025.04.25	01:29:41.716	0.94197				2
2025.04.25	01:29:42.159	0.94198				2
2025.04.25	01:29:43.137		0.94214			4
2025.04.25	01:29:44.556	0.94197				2
2025.04.25	01:29:46.413	0.94198				2
2025.04.25	01:29:50.039	0.94197				2
2025.04.25	01:29:51.565	0.94198				2
2025.04.25	01:29:55.379		0.94215			4
2025.04.25	01:29:59.145	0.94197	0.94214			6
2025.04.25	01:30:00.304	0.94196	0.94212			6
2025.04.25	01:30:00.619	0.94197				2
2025.04.25	01:30:01.712	0.94194	0.94208			6
2025.04.25	01:30:02.192	0.94198	0.94206			6
2025.04.25	01:30:03.430	0.94197	0.94207			6
2025.04.25	01:30:03.733	0.94198	0.94208			6
2025.04.25	01:30:04.644	0.94197	0.94211			6
2025.04.25	01:30:04.977	0.94196	0.94210			6
2025.04.25	01:30:07.010	0.94198	0.94212			6
2025.04.25	01:30:07.324	0.94199	0.94213			6
2025.04.25	01:30:08.431	0.94201	0.94215			6
2025.04.25	01:30:13.362	0.94200	0.94214			6
2025.04.25	01:30:14.078	0.94201	0.94215			6
2025.04.25	01:30:17.827	0.94200	0.94214			6
2025.04.25	01:30:19.465	0.94198	0.94212			6
2025.04.25	01:30:20.526	0.94199	0.94213			6
2025.04.25	01:30:25.752	0.94198	0.94212			6
2025.04.25	01:30:28.649	0.94199	0.94213			6
2025.04.25	01:30:48.825	0.94204	0.94217			6
2025.04.25	01:30:49.160		0.94219			4
2025.04.25	01:30:51.729	0.94214	0.94228			6
2025.04.25	01:30:57.731	0.94218	0.94231			6
2025.04.25	01:31:01.065	0.94218	0.94232			6
2025.04.25	01:31:02.329		0.94231			4
2025.04.25	01:31:03.117		0.94232			4
2025.04.25	01:31:03.847	0.94216	0.94230			6
2025.04.25	01:31:06.240	0.94211	0.94225			6
2025.04.25	01:31:08.421	0.94208	0.94222			6
2025.04.25	01:31:12.458	0.94205	0.94219			6
2025.04.25	01:31:15.516	0.94208	0.94222			6
2025.04.25	01:31:18.655	0.94206	0.94220			6
2025.04.25	01:31:43.469	0.94205	0.94219			6
2025.04.25	01:31:49.744	0.94200	0.94215			6
2025.04.25	01:31:50.168	0.94205	0.94219			6
2025.04.25	01:31:52.361	0.94204				2
2025.04.25	01:31:53.557	0.94205				2
2025.04.25	01:31:54.611	0.94204				2
2025.04.25	01:31:59.264	0.94205				2
2025.04.25	01:32:00.461	0.94205				2
2025.04.25	01:32:03.513	0.94207	0.94221			6
2025.04.25	01:32:04.805	0.94208				2
2025.04.25	01:32:05.848	0.94204	0.94218			6
2025.04.25	01:32:06.160	0.94201	0.94216			6
2025.04.25	01:32:06.992	0.94202	0.94218			6
2025.04.25	01:32:07.756		0.94217			4
2025.04.25	01:32:09.014	0.94201				2
2025.04.25	01:32:13.220	0.94203				2
2025.04.25	01:32:13.893	0.94206	0.94221			6
2025.04.25	01:32:14.259	0.94208				2
2025.04.25	01:32:20.888	0.94204	0.94217			6
2025.04.25	01:32:33.756	0.94203				2
2025.04.25	01:32:38.337		0.94218			4
2025.04.25	01:32:44.526		0.94217			4
2025.04.25	01:33:00.421	0.94203				2
2025.04.25	01:33:01.745	0.94201	0.94215			6
2025.04.25	01:33:02.557	0.94200				2
2025.04.25	01:33:09.158	0.94201				2
2025.04.25	01:33:16.594	0.94203	0.94219			6
2025.04.25	01:33:16.960	0.94205				2
2025.04.25	01:33:18.716		0.94220			4
2025.04.25	01:33:19.020		0.94219			4
2025.04.25	01:33:20.014	0.94203				2
2025.04.25	01:33:20.842	0.94204				2
2025.04.25	01:33:22.927	0.94205				2
2025.04.25	01:33:23.435	0.94206	0.94220			6
2025.04.25	01:33:24.141	0.94207				2
2025.04.25	01:33:25.400	0.94206				2
2025.04.25	01:33:27.525	0.94207				2
2025.04.25	01:33:28.361		0.94221			4
2025.04.25	01:33:33.390	0.94208	0.94223			6
2025.04.25	01:33:33.702	0.94210	0.94224			6
2025.04.25	01:33:34.078	0.94211				2
2025.04.25	01:33:42.716		0.94225			4
2025.04.25	01:33:43.833	0.94207	0.94221			6
2025.04.25	01:33:45.760	0.94208				2
2025.04.25	01:33:52.850		0.94223			4
2025.04.25	01:33:53.261	0.94209				2
2025.04.25	01:33:54.978	0.94208				2
2025.04.25	01:33:55.339	0.94211	0.94226			6
2025.04.25	01:33:58.709		0.94225			4
2025.04.25	01:33:59.475	0.94212				2
2025.04.25	01:34:00.581	0.94209	0.94223			6
2025.04.25	01:34:00.904		0.94221			4
2025.04.25	01:34:01.223	0.94208				2
2025.04.25	01:34:03.374	0.94211	0.94225			6
2025.04.25	01:34:17.561	0.94210				2
2025.04.25	01:34:19.060	0.94211				2
2025.04.25	01:34:20.374	0.94210				2
2025.04.25	01:34:20.918	0.94211				2
2025.04.25	01:34:28.166		0.94224			4
2025.04.25	01:34:28.957	0.94210				2
2025.04.25	01:34:31.958	0.94211				2
2025.04.25	01:34:35.557	0.94210				2
2025.04.25	01:34:40.058	0.94211				2
2025.04.25	01:34:42.992	0.94217	0.94231			6
2025.04.25	01:34:46.616	0.94216	0.94230			6
2025.04.25	01:34:47.259	0.94215				2
2025.04.25	01:34:48.019	0.94214	0.94229			6
2025.04.25	01:34:49.074	0.94215	0.94230			6
2025.04.25	01:34:56.646		0.94229			4
2025.04.25	01:35:00.373	0.94215				2
2025.04.25	01:35:01.341	0.94211	0.94224			6
2025.04.25	01:35:01.958	0.94210				2
2025.04.25	01:35:02.261	0.94207	0.94220			6
2025.04.25	01:35:02.670	0.94209	0.94223			6
2025.04.25	01:35:06.066		0.94221			4
2025.04.25	01:35:06.660	0.94207				2
2025.04.25	01:35:13.380		0.94222			4
2025.04.25	01:35:16.596	0.94208	0.94223			6
2025.04.25	01:35:18.760	0.94202	0.94217			6
2025.04.25	01:35:19.549	0.94203	0.94218			6
2025.04.25	01:35:20.683	0.94202	0.94217			6
2025.04.25	01:35:24.454	0.94204				2
2025.04.25	01:35:31.103	0.94203	0.94218			6
2025.04.25	01:35:32.888		0.94217			4
2025.04.25	01:35:33.975	0.94199	0.94214			6
2025.04.25	01:35:51.946	0.94201	0.94215			6
2025.04.25	01:35:58.357	0.94200				2
2025.04.25	01:36:00.149	0.94200				2
2025.04.25	01:36:01.006	0.94208	0.94222			6
2025.04.25	01:36:01.321	0.94209	0.94224			6
2025.04.25	01:36:01.723	0.94211	0.94226			6
2025.04.25	01:36:02.074	0.94209	0.94223			6
2025.04.25	01:36:09.484	0.94208	0.94222			6
2025.04.25	01:36:11.183	0.94211	0.94225			6
2025.04.25	01:36:11.499	0.94212				2
2025.04.25	01:36:12.002	0.94211				2
2025.04.25	01:36:14.778	0.94212				2
2025.04.25	01:36:15.082	0.94211				2
2025.04.25	01:36:16.976	0.94212				2
2025.04.25	01:36:17.285	0.94211				2
2025.04.25	01:36:18.166	0.94212				2
2025.04.25	01:36:20.705	0.94211				2
2025.04.25	01:36:21.278	0.94212				2
2025.04.25	01:36:23.810	0.94213				2
2025.04.25	01:36:24.231	0.94212				2
2025.04.25	01:36:26.128	0.94213				2
2025.04.25	01:36:26.558	0.94212				2
2025.04.25	01:36:26.875	0.94213				2
2025.04.25	01:36:28.299	0.94212				2
2025.04.25	01:36:31.060	0.94211				2
2025.04.25	01:36:41.853	0.94212	0.94226			6
2025.04.25	01:36:51.850	0.94209	0.94223			6
2025.04.25	01:36:52.958	0.94213	0.94226			6
2025.04.25	01:37:00.574	0.94213				2
2025.04.25	01:37:07.222	0.94215	0.94230			6
2025.04.25	01:37:08.030	0.94217				2
2025.04.25	01:37:08.399		0.94232			4
2025.04.25	01:37:15.245	0.94215	0.94229			6
2025.04.25	01:37:22.696	0.94209	0.94222			6
2025.04.25	01:37:29.137	0.94207	0.94220			6
2025.04.25	01:37:29.691	0.94197	0.94212			6
2025.04.25	01:37:30.108	0.94199	0.94213			6
2025.04.25	01:37:32.558	0.94200	0.94214			6
2025.04.25	01:37:54.070		0.94215			4
2025.04.25	01:38:00.283	0.94200				2
2025.04.25	01:38:22.625	0.94202				2
2025.04.25	01:38:23.981	0.94203	0.94217			6
2025.04.25	01:38:35.095		0.94216			4
2025.04.25	01:38:46.707	0.94201	0.94215			6
2025.04.25	01:38:47.033	0.94200	0.94214			6
2025.04.25	01:38:48.684	0.94203	0.94217			6
2025.04.25	01:38:49.219	0.94204	0.94218			6
2025.04.25	01:38:49.734	0.94203	0.94217			6
2025.04.25	01:38:53.313	0.94207	0.94220			6
2025.04.25	01:39:00.157	0.94207				2
2025.04.25	01:39:05.292	0.94208	0.94221			6
2025.04.25	01:39:12.341	0.94209	0.94222			6
2025.04.25	01:39:25.592	0.94208				2
2025.04.25	01:39:29.201	0.94207	0.94221			6
2025.04.25	01:40:00.336	0.94207				2
2025.04.25	01:40:02.957	0.94208	0.94222			6
2025.04.25	01:40:04.998	0.94211	0.94225			6
2025.04.25	01:40:05.306	0.94210	0.94224			6
2025.04.25	01:40:15.131	0.94208	0.94222			6
2025.04.25	01:40:15.759	0.94209	0.94223			6
2025.04.25	01:40:23.462	0.94215	0.94229			6
2025.04.25	01:40:30.387	0.94216				2
2025.04.25	01:40:30.705	0.94215				2
2025.04.25	01:40:35.611	0.94214	0.94228			6
2025.04.25	01:40:37.368	0.94213	0.94227			6
2025.04.25	01:40:41.917	0.94216	0.94229			6
2025.04.25	01:40:42.359	0.94217	0.94230			6
2025.04.25	01:40:42.682	0.94218	0.94231			6
2025.04.25	01:40:53.684	0.94220	0.94234			6
2025.04.25	01:40:56.903	0.94219	0.94233			6
2025.04.25	01:40:59.357	0.94218	0.94232			6
2025.04.25	01:41:00.429	0.94218				2
2025.04.25	01:41:21.993	0.94219	0.94233			6
2025.04.25	01:41:25.196	0.94218	0.94232			6
2025.04.25	01:41:27.065	0.94219	0.94233			6
2025.04.25	01:41:41.022	0.94220	0.94234			6
2025.04.25	01:41:41.910	0.94219	0.94233			6
2025.04.25	01:42:00.195	0.94219				2
2025.04.25	01:42:03.529	0.94221	0.94235			6
2025.04.25	01:42:06.999	0.94217	0.94232			6
2025.04.25	01:42:09.036	0.94214	0.94229			6
2025.04.25	01:42:15.678	0.94220	0.94233			6
2025.04.25	01:42:16.715	0.94221				2
2025.04.25	01:42:17.417	0.94220				2
2025.04.25	01:42:18.310	0.94219				2
2025.04.25	01:42:19.861	0.94220	0.94234			6
2025.04.25	01:42:20.994	0.94217	0.94231			6
2025.04.25	01:42:29.804	0.94216	0.94230			6
2025.04.25	01:42:30.163	0.94217				2
2025.04.25	01:42:32.350		0.94231			4
2025.04.25	01:42:33.375	0.94216	0.94230			6
2025.04.25	01:42:33.696	0.94217				2
2025.04.25	01:42:37.283	0.94212	0.94227			6
2025.04.25	01:42:37.943	0.94214				2
2025.04.25	01:42:42.489	0.94213				2
2025.04.25	01:42:49.863	0.94212	0.94225			6
2025.04.25	01:42:50.182	0.94213	0.94228			6
2025.04.25	01:42:50.485		0.94227			4
2025.04.25	01:42:51.387	0.94215	0.94228			6
2025.04.25	01:42:52.660	0.94213				2
2025.04.25	01:42:54.624	0.94214				2
2025.04.25	01:43:00.357	0.94214				2
2025.04.25	01:43:11.249	0.94215				2
2025.04.25	01:43:13.259	0.94214				2
2025.04.25	01:43:13.967	0.94215				2
2025.04.25	01:43:15.332	0.94214				2
2025.04.25	01:43:16.364	0.94218	0.94233			6
2025.04.25	01:43:20.356	0.94219				2
2025.04.25	01:43:22.061	0.94218				2
2025.04.25	01:43:23.258	0.94220	0.94234			6
2025.04.25	01:43:24.359	0.94221				2
2025.04.25	01:43:27.315		0.94235			4
2025.04.25	01:43:29.470		0.94234			4
2025.04.25	01:43:31.471	0.94219	0.94233			6
2025.04.25	01:43:38.402	0.94220	0.94234			6
2025.04.25	01:43:41.303	0.94216	0.94230			6
2025.04.25	01:43:42.019	0.94219	0.94234			6
2025.04.25	01:43:43.672	0.94220				2
2025.04.25	01:43:45.122	0.94217	0.94232			6
2025.04.25	01:43:50.838	0.94218	0.94233			6
2025.04.25	01:43:52.084	0.94219	0.94234			6
2025.04.25	01:43:52.396	0.94226	0.94240			6
2025.04.25	01:44:00.685	0.94223	0.94236			6
2025.04.25	01:44:01.005	0.94222				2
2025.04.25	01:44:03.158	0.94221				2
2025.04.25	01:44:04.104		0.94235			4
2025.04.25	01:44:06.349	0.94220	0.94236			6
2025.04.25	01:44:08.454	0.94221				2
2025.04.25	01:44:15.174	0.94220				2
2025.04.25	01:44:16.789		0.94235			4
2025.04.25	01:44:22.773	0.94213	0.94228			6
2025.04.25	01:44:25.926	0.94214				2
2025.04.25	01:44:30.025	0.94213				2
2025.04.25	01:44:38.380	0.94214				2
2025.04.25	01:44:40.313	0.94213				2
2025.04.25	01:44:40.961	0.94214				2
2025.04.25	01:44:41.560	0.94213				2
2025.04.25	01:44:54.994	0.94214				2
2025.04.25	01:44:56.802		0.94229			4
2025.04.25	01:44:57.667	0.94213	0.94228			6
2025.04.25	01:45:06.459	0.94213				2
2025.04.25	01:45:11.179		0.94227			4
2025.04.25	01:45:19.478	0.94214	0.94228			6
2025.04.25	01:45:20.557	0.94215				2
2025.04.25	01:45:22.057		0.94229			4
2025.04.25	01:45:24.062	0.94219	0.94232			6
2025.04.25	01:45:26.656		0.94233			4
2025.04.25	01:46:00.460	0.94218				2
2025.04.25	01:46:03.760	0.94221	0.94234			6
2025.04.25	01:46:21.844	0.94218	0.94232			6
2025.04.25	01:46:22.668	0.94220	0.94235			6
2025.04.25	01:46:24.066	0.94218	0.94231			6
2025.04.25	01:46:24.389	0.94219	0.94232			6
2025.04.25	01:46:26.214	0.94218				2
2025.04.25	01:46:27.231	0.94219				2
2025.04.25	01:46:28.958	0.94218				2
2025.04.25	01:46:31.366	0.94217	0.94231			6
2025.04.25	01:46:32.625		0.94232			4
2025.04.25	01:46:33.710		0.94231			4
2025.04.25	01:46:40.046		0.94232			4
2025.04.25	01:46:41.333	0.94219	0.94233			6
2025.04.25	01:46:41.762	0.94216	0.94230			6
2025.04.25	01:47:00.601	0.94218	0.94232			6
2025.04.25	01:47:01.732	0.94219				2
2025.04.25	01:47:05.711		0.94233			4
2025.04.25	01:47:07.057	0.94220				2
2025.04.25	01:47:10.633		0.94235			4
2025.04.25	01:47:10.957	0.94219	0.94231			6
2025.04.25	01:47:12.215	0.94217	0.94230			6
2025.04.25	01:47:26.466	0.94218	0.94232			6
2025.04.25	01:47:27.562	0.94219				2
2025.04.25	01:47:28.174	0.94218				2
2025.04.25	01:47:29.137	0.94219				2
2025.04.25	01:47:29.778	0.94218				2
2025.04.25	01:47:30.122	0.94219				2
2025.04.25	01:47:33.393		0.94233			4
2025.04.25	01:47:33.700	0.94221	0.94235			6
2025.04.25	01:47:35.217	0.94220				2
2025.04.25	01:47:36.647	0.94218	0.94232			6
2025.04.25	01:47:43.693	0.94217	0.94231			6
2025.04.25	01:47:45.070	0.94218				2
2025.04.25	01:47:52.135	0.94217				2
2025.04.25	01:47:58.439	0.94218				2
2025.04.25	01:48:01.148	0.94218				2
2025.04.25	01:48:02.762	0.94217	0.94230			6
2025.04.25	01:48:03.978		0.94231			4
2025.04.25	01:48:13.305	0.94218				2
2025.04.25	01:48:22.363	0.94217				2
2025.04.25	01:48:29.635	0.94218				2
2025.04.25	01:48:31.322	0.94217				2
2025.04.25	01:48:36.177		0.94233			4
2025.04.25	01:48:36.485	0.94219				2
2025.04.25	01:48:36.810	0.94220				2
2025.04.25	01:48:38.211	0.94219	0.94232			6
2025.04.25	01:48:52.463		0.94233			4
2025.04.25	01:49:00.561	0.94219				2
2025.04.25	01:49:02.377	0.94221	0.94234			6
2025.04.25	01:49:03.753	0.94220	0.94232			6
2025.04.25	01:49:04.285		0.94233			4
2025.04.25	01:49:05.719	0.94219	0.94232			6
2025.04.25	01:49:13.803	0.94218				2
2025.04.25	01:49:33.641	0.94222	0.94236			6
2025.04.25	01:49:39.161	0.94223				2
2025.04.25	01:49:54.009	0.94224	0.94237			6
2025.04.25	01:49:57.498	0.94223				2
2025.04.25	01:49:59.876	0.94222	0.94233			6
2025.04.25	01:50:00.377	0.94222				2
2025.04.25	01:50:00.785	0.94221				2
2025.04.25	01:50:01.687	0.94222	0.94234			6
2025.04.25	01:50:04.917	0.94224	0.94237			6
2025.04.25	01:50:06.300	0.94223	0.94236			6
2025.04.25	01:50:07.366	0.94222				2
2025.04.25	01:50:08.416	0.94223				2
2025.04.25	01:50:11.650	0.94222				2
2025.04.25	01:50:12.563	0.94223				2
2025.04.25	01:50:13.599	0.94222				2
2025.04.25	01:50:15.796		0.94234			4
2025.04.25	01:50:16.105	0.94219	0.94230			6
2025.04.25	01:50:16.574		0.94232			4
2025.04.25	01:50:19.130	0.94221	0.94234			6
2025.04.25	01:50:23.608	0.94222	0.94235			6
2025.04.25	01:50:23.920		0.94234			4
2025.04.25	01:50:29.767	0.94221				2
2025.04.25	01:50:36.510	0.94222				2
2025.04.25	01:50:38.489	0.94221	0.94233			6
2025.04.25	01:50:39.621	0.94222				2
2025.04.25	01:50:40.129		0.94234			4
2025.04.25	01:50:41.866	0.94223				2
2025.04.25	01:50:52.090		0.94235			4
2025.04.25	01:50:52.627		0.94234			4
2025.04.25	01:50:53.071		0.94235			4
2025.04.25	01:51:00.463	0.94223				2
2025.04.25	01:51:02.960	0.94218	0.94233			6
2025.04.25	01:51:03.290	0.94219	0.94232			6
2025.04.25	01:51:05.260	0.94221	0.94234			6
2025.04.25	01:51:06.308	0.94220				2
2025.04.25	01:51:06.705	0.94221				2
2025.04.25	01:51:07.429	0.94220				2
2025.04.25	01:51:07.756	0.94219				2
2025.04.25	01:51:08.089	0.94220				2
2025.04.25	01:51:08.814	0.94219	0.94230			6
2025.04.25	01:51:09.143	0.94218				2
2025.04.25	01:51:12.293	0.94217				2
2025.04.25	01:51:13.491	0.94218				2
2025.04.25	01:51:18.293		0.94232			4
2025.04.25	01:51:20.260	0.94219				2
2025.04.25	01:51:27.971		0.94233			4
2025.04.25	01:51:36.890	0.94220				2
2025.04.25	01:51:37.207	0.94219				2
2025.04.25	01:51:38.794	0.94220				2
2025.04.25	01:51:41.985		0.94232			4
2025.04.25	01:51:42.298	0.94218	0.94229			6
2025.04.25	01:51:42.606	0.94217	0.94228			6
2025.04.25	01:51:44.266	0.94218				2
2025.04.25	01:51:46.982	0.94217				2
2025.04.25	01:51:48.030	0.94220	0.94233			6
2025.04.25	01:51:50.671		0.94234			4
2025.04.25	01:51:52.958	0.94221				2
2025.04.25	01:52:03.026	0.94221				2
2025.04.25	01:52:04.524	0.94217	0.94229			6
2025.04.25	01:52:06.758	0.94216				2
2025.04.25	01:52:16.166	0.94217				2
2025.04.25	01:52:17.480	0.94213	0.94225			6
2025.04.25	01:52:22.636		0.94224			4
2025.04.25	01:52:30.731		0.94225			4
2025.04.25	01:52:49.645	0.94210	0.94221			6
2025.04.25	01:52:52.716	0.94209				2
2025.04.25	01:52:59.536	0.94208				2
2025.04.25	01:52:59.874	0.94209				2
2025.04.25	01:53:00.974	0.94209				2
2025.04.25	01:53:12.639	0.94208				2
2025.04.25	01:53:26.560	0.94207	0.94219			6
2025.04.25	01:53:28.610	0.94208	0.94221			6
2025.04.25	01:53:32.349	0.94209				2
2025.04.25	01:53:33.382	0.94207	0.94219			6
2025.04.25	01:53:46.427	0.94206				2
2025.04.25	01:53:47.369	0.94205	0.94218			6
2025.04.25	01:53:48.399	0.94204	0.94216			6
2025.04.25	01:53:56.426	0.94207	0.94219			6
2025.04.25	01:53:56.842		0.94220			4
2025.04.25	01:53:59.026	0.94208				2
2025.04.25	01:54:01.377	0.94207				2
2025.04.25	01:54:03.159	0.94208				2
2025.04.25	01:54:49.070	0.94207				2
2025.04.25	01:54:49.817	0.94208				2
2025.04.25	01:54:50.158	0.94207				2
2025.04.25	01:54:50.855	0.94208				2
2025.04.25	01:54:51.246	0.94207				2
2025.04.25	01:54:51.890	0.94208				2
2025.04.25	01:54:52.192	0.94207				2
2025.04.25	01:54:52.826	0.94208				2
2025.04.25	01:54:56.459	0.94207	0.94218			6
2025.04.25	01:54:58.341	0.94205	0.94217			6
2025.04.25	01:55:00.159	0.94205				2
2025.04.25	01:55:00.510		0.94218			4
2025.04.25	01:55:04.358	0.94206				2
2025.04.25	01:55:05.253	0.94205				2
2025.04.25	01:55:06.128	0.94206				2
2025.04.25	01:55:06.463	0.94205				2
2025.04.25	01:55:11.963		0.94217			4
2025.04.25	01:55:12.279	0.94204				2
2025.04.25	01:55:14.987	0.94207	0.94218			6
2025.04.25	01:55:19.057	0.94206				2
2025.04.25	01:55:24.481	0.94207				2
2025.04.25	01:55:25.596	0.94206				2
2025.04.25	01:55:27.382	0.94207				2
2025.04.25	01:55:28.291	0.94206				2
2025.04.25	01:55:31.782	0.94205				2
2025.04.25	01:55:32.811	0.94206				2
2025.04.25	01:55:42.571	0.94209	0.94220			6
2025.04.25	01:55:48.777	0.94208				2
2025.04.25	01:55:50.476	0.94209				2
2025.04.25	01:55:59.095	0.94210				2
2025.04.25	01:56:00.988	0.94210				2
2025.04.25	01:56:15.452		0.94222			4
2025.04.25	01:56:18.366	0.94209	0.94220			6
2025.04.25	01:56:23.140		0.94222			4
2025.04.25	01:56:24.456	0.94210				2
2025.04.25	01:56:32.045	0.94211				2
2025.04.25	01:56:33.078		0.94223			4
2025.04.25	01:56:41.879	0.94210				2
2025.04.25	01:56:44.111	0.94209	0.94221			6
2025.04.25	01:57:01.318	0.94209	0.94222			6
2025.04.25	01:57:04.815	0.94210				2
2025.04.25	01:57:05.443	0.94209				2
2025.04.25	01:57:06.447	0.94211	0.94224			6
2025.04.25	01:57:08.267	0.94210	0.94223			6
2025.04.25	01:57:09.323		0.94222			4
2025.04.25	01:57:11.080	0.94209				2
2025.04.25	01:57:12.348		0.94223			4
2025.04.25	01:57:13.336	0.94210				2
2025.04.25	01:57:13.691	0.94211	0.94225			6
2025.04.25	01:57:13.996	0.94210				2
2025.04.25	01:57:14.904	0.94211	0.94222			6
2025.04.25	01:57:15.228	0.94210				2
2025.04.25	01:57:15.758	0.94209				2
2025.04.25	01:57:16.871	0.94210				2
2025.04.25	01:57:17.774	0.94208				2
2025.04.25	01:57:21.340		0.94221			4
2025.04.25	01:57:22.542	0.94207				2
2025.04.25	01:57:25.981	0.94208				2
2025.04.25	01:57:28.959	0.94207	0.94220			6
2025.04.25	01:57:29.269	0.94206	0.94219			6
2025.04.25	01:57:36.139	0.94205	0.94218			6
2025.04.25	01:57:40.360	0.94207	0.94221			6
2025.04.25	01:57:41.708		0.94220			4
2025.04.25	01:57:48.892	0.94206				2
2025.04.25	01:57:55.738	0.94207				2
2025.04.25	01:57:56.079	0.94209	0.94221			6
2025.04.25	01:57:56.381	0.94208	0.94220			6
2025.04.25	01:58:00.316	0.94208				2
2025.04.25	01:58:03.201	0.94207	0.94219			6
2025.04.25	01:58:03.516	0.94208				2
2025.04.25	01:58:04.410		0.94220			4
2025.04.25	01:58:05.193	0.94207				2
2025.04.25	01:58:05.540	0.94208	0.94221			6
2025.04.25	01:58:06.759	0.94207	0.94220			6
2025.04.25	01:58:09.698	0.94205	0.94218			6
2025.04.25	01:58:10.002	0.94207	0.94219			6
2025.04.25	01:58:12.011		0.94220			4
2025.04.25	01:58:13.129		0.94221			4
2025.04.25	01:58:14.315	0.94208				2
2025.04.25	01:58:16.216	0.94207				2
2025.04.25	01:58:16.786	0.94208				2
2025.04.25	01:58:19.109	0.94207				2
2025.04.25	01:58:20.769	0.94208				2
2025.04.25	01:58:27.310	0.94215	0.94228			6
2025.04.25	01:58:29.341	0.94214				2
2025.04.25	01:58:30.380	0.94215				2
2025.04.25	01:58:33.593	0.94214				2
2025.04.25	01:58:34.893	0.94213	0.94227			6
2025.04.25	01:58:35.589		0.94226			4
2025.04.25	01:58:37.090	0.94211	0.94225			6
2025.04.25	01:58:45.950	0.94212				2
2025.04.25	01:58:46.431	0.94211				2
2025.04.25	01:58:49.352	0.94208	0.94221			6
2025.04.25	01:58:50.785	0.94206	0.94218			6
2025.04.25	01:58:52.786		0.94219			4
2025.04.25	01:58:53.115	0.94205				2
2025.04.25	01:59:02.375	0.94205	0.94218			6
2025.04.25	01:59:09.786	0.94204				2
2025.04.25	01:59:10.101	0.94205				2
2025.04.25	01:59:15.652	0.94207	0.94221			6
2025.04.25	01:59:22.090	0.94208				2
2025.04.25	01:59:31.256	0.94207				2
2025.04.25	01:59:33.271	0.94204	0.94217			6
2025.04.25	01:59:33.965	0.94203	0.94216			6
2025.04.25	01:59:36.683	0.94204				2
2025.04.25	01:59:39.757		0.94218			4
2025.04.25	01:59:41.438	0.94205	0.94217			6
2025.04.25	01:59:43.102	0.94204				2
2025.04.25	01:59:44.180	0.94203	0.94216			6
2025.04.25	01:59:46.644	0.94206	0.94219			6
2025.04.25	01:59:47.358		0.94218			4
2025.04.25	01:59:47.670	0.94208	0.94220			6
2025.04.25	01:59:48.681	0.94206	0.94217			6
2025.04.25	01:59:51.426	0.94205				2
2025.04.25	02:00:00.094	0.94205				2
2025.04.25	02:00:00.401	0.94206	0.94220			6
2025.04.25	02:00:02.329	0.94207	0.94219			6
2025.04.25	02:00:06.363	0.94205	0.94217			6
2025.04.25	02:00:06.758		0.94219			4
2025.04.25	02:00:10.364	0.94206				2
2025.04.25	02:00:11.573	0.94205	0.94218			6
2025.04.25	02:00:17.091	0.94206	0.94219			6
2025.04.25	02:00:19.958	0.94203	0.94215			6
2025.04.25	02:00:22.274	0.94204				2
2025.04.25	02:00:27.496	0.94205	0.94216			6
2025.04.25	02:00:28.113	0.94208	0.94223			6
2025.04.25	02:00:29.040	0.94209	0.94222			6
2025.04.25	02:00:30.034		0.94221			4
2025.04.25	02:00:33.090	0.94208				2
2025.04.25	02:00:33.998		0.94223			4
2025.04.25	02:00:38.964	0.94206	0.94218			6
2025.04.25	02:00:39.706		0.94217			4
2025.04.25	02:00:40.019	0.94205				2
2025.04.25	02:00:41.852	0.94204	0.94216			6
2025.04.25	02:00:45.988		0.94215			4
2025.04.25	02:00:48.027		0.94216			4
2025.04.25	02:00:48.419	0.94206	0.94217			6
2025.04.25	02:00:49.068	0.94205				2
2025.04.25	02:00:50.323		0.94216			4
2025.04.25	02:00:53.358	0.94204	0.94215			6
2025.04.25	02:00:54.087		0.94216			4
2025.04.25	02:00:55.255	0.94206	0.94218			6
2025.04.25	02:00:55.564		0.94219			4
2025.04.25	02:00:58.256	0.94208				2
2025.04.25	02:01:00.390	0.94208				2
2025.04.25	02:01:01.423		0.94220			4
2025.04.25	02:01:01.734	0.94207				2
2025.04.25	02:01:02.206	0.94208	0.94225			6
2025.04.25	02:01:04.576	0.94203	0.94217			6
2025.04.25	02:01:04.963	0.94201	0.94213			6
2025.04.25	02:01:05.515		0.94214			4
2025.04.25	02:01:09.284		0.94213			4
2025.04.25	02:01:10.392	0.94199	0.94212			6
2025.04.25	02:01:18.941		0.94213			4
2025.04.25	02:01:19.959		0.94212			4
2025.04.25	02:01:23.367	0.94202	0.94213			6
2025.04.25	02:01:26.924	0.94207	0.94222			6
2025.04.25	02:01:27.549	0.94212	0.94223			6
2025.04.25	02:01:28.167	0.94210				2
2025.04.25	02:01:30.728	0.94214	0.94225			6
2025.04.25	02:01:34.863	0.94212	0.94224			6
2025.04.25	02:01:54.995	0.94210	0.94225			6
2025.04.25	02:01:56.858		0.94224			4
2025.04.25	02:01:57.212	0.94209				2
2025.04.25	02:01:57.551	0.94211	0.94225			6
2025.04.25	02:02:00.384	0.94211				2
2025.04.25	02:02:16.510	0.94209	0.94224			6
2025.04.25	02:02:16.873		0.94223			4
2025.04.25	02:02:18.383		0.94222			4
2025.04.25	02:02:18.704		0.94223			4
2025.04.25	02:02:19.446	0.94210				2
2025.04.25	02:02:23.023	0.94209	0.94222			6
2025.04.25	02:02:26.732		0.94221			4
2025.04.25	02:02:28.119	0.94210	0.94216			6
2025.04.25	02:02:30.560	0.94209	0.94221			6
2025.04.25	02:02:34.865	0.94210	0.94222			6
2025.04.25	02:02:35.202		0.94221			4
2025.04.25	02:02:37.058		0.94222			4
2025.04.25	02:03:00.408	0.94212	0.94224			6
2025.04.25	02:03:04.292	0.94214	0.94225			6
2025.04.25	02:03:04.680		0.94226			4
2025.04.25	02:03:06.175		0.94225			4
2025.04.25	02:03:18.553	0.94213				2
2025.04.25	02:03:30.071		0.94226			4
2025.04.25	02:03:41.540	0.94215	0.94227			6
2025.04.25	02:03:43.957		0.94226			4
2025.04.25	02:03:46.161		0.94227			4
2025.04.25	02:03:58.034	0.94216	0.94229			6
2025.04.25	02:03:58.778		0.94230			4
2025.04.25	02:04:00.272	0.94216				2
2025.04.25	02:04:00.624	0.94217				2
2025.04.25	02:04:02.211	0.94216	0.94229			6
2025.04.25	02:04:07.414		0.94230			4
2025.04.25	02:04:09.484		0.94229			4
2025.04.25	02:04:15.872	0.94215	0.94226			6
2025.04.25	02:04:17.099		0.94227			4
2025.04.25	02:04:18.140		0.94228			4
2025.04.25	02:04:18.928		0.94227			4
2025.04.25	02:04:20.376		0.94226			4
2025.04.25	02:04:25.959		0.94227			4
2025.04.25	02:04:26.626		0.94224			4
2025.04.25	02:04:27.258		0.94223			4
2025.04.25	02:04:29.076		0.94227			4
2025.04.25	02:04:31.069	0.94216	0.94229			6
2025.04.25	02:04:42.055	0.94214	0.94227			6
2025.04.25	02:05:00.026	0.94214				2
2025.04.25	02:05:09.243	0.94212	0.94225			6
2025.04.25	02:05:12.580	0.94214	0.94227			6
2025.04.25	02:05:12.970	0.94216	0.94228			6
2025.04.25	02:05:22.967	0.94218	0.94229			6
2025.04.25	02:05:23.394		0.94230			4
2025.04.25	02:05:24.342	0.94216	0.94229			6
2025.04.25	02:05:24.660	0.94218				2
2025.04.25	02:05:25.754	0.94215	0.94228			6
2025.04.25	02:05:26.512	0.94214	0.94226			6
2025.04.25	02:05:27.610		0.94225			4
2025.04.25	02:05:32.234	0.94213				2
2025.04.25	02:05:32.966	0.94214	0.94227			6
2025.04.25	02:05:34.050	0.94213	0.94226			6
2025.04.25	02:05:35.930	0.94212	0.94225			6
2025.04.25	02:05:38.004	0.94218	0.94231			6
2025.04.25	02:05:42.692		0.94230			4
2025.04.25	02:05:43.708	0.94214	0.94225			6
2025.04.25	02:05:44.024	0.94213				2
2025.04.25	02:05:46.900	0.94214				2
2025.04.25	02:06:00.534	0.94214				2
2025.04.25	02:06:03.371	0.94213				2
2025.04.25	02:06:43.774		0.94225			4
2025.04.25	02:06:46.360		0.94224			4
2025.04.25	02:06:56.974		0.94225			4
2025.04.25	02:07:01.077	0.94211	0.94223			6
2025.04.25	02:07:01.425	0.94209	0.94221			6
2025.04.25	02:07:09.228	0.94210				2
2025.04.25	02:07:30.681	0.94214	0.94224			6
2025.04.25	02:07:37.503	0.94216	0.94226			6
2025.04.25	02:07:39.188		0.94225			4
2025.04.25	02:07:57.565		0.94226			4
2025.04.25	02:08:03.928	0.94216				2
2025.04.25	02:08:30.013	0.94217				2
2025.04.25	02:08:30.758		0.94227			4
2025.04.25	02:08:34.411	0.94218	0.94230			6
2025.04.25	02:08:34.718		0.94228			4
2025.04.25	02:08:36.239	0.94219				2
2025.04.25	02:08:36.684		0.94229			4
2025.04.25	02:08:41.271		0.94231			4
2025.04.25	02:08:41.941		0.94230			4
2025.04.25	02:08:46.494		0.94228			4
2025.04.25	02:08:47.246		0.94230			4
2025.04.25	02:08:47.577		0.94229			4
2025.04.25	02:08:50.254	0.94218	0.94228			6
2025.04.25	02:08:51.263	0.94216	0.94227			6
2025.04.25	02:08:51.606		0.94228			4
2025.04.25	02:08:52.344		0.94227			4
2025.04.25	02:08:54.888	0.94218	0.94229			6
2025.04.25	02:08:55.917	0.94217	0.94228			6
2025.04.25	02:08:57.513	0.94219	0.94229			6
2025.04.25	02:09:00.657	0.94219				2
2025.04.25	02:09:01.702	0.94217	0.94227			6
2025.04.25	02:09:07.473		0.94228			4
2025.04.25	02:09:31.561	0.94216	0.94229			6
2025.04.25	02:09:31.967	0.94217	0.94228			6
2025.04.25	02:09:32.390	0.94216	0.94225			6
2025.04.25	02:09:32.758		0.94227			4
2025.04.25	02:09:34.174	0.94214	0.94224			6
2025.04.25	02:09:34.479	0.94217	0.94226			6
2025.04.25	02:09:36.346	0.94215	0.94225			6
2025.04.25	02:09:36.700	0.94214				2
2025.04.25	02:09:44.002	0.94215				2
2025.04.25	02:09:55.863	0.94216	0.94226			6
2025.04.25	02:10:03.518	0.94216	0.94225			6
2025.04.25	02:10:04.766		0.94226			4
2025.04.25	02:10:11.505	0.94217				2
2025.04.25	02:10:12.397	0.94214	0.94225			6
2025.04.25	02:10:14.163		0.94224			4
2025.04.25	02:10:27.367	0.94217	0.94228			6
2025.04.25	02:10:27.669	0.94218				2
2025.04.25	02:10:28.551	0.94214	0.94224			6
2025.04.25	02:10:42.421	0.94212	0.94223			6
2025.04.25	02:10:43.169		0.94222			4
2025.04.25	02:10:43.479	0.94210				2
2025.04.25	02:10:45.233		0.94221			4
2025.04.25	02:10:46.796	0.94215	0.94224			6
2025.04.25	02:10:47.123	0.94214	0.94223			6
2025.04.25	02:10:47.506	0.94213	0.94224			6
2025.04.25	02:10:48.347		0.94222			4
2025.04.25	02:10:49.388	0.94212				2
2025.04.25	02:10:49.751	0.94209	0.94220			6
2025.04.25	02:10:53.557	0.94210				2
2025.04.25	02:10:55.005		0.94221			4
2025.04.25	02:11:00.174	0.94210				2
2025.04.25	02:11:03.937	0.94207	0.94220			6
2025.04.25	02:11:04.345		0.94219			4
2025.04.25	02:11:06.346	0.94210	0.94220			6
2025.04.25	02:11:08.579		0.94219			4
2025.04.25	02:11:09.125		0.94221			4
2025.04.25	02:11:09.562		0.94219			4
2025.04.25	02:11:09.875		0.94220			4
2025.04.25	02:11:10.772		0.94221			4
2025.04.25	02:11:11.075		0.94220			4
2025.04.25	02:11:12.303	0.94207	0.94218			6
2025.04.25	02:11:15.124		0.94219			4
2025.04.25	02:11:16.557	0.94210	0.94221			6
2025.04.25	02:11:17.037		0.94220			4
2025.04.25	02:11:17.417	0.94212	0.94221			6
2025.04.25	02:11:18.349	0.94211				2
2025.04.25	02:11:35.190	0.94210				2
2025.04.25	02:11:35.892		0.94222			4
2025.04.25	02:11:36.715		0.94220			4
2025.04.25	02:11:37.658	0.94213	0.94224			6
2025.04.25	02:11:53.058	0.94214	0.94227			6
2025.04.25	02:11:53.366		0.94226			4
2025.04.25	02:11:54.219	0.94216	0.94225			6
2025.04.25	02:12:01.045	0.94216				2
2025.04.25	02:12:08.272	0.94215				2
2025.04.25	02:12:17.871	0.94216				2
2025.04.25	02:12:19.958	0.94215				2
2025.04.25	02:12:43.326		0.94228			4
2025.04.25	02:12:43.639	0.94211	0.94224			6
2025.04.25	02:12:44.614		0.94223			4
2025.04.25	02:12:59.982		0.94222			4
2025.04.25	02:13:01.002	0.94211				2
2025.04.25	02:13:03.075		0.94223			4
2025.04.25	02:13:04.519	0.94212	0.94222			6
2025.04.25	02:13:06.343	0.94211				2
2025.04.25	02:13:11.384	0.94212				2
2025.04.25	02:13:16.102		0.94223			4
2025.04.25	02:13:21.243	0.94213				2
2025.04.25	02:13:39.928	0.94215	0.94224			6
2025.04.25	02:13:43.129		0.94225			4
2025.04.25	02:13:50.200		0.94226			4
2025.04.25	02:13:52.273		0.94225			4
2025.04.25	02:13:54.322	0.94220	0.94229			6
2025.04.25	02:13:54.648	0.94222	0.94232			6
2025.04.25	02:13:54.960	0.94220	0.94230			6
2025.04.25	02:13:55.910	0.94221				2
2025.04.25	02:13:56.229		0.94231			4
2025.04.25	02:13:58.260	0.94224	0.94235			6
2025.04.25	02:13:58.989	0.94223				2
2025.04.25	02:14:00.036	0.94224	0.94234			6
2025.04.25	02:14:00.973	0.94225				2
2025.04.25	02:14:01.300		0.94235			4
2025.04.25	02:14:03.551		0.94236			4
2025.04.25	02:14:03.858	0.94223	0.94234			6
2025.04.25	02:14:05.507	0.94222	0.94233			6
