<DATE>	<TIME>	<BID>	<ASK>	<LAST>	<VOLUME>	<FLAGS>
2025.11.21	00:03:31.122	0.92866	0.92927			6
2025.11.21	00:05:00.574	0.92804	0.92981			6
2025.11.21	00:06:00.789	0.92804	0.92981			6
2025.11.21	00:06:05.097	0.92805				2
2025.11.21	00:07:00.168	0.92805				2
2025.11.21	00:07:09.930		0.92981			4
2025.11.21	00:08:00.429	0.92805				2
2025.11.21	00:08:10.644		0.92981			4
2025.11.21	00:09:00.341	0.92805	0.92978			6
2025.11.21	00:09:45.910		0.92979			4
2025.11.21	00:10:00.325	0.92805				2
2025.11.21	00:10:03.534		0.92981			4
2025.11.21	00:11:05.234	0.92804	0.92981			6
2025.11.21	00:11:06.538	0.92805				2
2025.11.21	00:12:01.115	0.92805				2
2025.11.21	00:12:05.802		0.92981			4
2025.11.21	00:13:02.499	0.92805				2
2025.11.21	00:13:06.354		0.92981			4
2025.11.21	00:13:35.799	0.92806				2
2025.11.21	00:13:46.380	0.92807				2
2025.11.21	00:13:53.926	0.92808				2
2025.11.21	00:14:01.600	0.92809				2
2025.11.21	00:14:09.481		0.92981			4
2025.11.21	00:14:10.201	0.92810				2
2025.11.21	00:14:24.591	0.92811				2
2025.11.21	00:14:29.683	0.92812				2
2025.11.21	00:14:33.323	0.92813				2
2025.11.21	00:14:45.998	0.92814				2
2025.11.21	00:14:48.775	0.92815				2
2025.11.21	00:15:00.376	0.92815	0.92980			6
2025.11.21	00:15:00.997	0.92814				2
2025.11.21	00:15:10.314	0.92815				2
2025.11.21	00:15:22.000	0.92816				2
2025.11.21	00:15:35.008		0.92975			4
2025.11.21	00:15:38.199	0.92817				2
2025.11.21	00:15:52.208	0.92810	0.92971			6
2025.11.21	00:15:53.186	0.92817	0.92975			6
2025.11.21	00:15:55.446	0.92818				2
2025.11.21	00:15:55.901	0.92810	0.92970			6
2025.11.21	00:15:57.788	0.92818	0.92975			6
2025.11.21	00:16:00.498	0.92818	0.92973			6
2025.11.21	00:16:03.879	0.92819				2
2025.11.21	00:16:07.387	0.92817				2
2025.11.21	00:16:08.349	0.92818	0.92977			6
2025.11.21	00:16:11.048	0.92817				2
2025.11.21	00:16:14.752	0.92818				2
2025.11.21	00:16:28.302	0.92819				2
2025.11.21	00:16:38.049	0.92820				2
2025.11.21	00:16:57.732	0.92821				2
2025.11.21	00:17:00.503	0.92821	0.92972			6
2025.11.21	00:17:10.299	0.92822				2
2025.11.21	00:17:13.879	0.92818	0.92965			6
2025.11.21	00:17:14.344	0.92822	0.92972			6
2025.11.21	00:17:37.002	0.92827				2
2025.11.21	00:17:48.186	0.92828				2
2025.11.21	00:17:52.600	0.92829				2
2025.11.21	00:17:53.881	0.92831				2
2025.11.21	00:18:03.562	0.92833				2
2025.11.21	00:18:08.269	0.92835	0.92981			6
2025.11.21	00:18:08.576		0.92972			4
2025.11.21	00:18:38.377	0.92839				2
2025.11.21	00:18:38.996	0.92835				2
2025.11.21	00:18:39.317	0.92839				2
2025.11.21	00:18:39.937	0.92835				2
2025.11.21	00:18:53.999	0.92836				2
2025.11.21	00:18:56.177		0.92977			4
2025.11.21	00:18:59.287	0.92835	0.92972			6
2025.11.21	00:18:59.622		0.92981			4
2025.11.21	00:19:00.019	0.92835	0.92973			6
2025.11.21	00:19:00.354		0.92972			4
2025.11.21	00:19:55.557		0.92981			4
2025.11.21	00:19:56.351	0.92834				2
2025.11.21	00:19:56.704	0.92835				2
2025.11.21	00:20:01.410	0.92835				2
2025.11.21	00:20:05.739		0.92972			4
2025.11.21	00:20:06.759	0.92836	0.92973			6
2025.11.21	00:20:28.000	0.92837				2
2025.11.21	00:20:49.298	0.92838				2
2025.11.21	00:20:55.556	0.92839				2
2025.11.21	00:21:01.122	0.92839				2
2025.11.21	00:21:06.378	0.92841				2
2025.11.21	00:21:07.899		0.92973			4
2025.11.21	00:21:12.946	0.92842				2
2025.11.21	00:21:15.386	0.92841				2
2025.11.21	00:21:34.601	0.92842				2
2025.11.21	00:21:46.614	0.92843				2
2025.11.21	00:22:01.307	0.92842				2
2025.11.21	00:22:10.898		0.92973			4
2025.11.21	00:22:13.508	0.92838	0.92980			6
2025.11.21	00:22:20.799	0.92839				2
2025.11.21	00:22:40.431	0.92842	0.92969			6
2025.11.21	00:22:41.771	0.92839				2
2025.11.21	00:22:42.801	0.92841				2
2025.11.21	00:22:45.853	0.92840				2
2025.11.21	00:22:46.877	0.92842				2
2025.11.21	00:22:47.888	0.92840				2
2025.11.21	00:22:48.413	0.92842				2
2025.11.21	00:22:48.863	0.92839				2
2025.11.21	00:22:50.963	0.92842				2
2025.11.21	00:23:02.198	0.92842				2
2025.11.21	00:23:06.795	0.92843				2
2025.11.21	00:23:14.559	0.92840				2
2025.11.21	00:23:15.226	0.92842				2
2025.11.21	00:23:15.563	0.92843				2
2025.11.21	00:23:17.618	0.92841				2
2025.11.21	00:23:18.877	0.92842				2
2025.11.21	00:23:19.242	0.92843				2
2025.11.21	00:23:19.649	0.92842				2
2025.11.21	00:23:29.797	0.92843				2
2025.11.21	00:23:30.188	0.92841				2
2025.11.21	00:23:31.038	0.92842				2
2025.11.21	00:23:35.686	0.92851	0.92972			6
2025.11.21	00:23:36.687	0.92843				2
2025.11.21	00:23:37.221	0.92844				2
2025.11.21	00:23:40.429	0.92842	0.92969			6
2025.11.21	00:23:48.124	0.92840				2
2025.11.21	00:23:48.557	0.92839				2
2025.11.21	00:23:53.930	0.92838				2
2025.11.21	00:23:55.560	0.92839				2
2025.11.21	00:24:01.406	0.92843				2
2025.11.21	00:24:29.302		0.92963			4
2025.11.21	00:24:47.261	0.92842				2
2025.11.21	00:24:54.189	0.92843				2
2025.11.21	00:24:59.627	0.92842				2
2025.11.21	00:25:00.306	0.92842				2
2025.11.21	00:25:03.545	0.92840				2
2025.11.21	00:25:30.925		0.92963			4
2025.11.21	00:25:41.249	0.92841				2
2025.11.21	00:25:44.583	0.92840				2
2025.11.21	00:25:46.977	0.92838				2
2025.11.21	00:25:47.819	0.92841				2
2025.11.21	00:25:50.054	0.92838				2
2025.11.21	00:25:51.080	0.92841				2
2025.11.21	00:25:52.108	0.92838				2
2025.11.21	00:25:53.926	0.92841				2
2025.11.21	00:25:54.858	0.92838				2
2025.11.21	00:25:56.149	0.92841				2
2025.11.21	00:26:00.069	0.92841				2
2025.11.21	00:26:05.638	0.92840				2
2025.11.21	00:26:11.313	0.92841				2
2025.11.21	00:26:11.824	0.92846	0.92974			6
2025.11.21	00:26:12.708	0.92840				2
2025.11.21	00:26:14.147	0.92841	0.92970			6
2025.11.21	00:26:15.106	0.92840				2
2025.11.21	00:26:17.782	0.92843				2
2025.11.21	00:26:18.848	0.92840				2
2025.11.21	00:26:19.775	0.92843				2
2025.11.21	00:26:20.708	0.92842				2
2025.11.21	00:26:21.063	0.92840				2
2025.11.21	00:26:22.090	0.92843				2
2025.11.21	00:26:24.028	0.92840				2
2025.11.21	00:26:24.955	0.92843				2
2025.11.21	00:26:25.885	0.92838	0.92962			6
2025.11.21	00:26:30.591	0.92843	0.92977			6
2025.11.21	00:26:31.551		0.92971			4
2025.11.21	00:26:31.858	0.92841	0.92962			6
2025.11.21	00:26:35.595		0.92963			4
2025.11.21	00:26:40.736		0.92967			4
2025.11.21	00:26:45.593	0.92844	0.92974			6
2025.11.21	00:26:47.691	0.92843				2
2025.11.21	00:26:48.707	0.92842				2
2025.11.21	00:26:49.242	0.92846	0.92985			6
2025.11.21	00:26:49.757	0.92843				2
2025.11.21	00:26:55.792	0.92844	0.92974			6
2025.11.21	00:26:57.792		0.92971			4
2025.11.21	00:27:01.540	0.92844				2
2025.11.21	00:27:02.680	0.92846				2
2025.11.21	00:27:31.298	0.92845				2
2025.11.21	00:27:49.827	0.92844				2
2025.11.21	00:27:56.082	0.92842	0.92967			6
2025.11.21	00:28:01.885	0.92842				2
2025.11.21	00:28:04.902	0.92841				2
2025.11.21	00:28:06.619	0.92842				2
2025.11.21	00:28:16.355	0.92841				2
2025.11.21	00:28:32.952	0.92842				2
2025.11.21	00:28:51.421	0.92843				2
2025.11.21	00:28:53.798	0.92844				2
2025.11.21	00:28:56.915	0.92845	0.92967			6
2025.11.21	00:29:00.698	0.92845				2
2025.11.21	00:29:33.401	0.92844				2
2025.11.21	00:29:51.427	0.92845				2
2025.11.21	00:30:00.141	0.92843	0.92967			6
2025.11.21	00:30:00.463	0.92848	0.92971			6
2025.11.21	00:30:00.779	0.92844				2
2025.11.21	00:30:05.296	0.92851	0.92986			6
2025.11.21	00:30:06.280	0.92850				2
2025.11.21	00:30:07.918	0.92848	0.92963			6
2025.11.21	00:30:08.237		0.92959			4
2025.11.21	00:30:08.553	0.92852	0.92956			6
2025.11.21	00:30:09.316	0.92846				2
2025.11.21	00:30:09.637	0.92845	0.92968			6
2025.11.21	00:30:13.344	0.92844				2
2025.11.21	00:30:18.047		0.92959			4
2025.11.21	00:30:18.381	0.92839				2
2025.11.21	00:30:21.610	0.92845	0.92949			6
2025.11.21	00:30:22.115	0.92834				2
2025.11.21	00:30:22.418	0.92837	0.92947			6
2025.11.21	00:30:22.767	0.92838				2
2025.11.21	00:30:23.079	0.92844	0.92974			6
2025.11.21	00:30:23.397	0.92853	0.92963			6
2025.11.21	00:30:23.759	0.92846	0.92965			6
2025.11.21	00:30:24.088	0.92848	0.92966			6
2025.11.21	00:30:24.398	0.92847	0.92963			6
2025.11.21	00:30:24.703	0.92844	0.92961			6
2025.11.21	00:30:25.017	0.92848	0.92950			6
2025.11.21	00:30:25.427		0.92972			4
2025.11.21	00:30:25.866	0.92846	0.92955			6
2025.11.21	00:30:26.185		0.92952			4
2025.11.21	00:30:29.081	0.92845				2
2025.11.21	00:30:34.347	0.92844				2
2025.11.21	00:30:37.598	0.92845				2
2025.11.21	00:30:40.792	0.92853	0.92950			6
2025.11.21	00:30:41.106	0.92855	0.92960			6
2025.11.21	00:30:41.437	0.92851	0.92963			6
2025.11.21	00:30:41.935	0.92849	0.92953			6
2025.11.21	00:30:42.355	0.92846	0.92950			6
2025.11.21	00:30:50.791	0.92849	0.92951			6
2025.11.21	00:30:51.093	0.92850				2
2025.11.21	00:30:51.406	0.92846	0.92946			6
2025.11.21	00:30:51.850	0.92848	0.92966			6
2025.11.21	00:30:52.174	0.92849	0.92975			6
2025.11.21	00:30:52.480	0.92844	0.92942			6
2025.11.21	00:30:55.352	0.92845				2
2025.11.21	00:30:58.355	0.92844				2
2025.11.21	00:31:00.403	0.92844				2
2025.11.21	00:31:05.348	0.92841	0.92936			6
2025.11.21	00:31:05.849	0.92847	0.92954			6
2025.11.21	00:31:16.325	0.92848				2
2025.11.21	00:31:16.823	0.92847				2
2025.11.21	00:31:18.330	0.92848				2
2025.11.21	00:31:18.823	0.92847				2
2025.11.21	00:31:19.324	0.92848				2
2025.11.21	00:31:19.747	0.92847				2
2025.11.21	00:31:20.332	0.92848				2
2025.11.21	00:31:20.827	0.92847				2
2025.11.21	00:31:21.327	0.92851	0.92952			6
2025.11.21	00:31:21.636	0.92849	0.92979			6
2025.11.21	00:31:24.322	0.92850				2
2025.11.21	00:31:24.824	0.92853	0.92974			6
2025.11.21	00:31:25.139	0.92843	0.92952			6
2025.11.21	00:31:25.490	0.92842				2
2025.11.21	00:31:25.852	0.92843	0.92951			6
2025.11.21	00:31:27.217	0.92842				2
2025.11.21	00:31:28.558		0.92946			4
2025.11.21	00:31:28.867	0.92843	0.92950			6
2025.11.21	00:31:29.178	0.92847	0.92967			6
2025.11.21	00:31:29.484	0.92833	0.92940			6
2025.11.21	00:31:36.343	0.92837	0.92932			6
2025.11.21	00:31:37.007	0.92835	0.92937			6
2025.11.21	00:31:41.177	0.92836				2
2025.11.21	00:31:44.567	0.92834	0.92931			6
2025.11.21	00:31:45.067	0.92835	0.92932			6
2025.11.21	00:31:45.375	0.92839	0.92961			6
2025.11.21	00:31:45.678	0.92837	0.92932			6
2025.11.21	00:31:46.102	0.92836	0.92955			6
2025.11.21	00:31:46.444	0.92837	0.92942			6
2025.11.21	00:31:46.760	0.92832	0.92929			6
2025.11.21	00:31:47.303	0.92837	0.92956			6
2025.11.21	00:31:58.598	0.92838				2
2025.11.21	00:32:00.228	0.92838				2
2025.11.21	00:32:00.678	0.92839	0.92937			6
2025.11.21	00:32:03.398	0.92840				2
2025.11.21	00:32:06.403		0.92932			4
2025.11.21	00:32:07.057	0.92838	0.92939			6
2025.11.21	00:32:07.361		0.92941			4
2025.11.21	00:32:08.799	0.92839				2
2025.11.21	00:32:15.694	0.92840				2
2025.11.21	00:32:18.346		0.92935			4
2025.11.21	00:32:18.923		0.92940			4
2025.11.21	00:32:19.549	0.92841	0.92946			6
2025.11.21	00:32:19.858		0.92945			4
2025.11.21	00:32:20.351	0.92844	0.92935			6
2025.11.21	00:32:20.657	0.92851	0.92966			6
2025.11.21	00:32:20.967	0.92854				2
2025.11.21	00:32:21.269	0.92852	0.92957			6
2025.11.21	00:32:21.630		0.92978			4
2025.11.21	00:32:21.937	0.92848	0.92965			6
2025.11.21	00:32:22.240	0.92855	0.92955			6
2025.11.21	00:32:22.754	0.92846	0.92954			6
2025.11.21	00:32:23.500	0.92850				2
2025.11.21	00:32:23.989	0.92851	0.92973			6
2025.11.21	00:32:24.297	0.92848	0.92954			6
2025.11.21	00:32:24.608	0.92852	0.92972			6
2025.11.21	00:32:24.953	0.92854	0.92955			6
2025.11.21	00:32:25.361	0.92848	0.92960			6
2025.11.21	00:32:25.944	0.92851	0.92967			6
2025.11.21	00:32:26.446	0.92849				2
2025.11.21	00:32:26.758	0.92847	0.92954			6
2025.11.21	00:32:27.059	0.92852	0.92973			6
2025.11.21	00:32:27.371		0.92979			4
2025.11.21	00:32:28.227	0.92855	0.92965			6
2025.11.21	00:32:28.727		0.92962			4
2025.11.21	00:32:29.996	0.92854	0.92959			6
2025.11.21	00:32:30.314	0.92852	0.92978			6
2025.11.21	00:32:30.617	0.92849				2
2025.11.21	00:32:31.011	0.92859	0.92976			6
2025.11.21	00:32:31.518	0.92855	0.92967			6
2025.11.21	00:32:31.825	0.92856	0.92965			6
2025.11.21	00:32:32.312	0.92848	0.92979			6
2025.11.21	00:32:32.673	0.92861	0.92976			6
2025.11.21	00:32:33.094	0.92851	0.92977			6
2025.11.21	00:32:33.413	0.92852				2
2025.11.21	00:32:33.744	0.92849	0.92978			6
2025.11.21	00:32:34.229	0.92850				2
2025.11.21	00:32:37.924	0.92854	0.92979			6
2025.11.21	00:32:38.515	0.92857	0.92970			6
2025.11.21	00:32:38.944	0.92852	0.92978			6
2025.11.21	00:32:39.289		0.92980			4
2025.11.21	00:32:40.042	0.92853				2
2025.11.21	00:32:42.080	0.92854	0.92970			6
2025.11.21	00:32:43.514	0.92856	0.92968			6
2025.11.21	00:32:44.022	0.92850	0.92956			6
2025.11.21	00:32:45.104	0.92849				2
2025.11.21	00:32:50.010	0.92848				2
2025.11.21	00:32:50.503	0.92849				2
2025.11.21	00:32:55.011	0.92848				2
2025.11.21	00:32:55.514	0.92849				2
2025.11.21	00:32:56.371	0.92844				2
2025.11.21	00:32:57.514	0.92843				2
2025.11.21	00:32:59.560	0.92845				2
2025.11.21	00:33:00.060	0.92844				2
2025.11.21	00:33:04.308	0.92845	0.92953			6
2025.11.21	00:33:05.058	0.92843	0.92951			6
2025.11.21	00:33:07.898	0.92844				2
2025.11.21	00:33:12.558	0.92846	0.92949			6
2025.11.21	00:33:13.060	0.92843	0.92946			6
2025.11.21	00:33:13.365	0.92844	0.92944			6
2025.11.21	00:33:13.819	0.92847	0.92962			6
2025.11.21	00:33:14.500	0.92841	0.92973			6
2025.11.21	00:33:15.027	0.92842	0.92972			6
2025.11.21	00:33:15.376	0.92846	0.92959			6
2025.11.21	00:33:15.723	0.92844	0.92974			6
2025.11.21	00:33:16.075	0.92843	0.92960			6
2025.11.21	00:33:16.777	0.92847	0.92951			6
2025.11.21	00:33:17.548	0.92848				2
2025.11.21	00:33:27.130	0.92850	0.92945			6
2025.11.21	00:33:27.514	0.92848	0.92968			6
2025.11.21	00:33:27.859	0.92850	0.92963			6
2025.11.21	00:33:28.160	0.92844	0.92956			6
2025.11.21	00:33:28.766	0.92846	0.92955			6
2025.11.21	00:33:33.405	0.92849				2
2025.11.21	00:33:46.556	0.92850				2
2025.11.21	00:33:53.557	0.92852	0.92951			6
2025.11.21	00:33:54.060	0.92851	0.92947			6
2025.11.21	00:33:54.398		0.92953			4
2025.11.21	00:33:55.003	0.92849	0.92972			6
2025.11.21	00:33:55.510	0.92851	0.92971			6
2025.11.21	00:33:55.876	0.92852	0.92954			6
2025.11.21	00:33:56.376	0.92850	0.92973			6
2025.11.21	00:33:58.009	0.92849	0.92972			6
2025.11.21	00:33:59.499	0.92848				2
2025.11.21	00:34:00.404	0.92848				2
2025.11.21	00:34:12.165	0.92850	0.92971			6
2025.11.21	00:34:19.659		0.92972			4
2025.11.21	00:34:35.504		0.92971			4
2025.11.21	00:34:37.902	0.92851				2
2025.11.21	00:34:43.069	0.92852				2
2025.11.21	00:34:47.392	0.92851				2
2025.11.21	00:34:59.178	0.92850				2
2025.11.21	00:35:00.701	0.92850				2
2025.11.21	00:35:02.398	0.92849				2
2025.11.21	00:35:22.810	0.92856	0.92963			6
2025.11.21	00:35:23.330	0.92855	0.92972			6
2025.11.21	00:35:23.836		0.92965			4
2025.11.21	00:35:24.888		0.92963			4
2025.11.21	00:35:26.200	0.92856				2
2025.11.21	00:35:48.099	0.92857				2
2025.11.21	00:35:53.443	0.92856				2
2025.11.21	00:35:53.763	0.92854				2
2025.11.21	00:35:56.813	0.92855				2
2025.11.21	00:36:00.399	0.92855				2
2025.11.21	00:36:07.871	0.92856				2
2025.11.21	00:36:08.254	0.92866				2
2025.11.21	00:36:08.795		0.92964			4
2025.11.21	00:36:19.688	0.92865				2
2025.11.21	00:36:23.152	0.92867				2
2025.11.21	00:36:33.378	0.92868				2
2025.11.21	00:36:34.502	0.92867				2
2025.11.21	00:36:36.926	0.92863				2
2025.11.21	00:36:38.257	0.92868				2
2025.11.21	00:36:48.346	0.92869				2
2025.11.21	00:36:49.715	0.92866				2
2025.11.21	00:36:51.287	0.92867				2
2025.11.21	00:36:53.260	0.92872				2
2025.11.21	00:36:53.779	0.92871				2
2025.11.21	00:37:01.601	0.92871				2
2025.11.21	00:37:02.184		0.92962			4
2025.11.21	00:37:03.327	0.92872				2
2025.11.21	00:37:08.256	0.92876				2
2025.11.21	00:37:08.562	0.92873				2
2025.11.21	00:37:09.333	0.92874				2
2025.11.21	00:37:10.598	0.92875				2
2025.11.21	00:37:13.875	0.92879	0.92967			6
2025.11.21	00:37:14.373		0.92969			4
2025.11.21	00:37:22.578	0.92877				2
2025.11.21	00:37:23.885	0.92879	0.92967			6
2025.11.21	00:37:24.200	0.92880				2
2025.11.21	00:37:24.667	0.92877				2
2025.11.21	00:37:26.325	0.92878	0.92971			6
2025.11.21	00:37:26.827	0.92882				2
2025.11.21	00:37:36.702	0.92883				2
2025.11.21	00:37:38.162	0.92879				2
2025.11.21	00:37:38.663	0.92885				2
2025.11.21	00:37:40.003	0.92884				2
2025.11.21	00:37:41.831	0.92883				2
2025.11.21	00:37:45.911		0.92970			4
2025.11.21	00:37:48.399	0.92884				2
2025.11.21	00:37:53.257	0.92882	0.92966			6
2025.11.21	00:37:55.003	0.92883				2
2025.11.21	00:37:56.832	0.92884	0.92971			6
2025.11.21	00:38:00.400	0.92884				2
2025.11.21	00:38:01.792	0.92882				2
2025.11.21	00:38:02.297	0.92885				2
2025.11.21	00:38:02.793	0.92882				2
2025.11.21	00:38:08.188	0.92884	0.92968			6
2025.11.21	00:38:09.543		0.92966			4
2025.11.21	00:38:11.837	0.92885	0.92972			6
2025.11.21	00:38:13.802	0.92884				2
2025.11.21	00:38:19.576	0.92888				2
2025.11.21	00:38:20.077	0.92884				2
2025.11.21	00:38:20.548	0.92885				2
2025.11.21	00:38:22.194	0.92890				2
2025.11.21	00:38:23.256	0.92889	0.92969			6
2025.11.21	00:38:24.999	0.92888	0.92966			6
2025.11.21	00:38:26.834	0.92890	0.92973			6
2025.11.21	00:38:37.042	0.92887				2
2025.11.21	00:38:37.544	0.92890	0.92969			6
2025.11.21	00:38:41.835	0.92891				2
2025.11.21	00:38:42.334		0.92972			4
2025.11.21	00:38:42.803	0.92892	0.92975			6
2025.11.21	00:38:43.335	0.92890	0.92974			6
2025.11.21	00:38:43.836	0.92895				2
2025.11.21	00:38:44.335		0.92976			4
2025.11.21	00:38:45.999	0.92894				2
2025.11.21	00:38:51.399	0.92895				2
2025.11.21	00:38:52.560	0.92894				2
2025.11.21	00:38:52.913		0.92975			4
2025.11.21	00:38:53.261	0.92897				2
2025.11.21	00:38:54.162	0.92895	0.92971			6
2025.11.21	00:38:54.919		0.92970			4
2025.11.21	00:38:55.432	0.92888				2
2025.11.21	00:38:56.803	0.92896	0.92973			6
2025.11.21	00:38:57.384	0.92895	0.92970			6
2025.11.21	00:38:58.427	0.92898	0.92972			6
2025.11.21	00:38:58.767	0.92899	0.92976			6
2025.11.21	00:38:59.522	0.92891	0.92974			6
2025.11.21	00:38:59.901	0.92887				2
2025.11.21	00:39:00.267	0.92889				2
2025.11.21	00:39:00.982	0.92887				2
2025.11.21	00:39:01.349	0.92886				2
2025.11.21	00:39:01.682	0.92884				2
2025.11.21	00:39:02.947	0.92885				2
2025.11.21	00:39:06.614	0.92884	0.92971			6
2025.11.21	00:39:07.303	0.92883				2
2025.11.21	00:39:13.125	0.92882				2
2025.11.21	00:39:13.733	0.92883				2
2025.11.21	00:39:19.598	0.92882				2
2025.11.21	00:39:22.237	0.92884				2
2025.11.21	00:39:22.738	0.92883	0.92967			6
2025.11.21	00:39:24.659	0.92880				2
2025.11.21	00:39:32.026		0.92976			4
2025.11.21	00:39:33.832	0.92881	0.92979			6
2025.11.21	00:39:35.675	0.92880	0.92974			6
2025.11.21	00:39:36.045	0.92879				2
2025.11.21	00:39:37.059	0.92878	0.92971			6
2025.11.21	00:39:38.692	0.92877				2
2025.11.21	00:39:50.026	0.92876				2
2025.11.21	00:39:50.597	0.92877				2
2025.11.21	00:39:52.235	0.92878				2
2025.11.21	00:40:00.283	0.92878				2
2025.11.21	00:40:02.332	0.92877				2
2025.11.21	00:40:02.830	0.92878				2
2025.11.21	00:40:03.810	0.92875	0.92967			6
2025.11.21	00:40:04.410		0.92971			4
2025.11.21	00:40:06.038	0.92877	0.92975			6
2025.11.21	00:40:06.340	0.92878				2
2025.11.21	00:40:07.161		0.92972			4
2025.11.21	00:40:07.537	0.92876				2
2025.11.21	00:40:09.239	0.92877				2
2025.11.21	00:40:13.127	0.92878				2
2025.11.21	00:40:23.927	0.92877				2
2025.11.21	00:40:29.290	0.92876				2
2025.11.21	00:40:40.226		0.92969			4
2025.11.21	00:40:56.614		0.92972			4
2025.11.21	00:41:00.614	0.92876				2
2025.11.21	00:41:03.645		0.92969			4
2025.11.21	00:41:09.048	0.92877				2
2025.11.21	00:41:09.537	0.92876				2
2025.11.21	00:41:19.460	0.92877				2
2025.11.21	00:41:19.846	0.92876				2
2025.11.21	00:41:29.127	0.92875				2
2025.11.21	00:41:31.406	0.92876				2
2025.11.21	00:41:33.880	0.92875				2
2025.11.21	00:41:36.615	0.92874	0.92973			6
2025.11.21	00:41:43.134	0.92873	0.92968			6
2025.11.21	00:41:43.685		0.92965			4
2025.11.21	00:41:44.927	0.92871				2
2025.11.21	00:41:46.576	0.92875				2
2025.11.21	00:41:47.471		0.92972			4
2025.11.21	00:41:48.462	0.92872				2
2025.11.21	00:41:49.724	0.92867	0.92964			6
2025.11.21	00:41:52.794		0.92957			4
2025.11.21	00:41:54.796	0.92866	0.92961			6
2025.11.21	00:41:57.669	0.92870				2
2025.11.21	00:41:58.126	0.92871	0.92963			6
2025.11.21	00:41:58.437	0.92870				2
2025.11.21	00:41:59.228	0.92872	0.92973			6
2025.11.21	00:41:59.767		0.92976			4
2025.11.21	00:42:00.265	0.92872				2
2025.11.21	00:42:00.619	0.92869	0.92983			6
2025.11.21	00:42:00.978	0.92873				2
2025.11.21	00:42:01.284	0.92871				2
2025.11.21	00:42:01.946		0.92978			4
2025.11.21	00:42:02.650	0.92870				2
2025.11.21	00:42:04.501	0.92869				2
2025.11.21	00:42:08.534	0.92871				2
2025.11.21	00:42:08.953	0.92873				2
2025.11.21	00:42:10.218	0.92870				2
2025.11.21	00:42:10.586	0.92872				2
2025.11.21	00:42:12.276	0.92871				2
2025.11.21	00:42:13.192	0.92870				2
2025.11.21	00:42:15.394	0.92871				2
2025.11.21	00:42:16.598	0.92872				2
2025.11.21	00:42:17.340	0.92873				2
2025.11.21	00:42:18.789	0.92874				2
2025.11.21	00:42:19.107	0.92875				2
2025.11.21	00:42:19.458	0.92873				2
2025.11.21	00:42:20.829	0.92874				2
2025.11.21	00:42:21.367	0.92873				2
2025.11.21	00:42:22.709	0.92872				2
2025.11.21	00:42:23.831	0.92873				2
2025.11.21	00:42:24.479	0.92872				2
2025.11.21	00:42:26.799	0.92874				2
2025.11.21	00:42:29.519	0.92873				2
2025.11.21	00:42:31.641	0.92874				2
2025.11.21	00:42:34.116		0.92977			4
2025.11.21	00:42:38.055	0.92873				2
2025.11.21	00:42:45.709		0.92970			4
2025.11.21	00:42:52.115	0.92872				2
2025.11.21	00:42:57.966	0.92875				2
2025.11.21	00:43:01.599	0.92875				2
2025.11.21	00:43:08.803	0.92876				2
2025.11.21	00:43:10.996	0.92875				2
2025.11.21	00:43:12.999	0.92876				2
2025.11.21	00:43:15.016	0.92875				2
2025.11.21	00:43:20.787		0.92972			4
2025.11.21	00:43:45.127	0.92876				2
2025.11.21	00:43:46.816	0.92874				2
2025.11.21	00:43:47.128	0.92877				2
2025.11.21	00:43:48.742	0.92876				2
2025.11.21	00:43:57.423	0.92877				2
2025.11.21	00:43:57.740	0.92876				2
2025.11.21	00:44:00.378	0.92877				2
2025.11.21	00:44:05.317	0.92876				2
2025.11.21	00:44:10.038	0.92875				2
2025.11.21	00:44:22.346		0.92972			4
2025.11.21	00:44:36.979	0.92874				2
2025.11.21	00:44:37.880	0.92875				2
2025.11.21	00:44:47.367	0.92873				2
2025.11.21	00:44:48.998	0.92874				2
2025.11.21	00:44:49.867	0.92875				2
2025.11.21	00:45:00.778	0.92868	0.92962			6
2025.11.21	00:45:01.091	0.92873	0.92956			6
2025.11.21	00:45:01.420	0.92875				2
2025.11.21	00:45:01.964	0.92877				2
2025.11.21	00:45:02.282	0.92876				2
2025.11.21	00:45:03.199	0.92880	0.93012			6
2025.11.21	00:45:06.738	0.92876	0.92956			6
2025.11.21	00:45:11.515	0.92894	0.92938			6
2025.11.21	00:45:14.380	0.92892				2
2025.11.21	00:45:15.766	0.92890				2
2025.11.21	00:45:16.375	0.92888				2
2025.11.21	00:45:16.744	0.92889				2
2025.11.21	00:45:20.405	0.92888				2
2025.11.21	00:45:21.981		0.92939			4
2025.11.21	00:45:26.805	0.92890				2
2025.11.21	00:45:27.704	0.92888				2
2025.11.21	00:45:28.538	0.92890				2
2025.11.21	00:45:29.554	0.92888				2
2025.11.21	00:45:29.869	0.92886				2
2025.11.21	00:45:30.537	0.92889				2
2025.11.21	00:45:31.677	0.92891				2
2025.11.21	00:45:36.619	0.92888				2
2025.11.21	00:45:37.286	0.92890				2
2025.11.21	00:45:37.598	0.92891				2
2025.11.21	00:45:38.886	0.92889				2
2025.11.21	00:45:46.375	0.92890				2
2025.11.21	00:45:47.370	0.92892				2
2025.11.21	00:45:48.055	0.92893				2
2025.11.21	00:45:54.828		0.92940			4
2025.11.21	00:45:56.749	0.92891				2
2025.11.21	00:45:58.811	0.92895				2
2025.11.21	00:45:59.217	0.92893	0.92939			6
2025.11.21	00:46:00.831	0.92894				2
2025.11.21	00:46:05.138	0.92896	0.92941			6
2025.11.21	00:46:05.591	0.92895	0.92945			6
2025.11.21	00:46:06.144		0.92940			4
2025.11.21	00:46:07.138	0.92894				2
2025.11.21	00:46:08.086	0.92893				2
2025.11.21	00:46:10.467	0.92892				2
2025.11.21	00:46:16.374		0.92939			4
2025.11.21	00:46:21.399	0.92895	0.92946			6
2025.11.21	00:46:23.540	0.92896				2
2025.11.21	00:46:23.880	0.92894				2
2025.11.21	00:46:28.018		0.92947			4
2025.11.21	00:46:31.376		0.92943			4
2025.11.21	00:46:31.725	0.92893				2
2025.11.21	00:46:36.464		0.92940			4
2025.11.21	00:46:37.603	0.92892				2
2025.11.21	00:46:46.639		0.92939			4
2025.11.21	00:46:47.053	0.92895				2
2025.11.21	00:46:48.057	0.92894				2
2025.11.21	00:46:50.864	0.92892				2
2025.11.21	00:46:51.618	0.92894				2
2025.11.21	00:46:52.898	0.92895				2
2025.11.21	00:46:53.692	0.92894				2
2025.11.21	00:46:55.550	0.92893				2
2025.11.21	00:46:55.912	0.92892				2
2025.11.21	00:47:00.829	0.92892				2
2025.11.21	00:47:01.470	0.92891				2
2025.11.21	00:47:03.244	0.92893	0.92996			6
2025.11.21	00:47:06.486	0.92896				2
2025.11.21	00:47:06.834	0.92895	0.92939			6
2025.11.21	00:47:07.206	0.92893				2
2025.11.21	00:47:12.099	0.92890				2
2025.11.21	00:47:12.633	0.92894				2
2025.11.21	00:47:13.191	0.92893				2
2025.11.21	00:47:14.199	0.92892				2
2025.11.21	00:47:15.656	0.92891				2
2025.11.21	00:47:17.872	0.92893				2
2025.11.21	00:47:18.542	0.92892				2
2025.11.21	00:47:22.305	0.92893				2
2025.11.21	00:47:23.941	0.92892				2
2025.11.21	00:47:24.635	0.92891				2
2025.11.21	00:47:24.995	0.92893				2
2025.11.21	00:47:27.203	0.92892				2
2025.11.21	00:47:29.312	0.92893				2
2025.11.21	00:47:31.215	0.92892				2
2025.11.21	00:47:32.517	0.92893				2
2025.11.21	00:47:33.222	0.92892				2
2025.11.21	00:47:33.531	0.92893				2
2025.11.21	00:47:35.604	0.92892				2
2025.11.21	00:47:35.934	0.92893				2
2025.11.21	00:47:44.800	0.92892				2
2025.11.21	00:47:52.280	0.92894	0.92945			6
2025.11.21	00:47:52.625	0.92892	0.92939			6
2025.11.21	00:48:00.306	0.92892				2
2025.11.21	00:48:01.644	0.92890				2
2025.11.21	00:48:06.470	0.92891	0.92945			6
2025.11.21	00:48:07.060		0.92944			4
2025.11.21	00:48:16.641	0.92892				2
2025.11.21	00:48:22.189	0.92893				2
2025.11.21	00:48:25.930	0.92891				2
2025.11.21	00:48:27.191		0.92942			4
2025.11.21	00:48:27.703		0.92945			4
2025.11.21	00:48:29.115		0.92950			4
2025.11.21	00:48:29.667		0.92951			4
2025.11.21	00:48:30.492	0.92892				2
2025.11.21	00:48:31.167	0.92891				2
2025.11.21	00:48:31.642	0.92887				2
2025.11.21	00:48:33.573	0.92888				2
2025.11.21	00:48:35.501	0.92887				2
2025.11.21	00:48:41.967		0.92949			4
2025.11.21	00:48:42.980	0.92888				2
2025.11.21	00:48:43.468		0.92951			4
2025.11.21	00:48:43.898	0.92889				2
2025.11.21	00:48:46.299	0.92887	0.92939			6
2025.11.21	00:48:46.644	0.92886				2
2025.11.21	00:48:54.336	0.92887				2
2025.11.21	00:48:55.084	0.92886				2
2025.11.21	00:48:59.202	0.92887				2
2025.11.21	00:49:00.234	0.92886				2
2025.11.21	00:49:06.539	0.92887				2
2025.11.21	00:49:13.001	0.92888				2
2025.11.21	00:49:14.132	0.92889	0.92943			6
2025.11.21	00:49:14.629	0.92888	0.92939			6
2025.11.21	00:49:22.159	0.92889				2
2025.11.21	00:49:51.076	0.92888				2
2025.11.21	00:49:51.653	0.92889				2
2025.11.21	00:49:54.659	0.92888				2
2025.11.21	00:49:55.268	0.92889				2
2025.11.21	00:49:59.218	0.92888				2
2025.11.21	00:50:01.564	0.92889				2
2025.11.21	00:50:03.100	0.92890				2
2025.11.21	00:50:05.198	0.92889				2
2025.11.21	00:50:07.598	0.92890				2
2025.11.21	00:50:11.831	0.92889				2
2025.11.21	00:50:14.895		0.92939			4
2025.11.21	00:50:16.375	0.92888				2
2025.11.21	00:50:17.894	0.92887				2
2025.11.21	00:50:21.102	0.92888				2
2025.11.21	00:50:23.329	0.92887				2
2025.11.21	00:50:30.137	0.92888				2
2025.11.21	00:50:31.389	0.92886				2
2025.11.21	00:50:34.647	0.92887				2
2025.11.21	00:50:36.643	0.92889				2
2025.11.21	00:50:37.954	0.92888				2
2025.11.21	00:50:41.499	0.92889				2
2025.11.21	00:50:49.300	0.92888				2
2025.11.21	00:50:51.830	0.92889				2
2025.11.21	00:50:56.652		0.92942			4
2025.11.21	00:50:57.402	0.92888				2
2025.11.21	00:50:58.703		0.92939			4
2025.11.21	00:51:01.302	0.92888				2
2025.11.21	00:51:03.573	0.92887				2
2025.11.21	00:51:15.200	0.92888				2
2025.11.21	00:51:15.616	0.92889				2
2025.11.21	00:51:16.350	0.92887				2
2025.11.21	00:51:28.126	0.92886				2
2025.11.21	00:51:31.252	0.92884				2
2025.11.21	00:51:33.829	0.92887				2
2025.11.21	00:51:35.284	0.92886				2
2025.11.21	00:51:36.673	0.92887				2
2025.11.21	00:51:38.199	0.92888				2
2025.11.21	00:51:41.510	0.92887				2
2025.11.21	00:51:43.298	0.92888				2
2025.11.21	00:51:46.376	0.92886				2
2025.11.21	00:51:52.332	0.92887				2
2025.11.21	00:51:53.793	0.92886				2
2025.11.21	00:51:54.866	0.92887				2
2025.11.21	00:51:57.902	0.92886				2
2025.11.21	00:51:58.352	0.92887				2
2025.11.21	00:51:59.128		0.92939			4
2025.11.21	00:51:59.853	0.92890				2
2025.11.21	00:52:00.853	0.92888				2
2025.11.21	00:52:02.019	0.92887				2
2025.11.21	00:52:03.938	0.92886				2
2025.11.21	00:52:12.120	0.92888				2
2025.11.21	00:52:13.192	0.92886				2
2025.11.21	00:52:21.940	0.92888				2
2025.11.21	00:52:25.482	0.92886				2
2025.11.21	00:52:26.483	0.92883				2
2025.11.21	00:52:27.582	0.92884				2
2025.11.21	00:52:31.625	0.92883				2
2025.11.21	00:52:33.554	0.92884				2
2025.11.21	00:52:33.885	0.92885				2
2025.11.21	00:52:34.574	0.92884				2
2025.11.21	00:52:36.383	0.92885				2
2025.11.21	00:52:36.729	0.92884				2
2025.11.21	00:52:37.548	0.92885				2
2025.11.21	00:52:39.609	0.92884				2
2025.11.21	00:52:41.790	0.92885				2
2025.11.21	00:52:42.106	0.92886				2
2025.11.21	00:52:43.108	0.92885				2
2025.11.21	00:52:43.886	0.92886				2
2025.11.21	00:52:45.547	0.92885				2
2025.11.21	00:52:46.375	0.92884				2
2025.11.21	00:52:50.285	0.92887				2
2025.11.21	00:52:52.680	0.92885				2
2025.11.21	00:52:53.062	0.92886				2
2025.11.21	00:52:54.894	0.92887				2
2025.11.21	00:52:56.152	0.92885				2
2025.11.21	00:52:56.467	0.92887				2
2025.11.21	00:52:57.220	0.92886				2
2025.11.21	00:52:59.148		0.92939			4
2025.11.21	00:53:00.400	0.92887				2
2025.11.21	00:53:00.770	0.92888				2
2025.11.21	00:53:02.200	0.92887				2
2025.11.21	00:53:06.099	0.92888				2
2025.11.21	00:53:06.866	0.92887				2
2025.11.21	00:53:07.874	0.92889				2
2025.11.21	00:53:11.028	0.92886				2
2025.11.21	00:53:14.918		0.92949			4
2025.11.21	00:53:15.572	0.92887				2
2025.11.21	00:53:17.009	0.92886				2
2025.11.21	00:53:17.461	0.92887				2
2025.11.21	00:53:20.918		0.92939			4
2025.11.21	00:53:22.307	0.92886				2
2025.11.21	00:53:24.900	0.92888				2
2025.11.21	00:53:25.377	0.92886				2
2025.11.21	00:53:25.742	0.92888				2
2025.11.21	00:53:26.303	0.92886				2
2025.11.21	00:53:27.404	0.92881				2
2025.11.21	00:53:27.709	0.92886				2
2025.11.21	00:53:28.119	0.92887				2
2025.11.21	00:53:29.693	0.92889				2
2025.11.21	00:53:33.897	0.92891	0.92941			6
2025.11.21	00:53:34.220	0.92889				2
2025.11.21	00:53:36.115	0.92887				2
2025.11.21	00:53:36.451	0.92889				2
2025.11.21	00:53:41.959	0.92888	0.92939			6
2025.11.21	00:53:42.461	0.92889	0.92942			6
2025.11.21	00:53:45.098	0.92888				2
2025.11.21	00:53:45.948	0.92889				2
2025.11.21	00:53:51.712	0.92888	0.92939			6
2025.11.21	00:53:52.085	0.92890	0.92942			6
2025.11.21	00:53:53.304	0.92889				2
2025.11.21	00:53:57.225	0.92890				2
2025.11.21	00:53:59.887	0.92886	0.92939			6
2025.11.21	00:54:00.211	0.92886				2
2025.11.21	00:54:00.854	0.92884				2
2025.11.21	00:54:02.753	0.92885				2
2025.11.21	00:54:10.300	0.92876	0.92923			6
2025.11.21	00:54:11.218	0.92875				2
2025.11.21	00:54:12.624	0.92874				2
2025.11.21	00:54:12.978	0.92875				2
2025.11.21	00:54:13.386	0.92873	0.92924			6
2025.11.21	00:54:14.769		0.92923			4
2025.11.21	00:54:16.652	0.92875				2
2025.11.21	00:54:17.422	0.92874	0.92924			6
2025.11.21	00:54:18.076	0.92876	0.92923			6
2025.11.21	00:54:19.067	0.92875				2
2025.11.21	00:54:19.728	0.92874				2
2025.11.21	00:54:20.198	0.92875	0.92922			6
2025.11.21	00:54:20.946	0.92877				2
2025.11.21	00:54:21.285	0.92873	0.92923			6
2025.11.21	00:54:22.219	0.92874				2
2025.11.21	00:54:22.639	0.92872	0.92925			6
2025.11.21	00:54:23.361		0.92924			4
2025.11.21	00:54:23.872	0.92874				2
2025.11.21	00:54:24.206	0.92872	0.92925			6
2025.11.21	00:54:24.518	0.92871				2
2025.11.21	00:54:25.519	0.92874				2
2025.11.21	00:54:29.706	0.92866	0.92924			6
2025.11.21	00:54:33.700	0.92867				2
2025.11.21	00:54:40.000	0.92866	0.92925			6
2025.11.21	00:54:40.500	0.92867	0.92924			6
2025.11.21	00:54:46.891	0.92865	0.92925			6
2025.11.21	00:54:48.037		0.92926			4
2025.11.21	00:54:48.794	0.92867	0.92925			6
2025.11.21	00:54:51.719	0.92866				2
2025.11.21	00:54:52.101	0.92867				2
2025.11.21	00:54:53.668	0.92866	0.92926			6
2025.11.21	00:54:54.236	0.92865	0.92928			6
2025.11.21	00:54:54.538	0.92863	0.92927			6
2025.11.21	00:54:54.897	0.92867	0.92925			6
2025.11.21	00:54:55.203	0.92865	0.92926			6
2025.11.21	00:54:56.500	0.92866				2
2025.11.21	00:54:56.943	0.92867	0.92925			6
2025.11.21	00:54:58.413	0.92866				2
2025.11.21	00:54:59.314	0.92865				2
2025.11.21	00:55:02.002	0.92863	0.92927			6
2025.11.21	00:55:03.071	0.92867	0.92925			6
2025.11.21	00:55:04.555	0.92863	0.92927			6
2025.11.21	00:55:05.859	0.92864	0.92926			6
2025.11.21	00:55:06.869	0.92863	0.92927			6
2025.11.21	00:55:07.384	0.92865	0.92926			6
2025.11.21	00:55:10.422	0.92867	0.92924			6
2025.11.21	00:55:11.915		0.92923			4
2025.11.21	00:55:13.453	0.92868	0.92922			6
2025.11.21	00:55:15.234		0.92923			4
2025.11.21	00:55:15.732	0.92870	0.92922			6
2025.11.21	00:55:16.741	0.92867	0.92923			6
2025.11.21	00:55:19.073	0.92869	0.92922			6
2025.11.21	00:55:21.101	0.92868	0.92923			6
2025.11.21	00:55:24.291	0.92869				2
2025.11.21	00:55:25.533	0.92868				2
2025.11.21	00:55:27.392	0.92869	0.92922			6
2025.11.21	00:55:28.802	0.92870	0.92921			6
2025.11.21	00:55:29.710	0.92869	0.92922			6
2025.11.21	00:55:30.831	0.92870	0.92921			6
2025.11.21	00:55:31.992	0.92868	0.92922			6
2025.11.21	00:55:33.042	0.92869	0.92921			6
2025.11.21	00:55:34.327	0.92870				2
2025.11.21	00:55:35.413	0.92868	0.92923			6
2025.11.21	00:55:35.897	0.92865	0.92925			6
2025.11.21	00:55:37.098	0.92866	0.92924			6
2025.11.21	00:55:38.468	0.92867				2
2025.11.21	00:55:39.457		0.92923			4
2025.11.21	00:55:39.825	0.92865	0.92925			6
2025.11.21	00:55:40.269	0.92867	0.92923			6
2025.11.21	00:55:40.671	0.92870	0.92922			6
2025.11.21	00:55:40.977		0.92921			4
2025.11.21	00:55:41.411	0.92868				2
2025.11.21	00:55:42.116	0.92881				2
2025.11.21	00:55:42.423	0.92883	0.92928			6
2025.11.21	00:55:43.021		0.92927			4
2025.11.21	00:55:44.268		0.92928			4
2025.11.21	00:55:45.224	0.92886	0.92925			6
2025.11.21	00:55:45.525	0.92883	0.92927			6
2025.11.21	00:55:46.300		0.92928			4
2025.11.21	00:55:47.799	0.92882	0.92929			6
2025.11.21	00:55:48.700	0.92883	0.92928			6
2025.11.21	00:55:50.502		0.92927			4
2025.11.21	00:55:52.899		0.92928			4
2025.11.21	00:55:56.499		0.92927			4
2025.11.21	00:56:00.355	0.92883				2
2025.11.21	00:56:08.500	0.92882	0.92928			6
2025.11.21	00:56:09.631		0.92929			4
2025.11.21	00:56:12.367		0.92927			4
2025.11.21	00:56:12.678	0.92881	0.92931			6
2025.11.21	00:56:13.839	0.92883				2
2025.11.21	00:56:14.375	0.92885	0.92928			6
2025.11.21	00:56:15.461	0.92884	0.92929			6
2025.11.21	00:56:17.801		0.92928			4
2025.11.21	00:56:18.376		0.92929			4
2025.11.21	00:56:21.701		0.92928			4
2025.11.21	00:56:23.370	0.92885				2
2025.11.21	00:56:26.609	0.92884	0.92929			6
2025.11.21	00:56:26.919	0.92885	0.92928			6
2025.11.21	00:56:27.368	0.92884	0.92929			6
2025.11.21	00:56:30.698		0.92928			4
2025.11.21	00:56:33.388	0.92885				2
2025.11.21	00:56:34.406	0.92886	0.92926			6
2025.11.21	00:56:34.900	0.92887				2
2025.11.21	00:56:36.469	0.92884	0.92928			6
2025.11.21	00:56:36.928	0.92887	0.92926			6
2025.11.21	00:56:37.236		0.92925			4
2025.11.21	00:56:37.637	0.92886	0.92926			6
2025.11.21	00:56:38.500		0.92925			4
2025.11.21	00:56:39.425	0.92885	0.92927			6
2025.11.21	00:56:40.453		0.92928			4
2025.11.21	00:56:40.934	0.92884	0.92930			6
2025.11.21	00:56:41.425	0.92885	0.92929			6
2025.11.21	00:56:41.814		0.92928			4
2025.11.21	00:56:42.169	0.92884				2
2025.11.21	00:56:42.929	0.92887	0.92926			6
2025.11.21	00:56:43.935		0.92925			4
2025.11.21	00:56:45.101		0.92926			4
2025.11.21	00:56:51.700	0.92886				2
2025.11.21	00:56:52.065	0.92887	0.92925			6
2025.11.21	00:56:53.984	0.92886	0.92927			6
2025.11.21	00:56:54.304	0.92885	0.92929			6
2025.11.21	00:56:55.946	0.92882	0.92932			6
2025.11.21	00:56:56.611	0.92888	0.92927			6
2025.11.21	00:56:57.053	0.92881	0.92934			6
2025.11.21	00:56:57.767	0.92885	0.92931			6
2025.11.21	00:56:58.198	0.92884	0.92932			6
2025.11.21	00:56:59.203		0.92931			4
2025.11.21	00:56:59.539	0.92883				2
2025.11.21	00:57:00.295	0.92888	0.92927			6
2025.11.21	00:57:01.884	0.92887	0.92928			6
2025.11.21	00:57:05.199	0.92889				2
2025.11.21	00:57:05.870	0.92887	0.92930			6
2025.11.21	00:57:07.878	0.92882	0.92932			6
2025.11.21	00:57:08.202	0.92881				2
2025.11.21	00:57:10.112	0.92884	0.92931			6
2025.11.21	00:57:10.463	0.92883				2
2025.11.21	00:57:12.079	0.92884	0.92930			6
2025.11.21	00:57:12.380	0.92883	0.92931			6
2025.11.21	00:57:15.100		0.92929			4
2025.11.21	00:57:20.302	0.92884				2
2025.11.21	00:57:20.809	0.92882	0.92930			6
2025.11.21	00:57:21.350	0.92885	0.92928			6
2025.11.21	00:57:21.791	0.92883	0.92929			6
2025.11.21	00:57:22.849		0.92930			4
2025.11.21	00:57:23.892	0.92882				2
2025.11.21	00:57:27.337	0.92883				2
2025.11.21	00:57:27.731	0.92878	0.92934			6
2025.11.21	00:57:28.069		0.92935			4
2025.11.21	00:57:28.423	0.92879	0.92934			6
2025.11.21	00:57:29.029	0.92882	0.92930			6
2025.11.21	00:57:29.571	0.92874	0.92939			6
2025.11.21	00:57:29.922		0.92938			4
2025.11.21	00:57:30.523	0.92886	0.92928			6
2025.11.21	00:57:30.839	0.92884	0.92927			6
2025.11.21	00:57:31.397		0.92928			4
2025.11.21	00:57:32.109	0.92883	0.92930			6
2025.11.21	00:57:32.795	0.92884	0.92927			6
2025.11.21	00:57:33.182	0.92882	0.92930			6
2025.11.21	00:57:33.527		0.92932			4
2025.11.21	00:57:34.203	0.92883	0.92928			6
2025.11.21	00:57:34.519	0.92884	0.92927			6
2025.11.21	00:57:35.203	0.92882	0.92930			6
2025.11.21	00:57:36.208	0.92881	0.92931			6
2025.11.21	00:57:36.611	0.92879	0.92932			6
2025.11.21	00:57:37.200	0.92882	0.92929			6
2025.11.21	00:57:37.777	0.92884	0.92928			6
2025.11.21	00:57:38.204		0.92927			4
2025.11.21	00:57:38.752	0.92886				2
2025.11.21	00:57:39.087	0.92884	0.92930			6
2025.11.21	00:57:39.400		0.92929			4
2025.11.21	00:57:39.777	0.92883	0.92931			6
2025.11.21	00:57:40.092	0.92885	0.92929			6
2025.11.21	00:57:40.412	0.92883	0.92928			6
2025.11.21	00:57:40.718	0.92884	0.92926			6
2025.11.21	00:57:41.213	0.92885	0.92925			6
2025.11.21	00:57:41.589	0.92892	0.92933			6
2025.11.21	00:57:41.918	0.92890				2
2025.11.21	00:57:42.275	0.92886	0.92934			6
2025.11.21	00:57:42.627	0.92887	0.92935			6
2025.11.21	00:57:42.930	0.92886	0.92936			6
2025.11.21	00:57:44.880	0.92887	0.92941			6
2025.11.21	00:57:45.198	0.92891	0.92934			6
2025.11.21	00:57:45.891	0.92888	0.92937			6
2025.11.21	00:57:46.285	0.92887	0.92936			6
2025.11.21	00:57:49.571	0.92886	0.92937			6
2025.11.21	00:57:51.288		0.92939			4
2025.11.21	00:57:56.029		0.92937			4
2025.11.21	00:57:57.103	0.92887	0.92936			6
2025.11.21	00:58:00.891	0.92886	0.92938			6
2025.11.21	00:58:01.975	0.92885	0.92939			6
2025.11.21	00:58:02.555	0.92889	0.92935			6
2025.11.21	00:58:02.978	0.92891	0.92937			6
2025.11.21	00:58:03.623	0.92888	0.92940			6
2025.11.21	00:58:04.191		0.92938			4
2025.11.21	00:58:04.558	0.92889	0.92937			6
2025.11.21	00:58:07.312		0.92935			4
2025.11.21	00:58:07.617	0.92891	0.92933			6
2025.11.21	00:58:07.918	0.92888	0.92938			6
2025.11.21	00:58:11.051	0.92889	0.92940			6
2025.11.21	00:58:11.641	0.92891	0.92935			6
2025.11.21	00:58:12.049	0.92889	0.92936			6
2025.11.21	00:58:12.554	0.92886	0.92940			6
2025.11.21	00:58:13.052	0.92889	0.92937			6
2025.11.21	00:58:22.103	0.92893	0.92934			6
2025.11.21	00:58:22.609	0.92889	0.92938			6
2025.11.21	00:58:23.267	0.92888	0.92939			6
2025.11.21	00:58:26.473	0.92892	0.92936			6
2025.11.21	00:58:26.943	0.92888	0.92938			6
2025.11.21	00:58:27.250		0.92937			4
2025.11.21	00:58:28.185	0.92887	0.92939			6
2025.11.21	00:58:31.221		0.92941			4
2025.11.21	00:58:36.560	0.92885	0.92943			6
2025.11.21	00:58:37.318	0.92887	0.92939			6
2025.11.21	00:58:37.713	0.92888	0.92937			6
2025.11.21	00:58:38.339	0.92885	0.92940			6
2025.11.21	00:58:41.966	0.92884				2
2025.11.21	00:58:42.310	0.92887				2
2025.11.21	00:58:43.662	0.92889	0.92938			6
2025.11.21	00:58:43.989	0.92886	0.92940			6
2025.11.21	00:58:45.194		0.92942			4
2025.11.21	00:58:45.503		0.92941			4
2025.11.21	00:58:46.342	0.92891	0.92937			6
2025.11.21	00:58:46.678	0.92890	0.92934			6
2025.11.21	00:58:46.982	0.92887	0.92937			6
2025.11.21	00:58:48.932	0.92886	0.92938			6
2025.11.21	00:58:49.611	0.92887	0.92937			6
2025.11.21	00:58:51.588		0.92939			4
2025.11.21	00:58:56.027	0.92891	0.92936			6
2025.11.21	00:58:56.354	0.92890	0.92935			6
2025.11.21	00:58:56.882	0.92888	0.92938			6
2025.11.21	00:59:01.127	0.92887	0.92940			6
2025.11.21	00:59:01.471	0.92891	0.92935			6
2025.11.21	00:59:02.067	0.92887	0.92939			6
2025.11.21	00:59:03.942		0.92940			4
2025.11.21	00:59:04.722	0.92874	0.92939			6
2025.11.21	00:59:05.046	0.92880				2
2025.11.21	00:59:05.643	0.92881				2
2025.11.21	00:59:08.070	0.92883				2
2025.11.21	00:59:10.880	0.92878				2
2025.11.21	00:59:11.218	0.92883				2
2025.11.21	00:59:11.879	0.92881				2
2025.11.21	00:59:12.263	0.92880				2
2025.11.21	00:59:14.737	0.92883				2
2025.11.21	00:59:16.377	0.92879				2
2025.11.21	00:59:17.849	0.92887				2
2025.11.21	00:59:18.186	0.92885				2
2025.11.21	00:59:18.532	0.92884				2
2025.11.21	00:59:19.283	0.92885				2
2025.11.21	00:59:19.766	0.92883				2
2025.11.21	00:59:20.559	0.92885				2
2025.11.21	00:59:21.972	0.92884				2
2025.11.21	00:59:22.274	0.92885				2
2025.11.21	00:59:24.814	0.92886	0.92945			6
2025.11.21	00:59:25.118	0.92887	0.92944			6
2025.11.21	00:59:25.436	0.92885	0.92946			6
2025.11.21	00:59:28.093	0.92884	0.92943			6
2025.11.21	00:59:28.563	0.92887	0.92945			6
2025.11.21	00:59:33.304		0.92946			4
2025.11.21	00:59:33.887	0.92888	0.92944			6
2025.11.21	00:59:36.413	0.92889				2
2025.11.21	00:59:37.700		0.92943			4
2025.11.21	00:59:38.150	0.92890	0.92942			6
2025.11.21	00:59:38.522	0.92888	0.92945			6
2025.11.21	00:59:40.127	0.92889	0.92942			6
2025.11.21	00:59:40.534	0.92888	0.92943			6
2025.11.21	00:59:41.667	0.92887	0.92945			6
2025.11.21	00:59:42.200		0.92942			4
2025.11.21	00:59:42.709	0.92889	0.92940			6
2025.11.21	00:59:43.480	0.92890				2
2025.11.21	00:59:43.798	0.92891	0.92938			6
2025.11.21	00:59:44.251	0.92890	0.92939			6
2025.11.21	00:59:44.968	0.92889	0.92941			6
2025.11.21	00:59:46.199		0.92942			4
2025.11.21	00:59:56.287	0.92888				2
2025.11.21	00:59:58.409	0.92889				2
2025.11.21	01:00:00.306	0.92883	0.92928			6
2025.11.21	01:00:00.619	0.92885				2
2025.11.21	01:00:01.307	0.92880				2
2025.11.21	01:00:01.656	0.92882				2
2025.11.21	01:00:01.958	0.92878	0.92926			6
2025.11.21	01:00:02.278	0.92886	0.92929			6
2025.11.21	01:00:02.579	0.92885	0.92931			6
2025.11.21	01:00:03.009	0.92887				2
2025.11.21	01:00:03.702	0.92886	0.93003			6
2025.11.21	01:00:04.029		0.93000			4
2025.11.21	01:00:04.678	0.92884	0.93002			6
2025.11.21	01:00:04.980	0.92882	0.93003			6
2025.11.21	01:00:05.631	0.92884	0.92994			6
2025.11.21	01:00:05.980	0.92883				2
2025.11.21	01:00:06.585	0.92884	0.92998			6
2025.11.21	01:00:06.934		0.92997			4
2025.11.21	01:00:07.236	0.92887	0.92934			6
2025.11.21	01:00:07.574	0.92889				2
2025.11.21	01:00:08.017	0.92890				2
2025.11.21	01:00:08.383	0.92889				2
2025.11.21	01:00:08.769	0.92888				2
2025.11.21	01:00:09.083	0.92890	0.92936			6
2025.11.21	01:00:09.398	0.92889				2
2025.11.21	01:00:09.834	0.92888	0.92939			6
2025.11.21	01:00:10.145	0.92892				2
2025.11.21	01:00:10.460	0.92883	0.92926			6
2025.11.21	01:00:10.766	0.92882	0.92930			6
2025.11.21	01:00:11.420	0.92883	0.92925			6
2025.11.21	01:00:11.908	0.92882	0.92927			6
2025.11.21	01:00:12.220	0.92883				2
2025.11.21	01:00:12.524		0.92929			4
2025.11.21	01:00:13.536		0.92934			4
2025.11.21	01:00:15.280		0.92932			4
2025.11.21	01:00:18.585	0.92879				2
2025.11.21	01:00:19.179	0.92883	0.92930			6
2025.11.21	01:00:19.482	0.92880	0.92928			6
2025.11.21	01:00:20.467	0.92878				2
2025.11.21	01:00:21.750		0.92927			4
2025.11.21	01:00:22.058	0.92876	0.92915			6
2025.11.21	01:00:22.388	0.92878	0.92927			6
2025.11.21	01:00:23.199		0.92926			4
2025.11.21	01:00:24.206	0.92876	0.92924			6
2025.11.21	01:00:24.510	0.92879				2
2025.11.21	01:00:25.299	0.92877	0.92925			6
2025.11.21	01:00:25.601	0.92880				2
2025.11.21	01:00:25.924	0.92882				2
2025.11.21	01:00:26.279	0.92884				2
2025.11.21	01:00:29.499		0.92924			4
2025.11.21	01:00:30.318	0.92885	0.92925			6
2025.11.21	01:00:30.630		0.92924			4
2025.11.21	01:00:33.164	0.92881	0.92921			6
2025.11.21	01:00:33.479	0.92882				2
2025.11.21	01:00:33.783	0.92880	0.92920			6
2025.11.21	01:00:42.741		0.92921			4
2025.11.21	01:00:43.567	0.92881	0.92922			6
2025.11.21	01:00:44.772	0.92883				2
2025.11.21	01:00:45.139	0.92884				2
2025.11.21	01:00:47.087	0.92885				2
2025.11.21	01:00:48.382		0.92924			4
2025.11.21	01:00:48.698	0.92882	0.92922			6
2025.11.21	01:00:49.013	0.92884				2
2025.11.21	01:00:49.548	0.92885				2
2025.11.21	01:00:51.815	0.92884				2
2025.11.21	01:00:52.861	0.92883	0.92924			6
2025.11.21	01:00:53.191	0.92881	0.92919			6
2025.11.21	01:00:55.417	0.92880				2
2025.11.21	01:00:55.900	0.92879	0.92918			6
2025.11.21	01:00:56.398	0.92877	0.92914			6
2025.11.21	01:00:56.776		0.92913			4
2025.11.21	01:00:57.494	0.92878	0.92908			6
2025.11.21	01:00:58.882	0.92871	0.92905			6
2025.11.21	01:00:59.207		0.92906			4
2025.11.21	01:00:59.731	0.92872	0.92905			6
2025.11.21	01:01:00.202	0.92873	0.92911			6
2025.11.21	01:01:03.099	0.92878	0.92915			6
2025.11.21	01:01:03.422		0.92913			4
2025.11.21	01:01:04.157	0.92875				2
2025.11.21	01:01:05.373		0.92915			4
2025.11.21	01:01:14.528	0.92876				2
2025.11.21	01:01:18.948	0.92874	0.92914			6
2025.11.21	01:01:20.394	0.92876	0.92915			6
2025.11.21	01:01:22.899	0.92877				2
2025.11.21	01:01:23.429		0.92917			4
2025.11.21	01:01:27.432		0.92915			4
2025.11.21	01:01:28.298	0.92876				2
2025.11.21	01:01:31.407		0.92914			4
2025.11.21	01:01:31.717	0.92873	0.92908			6
2025.11.21	01:01:32.042		0.92909			4
2025.11.21	01:01:32.468	0.92872				2
2025.11.21	01:01:33.098	0.92873				2
2025.11.21	01:01:34.219	0.92871	0.92907			6
2025.11.21	01:01:34.912		0.92906			4
2025.11.21	01:01:40.596		0.92907			4
2025.11.21	01:01:40.933		0.92904			4
2025.11.21	01:01:41.408		0.92903			4
2025.11.21	01:01:43.840	0.92872	0.92901			6
2025.11.21	01:01:45.151	0.92871				2
2025.11.21	01:01:45.817	0.92874	0.92908			6
2025.11.21	01:01:46.879		0.92910			4
2025.11.21	01:01:47.563		0.92913			4
2025.11.21	01:01:47.920		0.92911			4
2025.11.21	01:01:49.299	0.92875				2
2025.11.21	01:01:49.630	0.92873				2
2025.11.21	01:01:55.255	0.92875	0.92915			6
2025.11.21	01:01:55.602		0.92913			4
2025.11.21	01:01:56.498		0.92912			4
2025.11.21	01:01:58.301	0.92876				2
2025.11.21	01:02:00.099	0.92876				2
2025.11.21	01:02:01.900		0.92911			4
2025.11.21	01:02:05.776		0.92912			4
2025.11.21	01:02:07.300	0.92875				2
2025.11.21	01:02:08.800	0.92876				2
2025.11.21	01:02:14.272	0.92878				2
2025.11.21	01:02:18.635	0.92877	0.92906			6
2025.11.21	01:02:18.981	0.92878	0.92905			6
2025.11.21	01:02:20.610	0.92879	0.92904			6
2025.11.21	01:02:21.999	0.92878	0.92905			6
2025.11.21	01:02:22.382		0.92906			4
2025.11.21	01:02:23.573	0.92879	0.92905			6
2025.11.21	01:02:24.828	0.92873				2
2025.11.21	01:02:25.140	0.92870	0.92900			6
2025.11.21	01:02:25.525	0.92871	0.92899			6
2025.11.21	01:02:26.092	0.92880	0.92889			6
2025.11.21	01:02:29.511	0.92871	0.92899			6
2025.11.21	01:02:39.399	0.92872				2
2025.11.21	01:02:43.302		0.92898			4
2025.11.21	01:02:44.301		0.92897			4
2025.11.21	01:02:50.200	0.92870	0.92896			6
2025.11.21	01:02:51.281	0.92869	0.92897			6
2025.11.21	01:02:53.194	0.92870	0.92896			6
2025.11.21	01:02:54.398		0.92897			4
2025.11.21	01:02:55.898	0.92869	0.92898			6
2025.11.21	01:02:57.812	0.92871	0.92899			6
2025.11.21	01:02:58.403	0.92872	0.92898			6
2025.11.21	01:03:00.315	0.92872				2
2025.11.21	01:03:00.968	0.92873	0.92902			6
2025.11.21	01:03:01.281		0.92901			4
2025.11.21	01:03:01.588		0.92903			4
2025.11.21	01:03:02.281	0.92874				2
2025.11.21	01:03:03.156	0.92873				2
2025.11.21	01:03:06.277		0.92904			4
2025.11.21	01:03:07.598	0.92872	0.92905			6
2025.11.21	01:03:09.399		0.92904			4
2025.11.21	01:03:11.819	0.92871	0.92905			6
2025.11.21	01:03:12.295	0.92872	0.92906			6
2025.11.21	01:03:12.682		0.92905			4
2025.11.21	01:03:16.728	0.92871				2
2025.11.21	01:03:26.667		0.92904			4
2025.11.21	01:03:29.475	0.92872	0.92901			6
2025.11.21	01:03:31.409	0.92870				2
2025.11.21	01:03:31.921		0.92902			4
2025.11.21	01:03:32.285	0.92872				2
2025.11.21	01:03:36.130		0.92903			4
2025.11.21	01:03:38.199		0.92904			4
2025.11.21	01:03:39.999	0.92866	0.92894			6
2025.11.21	01:03:40.594	0.92869	0.92896			6
2025.11.21	01:03:41.008		0.92895			4
2025.11.21	01:03:42.178		0.92896			4
2025.11.21	01:03:42.732	0.92870				2
2025.11.21	01:03:47.200	0.92869				2
2025.11.21	01:03:47.848		0.92895			4
2025.11.21	01:03:50.200		0.92896			4
2025.11.21	01:03:52.786	0.92870				2
2025.11.21	01:03:53.165	0.92869				2
2025.11.21	01:03:53.498	0.92870				2
2025.11.21	01:03:54.293	0.92871				2
2025.11.21	01:03:56.288	0.92869				2
2025.11.21	01:03:57.286		0.92895			4
2025.11.21	01:03:57.590		0.92894			4
2025.11.21	01:03:57.930	0.92867				2
2025.11.21	01:03:58.301		0.92893			4
2025.11.21	01:03:58.724	0.92868				2
2025.11.21	01:03:59.041	0.92867				2
2025.11.21	01:04:01.952	0.92867				2
2025.11.21	01:04:03.045	0.92868				2
2025.11.21	01:04:08.202		0.92892			4
2025.11.21	01:04:12.411	0.92876	0.92900			6
2025.11.21	01:04:12.787		0.92901			4
2025.11.21	01:04:13.130	0.92875				2
2025.11.21	01:04:18.218		0.92903			4
2025.11.21	01:04:18.537		0.92902			4
2025.11.21	01:04:19.848		0.92903			4
2025.11.21	01:04:22.519	0.92876	0.92902			6
2025.11.21	01:04:24.474	0.92875	0.92901			6
2025.11.21	01:04:24.994		0.92902			4
2025.11.21	01:04:26.813	0.92876				2
2025.11.21	01:04:28.290		0.92901			4
2025.11.21	01:04:32.799		0.92902			4
2025.11.21	01:04:35.458		0.92901			4
2025.11.21	01:04:36.483	0.92884	0.92893			6
2025.11.21	01:04:39.588	0.92883	0.92892			6
2025.11.21	01:04:39.908	0.92876	0.92900			6
2025.11.21	01:04:40.893	0.92877	0.92902			6
2025.11.21	01:04:41.323		0.92901			4
2025.11.21	01:04:44.798	0.92878				2
2025.11.21	01:04:47.632		0.92902			4
2025.11.21	01:04:51.599	0.92877	0.92900			6
2025.11.21	01:04:52.248		0.92899			4
2025.11.21	01:04:53.798		0.92900			4
2025.11.21	01:04:55.914		0.92899			4
2025.11.21	01:04:57.611		0.92900			4
2025.11.21	01:04:58.811		0.92899			4
2025.11.21	01:05:00.398	0.92877	0.92900			6
2025.11.21	01:05:01.529		0.92899			4
2025.11.21	01:05:02.690		0.92898			4
2025.11.21	01:05:04.300	0.92878	0.92899			6
2025.11.21	01:05:06.113	0.92877				2
2025.11.21	01:05:07.300		0.92898			4
2025.11.21	01:05:08.800		0.92899			4
2025.11.21	01:05:10.299	0.92875	0.92900			6
2025.11.21	01:05:10.601		0.92899			4
2025.11.21	01:05:13.899		0.92900			4
2025.11.21	01:05:18.692	0.92879	0.92899			6
2025.11.21	01:05:19.093	0.92876	0.92895			6
2025.11.21	01:05:21.179	0.92875	0.92896			6
2025.11.21	01:05:32.098	0.92873	0.92894			6
2025.11.21	01:05:32.424	0.92876	0.92895			6
2025.11.21	01:05:34.252	0.92875				2
2025.11.21	01:05:39.399	0.92876				2
2025.11.21	01:05:40.601	0.92875				2
2025.11.21	01:05:41.332	0.92876				2
2025.11.21	01:05:42.399	0.92875				2
2025.11.21	01:05:43.599	0.92876				2
2025.11.21	01:05:45.999	0.92875	0.92894			6
2025.11.21	01:05:46.882	0.92876	0.92895			6
2025.11.21	01:05:48.954	0.92877	0.92897			6
2025.11.21	01:05:49.258		0.92898			4
2025.11.21	01:05:50.538		0.92897			4
2025.11.21	01:05:51.398		0.92896			4
2025.11.21	01:05:51.777		0.92897			4
2025.11.21	01:05:52.599		0.92896			4
2025.11.21	01:05:53.808	0.92878				2
2025.11.21	01:05:54.778		0.92895			4
2025.11.21	01:05:56.369		0.92896			4
2025.11.21	01:05:58.898	0.92877	0.92897			6
2025.11.21	01:05:59.223		0.92895			4
2025.11.21	01:06:00.399	0.92877				2
2025.11.21	01:06:03.791		0.92894			4
2025.11.21	01:06:13.899		0.92895			4
2025.11.21	01:06:15.698		0.92894			4
2025.11.21	01:06:26.199		0.92895			4
2025.11.21	01:06:27.698		0.92894			4
2025.11.21	01:06:37.361	0.92876	0.92896			6
2025.11.21	01:06:37.938	0.92875				2
2025.11.21	01:06:43.300		0.92895			4
2025.11.21	01:06:46.002		0.92896			4
2025.11.21	01:06:47.202		0.92895			4
2025.11.21	01:06:52.254		0.92896			4
2025.11.21	01:06:55.299		0.92895			4
2025.11.21	01:06:58.272		0.92896			4
2025.11.21	01:07:00.711	0.92875	0.92895			6
2025.11.21	01:07:02.498	0.92876	0.92894			6
2025.11.21	01:07:04.002		0.92895			4
2025.11.21	01:07:04.543	0.92877				2
2025.11.21	01:07:04.854	0.92876				2
2025.11.21	01:07:05.179	0.92877				2
2025.11.21	01:07:05.487	0.92876				2
2025.11.21	01:07:05.809	0.92877				2
2025.11.21	01:07:06.129	0.92876	0.92894			6
2025.11.21	01:07:06.446	0.92877				2
2025.11.21	01:07:06.768	0.92876				2
2025.11.21	01:07:07.537	0.92877				2
2025.11.21	01:07:08.012	0.92876				2
2025.11.21	01:07:10.314	0.92877	0.92893			6
2025.11.21	01:07:10.618		0.92895			4
2025.11.21	01:07:12.101	0.92878	0.92896			6
2025.11.21	01:07:18.345	0.92876	0.92895			6
2025.11.21	01:07:20.629	0.92877	0.92897			6
2025.11.21	01:07:20.938	0.92876	0.92896			6
2025.11.21	01:07:27.295	0.92877	0.92895			6
2025.11.21	01:07:29.738		0.92896			4
2025.11.21	01:07:32.165		0.92895			4
2025.11.21	01:07:34.713		0.92896			4
2025.11.21	01:07:35.600	0.92878				2
2025.11.21	01:07:50.689		0.92895			4
2025.11.21	01:07:54.870	0.92877	0.92896			6
2025.11.21	01:07:56.347	0.92878				2
2025.11.21	01:07:56.672	0.92877	0.92894			6
2025.11.21	01:08:02.381	0.92877				2
2025.11.21	01:08:04.260	0.92876	0.92895			6
2025.11.21	01:08:07.919		0.92894			4
2025.11.21	01:08:09.708		0.92895			4
2025.11.21	01:08:10.777	0.92877	0.92898			6
2025.11.21	01:08:12.659		0.92897			4
2025.11.21	01:08:14.526	0.92878				2
2025.11.21	01:08:15.891	0.92877				2
2025.11.21	01:08:16.196	0.92875	0.92891			6
2025.11.21	01:08:17.182	0.92873				2
2025.11.21	01:08:18.387		0.92892			4
2025.11.21	01:08:19.899		0.92893			4
2025.11.21	01:08:25.000		0.92892			4
2025.11.21	01:08:49.607	0.92872				2
2025.11.21	01:08:50.888	0.92873				2
2025.11.21	01:08:52.887	0.92870	0.92889			6
2025.11.21	01:08:54.700	0.92871				2
2025.11.21	01:08:57.852		0.92888			4
2025.11.21	01:09:00.642	0.92871				2
2025.11.21	01:09:03.461	0.92872	0.92887			6
2025.11.21	01:09:10.063		0.92888			4
2025.11.21	01:09:11.498		0.92887			4
2025.11.21	01:09:17.499		0.92888			4
2025.11.21	01:09:29.199	0.92873	0.92887			6
2025.11.21	01:09:30.400		0.92888			4
2025.11.21	01:09:32.499	0.92872				2
2025.11.21	01:09:34.972	0.92871	0.92889			6
2025.11.21	01:09:35.685	0.92869	0.92882			6
2025.11.21	01:09:36.004	0.92868				2
2025.11.21	01:09:36.361		0.92883			4
2025.11.21	01:09:38.448	0.92869				2
2025.11.21	01:09:43.598		0.92884			4
2025.11.21	01:09:44.919		0.92883			4
2025.11.21	01:09:45.933		0.92882			4
2025.11.21	01:09:46.238		0.92884			4
2025.11.21	01:09:46.547	0.92868	0.92882			6
2025.11.21	01:09:46.963	0.92867				2
2025.11.21	01:09:50.798	0.92868				2
2025.11.21	01:09:56.166	0.92867				2
2025.11.21	01:09:56.547	0.92868				2
2025.11.21	01:09:59.753	0.92867	0.92881			6
2025.11.21	01:10:00.273	0.92878	0.92886			6
2025.11.21	01:10:00.588		0.92887			4
2025.11.21	01:10:01.385	0.92877	0.92886			6
2025.11.21	01:10:02.711	0.92878				2
2025.11.21	01:10:03.021		0.92887			4
2025.11.21	01:10:03.930	0.92875	0.92884			6
2025.11.21	01:10:04.822		0.92882			4
2025.11.21	01:10:06.447		0.92881			4
2025.11.21	01:10:07.186	0.92868	0.92879			6
2025.11.21	01:10:07.601		0.92880			4
2025.11.21	01:10:10.443	0.92867				2
2025.11.21	01:10:10.876		0.92881			4
2025.11.21	01:10:16.170	0.92868				2
2025.11.21	01:10:17.200	0.92877	0.92886			6
2025.11.21	01:10:17.509	0.92868	0.92881			6
2025.11.21	01:10:18.410	0.92867	0.92880			6
2025.11.21	01:10:19.018	0.92868	0.92881			6
2025.11.21	01:10:21.934	0.92867				2
2025.11.21	01:10:24.904	0.92868				2
2025.11.21	01:10:26.686	0.92867	0.92878			6
2025.11.21	01:10:27.038	0.92865				2
2025.11.21	01:10:27.350		0.92879			4
2025.11.21	01:10:30.399	0.92866	0.92878			6
2025.11.21	01:10:33.473	0.92867				2
2025.11.21	01:10:34.208	0.92868	0.92880			6
2025.11.21	01:10:35.799		0.92879			4
2025.11.21	01:10:37.784	0.92867				2
2025.11.21	01:10:39.208	0.92866				2
2025.11.21	01:10:44.449	0.92867				2
2025.11.21	01:10:45.894		0.92880			4
2025.11.21	01:10:46.203	0.92865				2
2025.11.21	01:10:47.300		0.92879			4
2025.11.21	01:10:48.443	0.92867	0.92878			6
2025.11.21	01:10:48.749	0.92865				2
2025.11.21	01:10:49.073	0.92867	0.92877			6
2025.11.21	01:10:49.424	0.92865				2
2025.11.21	01:10:50.352	0.92874	0.92879			6
2025.11.21	01:10:51.070	0.92875	0.92883			6
2025.11.21	01:10:51.409	0.92874	0.92882			6
2025.11.21	01:10:51.758	0.92875	0.92883			6
2025.11.21	01:10:52.685	0.92874	0.92882			6
2025.11.21	01:10:53.424		0.92883			4
2025.11.21	01:10:54.657	0.92875	0.92884			6
2025.11.21	01:10:57.084	0.92874	0.92883			6
2025.11.21	01:10:57.386	0.92875	0.92884			6
2025.11.21	01:10:57.688		0.92883			4
2025.11.21	01:10:57.995		0.92884			4
2025.11.21	01:10:58.349	0.92874	0.92883			6
2025.11.21	01:10:59.565	0.92875	0.92884			6
2025.11.21	01:11:00.476	0.92876				2
2025.11.21	01:11:00.999		0.92886			4
2025.11.21	01:11:02.380	0.92875	0.92885			6
2025.11.21	01:11:04.352	0.92874	0.92884			6
2025.11.21	01:11:04.715		0.92883			4
2025.11.21	01:11:05.039		0.92884			4
2025.11.21	01:11:07.789	0.92875				2
2025.11.21	01:11:08.300	0.92874				2
2025.11.21	01:11:10.391	0.92875				2
2025.11.21	01:11:15.974		0.92882			4
2025.11.21	01:11:19.206		0.92881			4
2025.11.21	01:11:19.911	0.92874	0.92882			6
2025.11.21	01:11:21.699	0.92867	0.92879			6
2025.11.21	01:11:22.064	0.92866				2
2025.11.21	01:11:22.742	0.92868				2
2025.11.21	01:11:24.795	0.92867				2
2025.11.21	01:11:25.416	0.92868	0.92872			6
2025.11.21	01:11:25.720	0.92859	0.92870			6
2025.11.21	01:11:26.623	0.92858				2
2025.11.21	01:11:27.700		0.92869			4
2025.11.21	01:11:29.549	0.92857				2
2025.11.21	01:11:31.002	0.92858				2
2025.11.21	01:11:32.354	0.92864	0.92876			6
2025.11.21	01:11:34.150	0.92865	0.92875			6
2025.11.21	01:11:35.800	0.92864	0.92876			6
2025.11.21	01:11:37.161		0.92875			4
2025.11.21	01:11:45.867	0.92868	0.92877			6
2025.11.21	01:11:47.883	0.92863	0.92873			6
2025.11.21	01:11:51.179	0.92862				2
2025.11.21	01:11:51.576	0.92864				2
2025.11.21	01:11:52.233	0.92862				2
2025.11.21	01:11:53.374	0.92863	0.92874			6
2025.11.21	01:11:54.402		0.92875			4
2025.11.21	01:12:02.199	0.92864				2
2025.11.21	01:12:03.461	0.92863				2
2025.11.21	01:12:07.181		0.92876			4
2025.11.21	01:12:07.598	0.92864				2
2025.11.21	01:12:09.698		0.92875			4
2025.11.21	01:12:14.998	0.92865				2
2025.11.21	01:12:15.905	0.92868	0.92879			6
2025.11.21	01:12:16.993	0.92869	0.92882			6
2025.11.21	01:12:17.772	0.92866	0.92877			6
2025.11.21	01:12:18.249	0.92865	0.92878			6
2025.11.21	01:12:19.052	0.92866				2
2025.11.21	01:12:20.046	0.92865				2
2025.11.21	01:12:21.160	0.92867				2
2025.11.21	01:12:21.519	0.92863				2
2025.11.21	01:12:21.821	0.92865	0.92877			6
2025.11.21	01:12:22.322	0.92866				2
2025.11.21	01:12:25.737	0.92867	0.92879			6
2025.11.21	01:12:27.618	0.92866	0.92877			6
2025.11.21	01:12:28.857	0.92867	0.92879			6
2025.11.21	01:12:30.783		0.92878			4
2025.11.21	01:12:32.252	0.92865				2
2025.11.21	01:12:32.801		0.92877			4
2025.11.21	01:12:34.477	0.92866				2
2025.11.21	01:12:43.277	0.92865				2
2025.11.21	01:12:44.700	0.92867	0.92880			6
2025.11.21	01:12:45.773		0.92879			4
2025.11.21	01:12:46.707	0.92868	0.92880			6
2025.11.21	01:12:48.351	0.92869				2
2025.11.21	01:12:49.036	0.92870	0.92883			6
2025.11.21	01:12:50.180	0.92871				2
2025.11.21	01:12:52.681	0.92872				2
2025.11.21	01:12:58.315		0.92884			4
2025.11.21	01:13:00.075	0.92872				2
2025.11.21	01:13:04.602		0.92883			4
2025.11.21	01:13:19.918	0.92871				2
2025.11.21	01:13:29.043		0.92882			4
2025.11.21	01:13:30.198		0.92883			4
2025.11.21	01:13:35.232		0.92884			4
2025.11.21	01:13:35.744	0.92873	0.92883			6
2025.11.21	01:13:36.051	0.92869	0.92882			6
2025.11.21	01:13:36.999	0.92868	0.92881			6
2025.11.21	01:13:47.290		0.92880			4
2025.11.21	01:13:53.499	0.92869				2
2025.11.21	01:13:53.831	0.92868				2
2025.11.21	01:13:54.985	0.92866	0.92879			6
2025.11.21	01:13:56.295	0.92871	0.92882			6
2025.11.21	01:13:56.616	0.92866	0.92879			6
2025.11.21	01:13:57.683		0.92880			4
2025.11.21	01:13:59.436		0.92879			4
2025.11.21	01:14:00.786	0.92870	0.92880			6
2025.11.21	01:14:01.103		0.92881			4
2025.11.21	01:14:04.898		0.92880			4
2025.11.21	01:14:06.822	0.92874	0.92884			6
2025.11.21	01:14:07.125	0.92870	0.92881			6
2025.11.21	01:14:08.550	0.92867	0.92879			6
2025.11.21	01:14:12.405	0.92866				2
2025.11.21	01:14:17.366	0.92874	0.92881			6
2025.11.21	01:14:17.679	0.92867	0.92879			6
2025.11.21	01:14:19.802		0.92878			4
2025.11.21	01:14:21.403	0.92866	0.92877			6
2025.11.21	01:14:27.908	0.92867				2
2025.11.21	01:14:28.223	0.92866				2
2025.11.21	01:14:38.446	0.92867	0.92878			6
2025.11.21	01:14:38.768	0.92866				2
2025.11.21	01:14:40.598		0.92877			4
2025.11.21	01:14:42.698	0.92867				2
2025.11.21	01:14:48.069		0.92878			4
2025.11.21	01:14:48.880	0.92868				2
2025.11.21	01:14:55.513	0.92869				2
2025.11.21	01:14:58.902	0.92866				2
2025.11.21	01:14:59.499		0.92877			4
2025.11.21	01:15:00.273	0.92866	0.92876			6
2025.11.21	01:15:00.579		0.92877			4
2025.11.21	01:15:01.299		0.92878			4
2025.11.21	01:15:10.656	0.92870	0.92879			6
2025.11.21	01:15:10.957	0.92866				2
2025.11.21	01:15:11.738	0.92865	0.92878			6
2025.11.21	01:15:12.042	0.92866				2
2025.11.21	01:15:12.784	0.92865				2
2025.11.21	01:15:13.828		0.92879			4
2025.11.21	01:15:19.047		0.92878			4
2025.11.21	01:15:20.665		0.92877			4
2025.11.21	01:15:22.150		0.92878			4
2025.11.21	01:15:22.552		0.92877			4
2025.11.21	01:15:35.409		0.92878			4
2025.11.21	01:15:38.513	0.92864	0.92877			6
2025.11.21	01:15:38.829		0.92876			4
2025.11.21	01:15:39.700		0.92877			4
2025.11.21	01:15:41.286	0.92865	0.92876			6
2025.11.21	01:15:42.701	0.92864	0.92877			6
2025.11.21	01:15:44.199	0.92865	0.92876			6
2025.11.21	01:15:47.448		0.92877			4
2025.11.21	01:15:48.701		0.92876			4
2025.11.21	01:15:49.087	0.92867	0.92879			6
2025.11.21	01:15:49.399	0.92865	0.92878			6
2025.11.21	01:15:50.198		0.92877			4
2025.11.21	01:15:56.842		0.92878			4
2025.11.21	01:15:57.161	0.92866				2
2025.11.21	01:15:59.519	0.92865	0.92877			6
2025.11.21	01:16:00.699	0.92865	0.92878			6
2025.11.21	01:16:01.946	0.92867				2
2025.11.21	01:16:02.707	0.92866	0.92879			6
2025.11.21	01:16:03.021	0.92868				2
2025.11.21	01:16:04.977	0.92866				2
2025.11.21	01:16:05.283	0.92871	0.92881			6
2025.11.21	01:16:05.614	0.92870				2
2025.11.21	01:16:07.302		0.92880			4
2025.11.21	01:16:07.952	0.92869	0.92881			6
2025.11.21	01:16:09.119	0.92870				2
2025.11.21	01:16:11.060	0.92869	0.92880			6
2025.11.21	01:16:11.382	0.92867	0.92879			6
2025.11.21	01:16:13.015		0.92880			4
2025.11.21	01:16:24.202		0.92879			4
2025.11.21	01:16:27.551	0.92866	0.92878			6
2025.11.21	01:16:28.258	0.92867	0.92877			6
2025.11.21	01:16:28.587	0.92866	0.92878			6
2025.11.21	01:16:31.285	0.92867	0.92877			6
2025.11.21	01:16:32.815	0.92868				2
2025.11.21	01:16:33.426	0.92867	0.92878			6
2025.11.21	01:16:33.810	0.92868	0.92877			6
2025.11.21	01:16:34.795	0.92866	0.92878			6
2025.11.21	01:16:38.500	0.92867				2
2025.11.21	01:16:39.624		0.92877			4
2025.11.21	01:16:49.129	0.92868	0.92880			6
2025.11.21	01:16:49.449	0.92866	0.92879			6
2025.11.21	01:16:49.914	0.92867				2
2025.11.21	01:16:51.210	0.92868				2
2025.11.21	01:16:56.119	0.92866				2
2025.11.21	01:17:00.702	0.92866	0.92878			6
2025.11.21	01:17:01.412		0.92877			4
2025.11.21	01:17:05.302	0.92868	0.92878			6
2025.11.21	01:17:05.994	0.92866	0.92877			6
2025.11.21	01:17:08.941	0.92868	0.92879			6
2025.11.21	01:17:09.668	0.92872	0.92881			6
2025.11.21	01:17:09.974	0.92868	0.92879			6
2025.11.21	01:17:21.184	0.92873	0.92885			6
2025.11.21	01:17:21.499		0.92884			4
2025.11.21	01:17:24.383	0.92874				2
2025.11.21	01:17:25.080	0.92873				2
2025.11.21	01:17:26.685	0.92874				2
2025.11.21	01:17:27.006	0.92873				2
2025.11.21	01:17:27.424	0.92872				2
2025.11.21	01:17:28.256	0.92874				2
2025.11.21	01:17:28.722	0.92873				2
2025.11.21	01:17:30.399		0.92885			4
2025.11.21	01:17:31.493	0.92874	0.92884			6
2025.11.21	01:17:32.871	0.92873				2
2025.11.21	01:17:33.618	0.92874				2
2025.11.21	01:17:33.940	0.92873				2
2025.11.21	01:17:34.298	0.92874				2
2025.11.21	01:17:36.526	0.92873				2
2025.11.21	01:17:41.713	0.92872	0.92885			6
2025.11.21	01:17:42.039	0.92873	0.92884			6
2025.11.21	01:17:45.258		0.92887			4
2025.11.21	01:17:46.350	0.92874				2
2025.11.21	01:17:47.483		0.92885			4
2025.11.21	01:17:48.563		0.92886			4
2025.11.21	01:17:48.911		0.92884			4
2025.11.21	01:17:50.637	0.92873	0.92885			6
2025.11.21	01:17:53.740	0.92874	0.92884			6
2025.11.21	01:17:55.814	0.92873	0.92885			6
2025.11.21	01:17:56.173	0.92874	0.92884			6
2025.11.21	01:17:56.978	0.92873	0.92885			6
2025.11.21	01:17:58.018	0.92872				2
2025.11.21	01:17:59.179	0.92873				2
2025.11.21	01:18:00.085	0.92873				2
2025.11.21	01:18:01.089	0.92874				2
2025.11.21	01:18:02.570	0.92875				2
2025.11.21	01:18:02.870	0.92874	0.92886			6
2025.11.21	01:18:03.177	0.92875	0.92885			6
2025.11.21	01:18:03.497	0.92881	0.92893			6
2025.11.21	01:18:04.549	0.92882				2
2025.11.21	01:18:05.772		0.92892			4
2025.11.21	01:18:08.240	0.92880	0.92891			6
2025.11.21	01:18:13.351	0.92881	0.92890			6
2025.11.21	01:18:15.999	0.92880				2
2025.11.21	01:18:27.859	0.92876	0.92888			6
2025.11.21	01:18:29.882		0.92890			4
2025.11.21	01:18:39.604	0.92877	0.92888			6
2025.11.21	01:18:40.533	0.92878	0.92887			6
2025.11.21	01:18:41.909	0.92877	0.92888			6
2025.11.21	01:18:42.943		0.92889			4
2025.11.21	01:18:43.600		0.92888			4
2025.11.21	01:18:45.098	0.92873				2
2025.11.21	01:18:45.400	0.92875				2
2025.11.21	01:18:46.399		0.92889			4
2025.11.21	01:18:47.222	0.92872	0.92885			6
2025.11.21	01:18:47.534		0.92884			4
2025.11.21	01:18:48.345	0.92871				2
2025.11.21	01:18:49.339	0.92870	0.92885			6
2025.11.21	01:18:49.675		0.92884			4
2025.11.21	01:18:50.218		0.92885			4
2025.11.21	01:18:51.359	0.92871	0.92884			6
2025.11.21	01:18:52.273	0.92870	0.92885			6
2025.11.21	01:18:52.574	0.92871	0.92884			6
2025.11.21	01:18:52.903	0.92870				2
2025.11.21	01:18:54.848	0.92880	0.92888			6
2025.11.21	01:18:55.177	0.92874	0.92886			6
2025.11.21	01:18:58.299		0.92887			4
2025.11.21	01:19:00.810	0.92874				2
2025.11.21	01:19:05.302	0.92872	0.92886			6
2025.11.21	01:19:06.029		0.92885			4
2025.11.21	01:19:09.625		0.92886			4
2025.11.21	01:19:10.414		0.92885			4
2025.11.21	01:19:12.728		0.92886			4
2025.11.21	01:19:14.168	0.92873				2
2025.11.21	01:19:15.449	0.92872	0.92885			6
2025.11.21	01:19:19.600	0.92871				2
2025.11.21	01:19:19.917	0.92872	0.92884			6
2025.11.21	01:19:22.005	0.92871	0.92885			6
2025.11.21	01:19:23.047	0.92872	0.92884			6
2025.11.21	01:19:24.092	0.92871	0.92885			6
2025.11.21	01:19:25.864	0.92872				2
2025.11.21	01:19:29.667	0.92871				2
2025.11.21	01:19:31.295	0.92870				2
2025.11.21	01:19:32.613	0.92871				2
2025.11.21	01:19:34.427	0.92870				2
2025.11.21	01:19:35.079	0.92871	0.92884			6
2025.11.21	01:19:35.470	0.92870	0.92885			6
2025.11.21	01:19:35.863	0.92873	0.92888			6
2025.11.21	01:19:36.167	0.92879				2
2025.11.21	01:19:36.470	0.92877				2
2025.11.21	01:19:36.777	0.92873				2
2025.11.21	01:19:41.472	0.92872				2
2025.11.21	01:19:42.407	0.92875				2
2025.11.21	01:19:46.843	0.92879	0.92890			6
2025.11.21	01:19:47.164	0.92875	0.92889			6
2025.11.21	01:19:51.087		0.92888			4
2025.11.21	01:19:52.063	0.92872	0.92887			6
2025.11.21	01:19:56.660	0.92877	0.92889			6
2025.11.21	01:19:57.276	0.92881	0.92890			6
2025.11.21	01:19:57.588	0.92879				2
2025.11.21	01:19:58.407	0.92880				2
2025.11.21	01:20:00.383	0.92881	0.92891			6
2025.11.21	01:20:02.630		0.92892			4
2025.11.21	01:20:05.198	0.92880				2
2025.11.21	01:20:06.789	0.92877	0.92891			6
2025.11.21	01:20:07.772		0.92890			4
2025.11.21	01:20:10.194	0.92876				2
2025.11.21	01:20:18.590	0.92875	0.92891			6
2025.11.21	01:20:20.199	0.92876				2
2025.11.21	01:20:22.557	0.92875				2
2025.11.21	01:20:24.722		0.92892			4
2025.11.21	01:20:25.052		0.92891			4
2025.11.21	01:20:25.758		0.92892			4
2025.11.21	01:20:26.086		0.92891			4
2025.11.21	01:20:26.794		0.92892			4
2025.11.21	01:20:27.156		0.92891			4
2025.11.21	01:20:28.077	0.92879	0.92892			6
2025.11.21	01:20:28.400	0.92877				2
2025.11.21	01:20:29.642		0.92891			4
2025.11.21	01:20:30.030		0.92892			4
2025.11.21	01:20:31.954		0.92891			4
2025.11.21	01:20:33.158	0.92878				2
2025.11.21	01:20:35.810	0.92879				2
2025.11.21	01:20:37.905		0.92892			4
2025.11.21	01:20:40.015		0.92891			4
2025.11.21	01:20:42.368	0.92878				2
2025.11.21	01:20:42.690	0.92880				2
2025.11.21	01:20:48.867	0.92876				2
2025.11.21	01:20:49.177	0.92879				2
2025.11.21	01:20:54.722	0.92880	0.92892			6
2025.11.21	01:20:55.133	0.92885	0.92897			6
2025.11.21	01:20:55.439	0.92884	0.92898			6
2025.11.21	01:20:55.744	0.92885				2
2025.11.21	01:20:56.450	0.92886				2
2025.11.21	01:20:58.299	0.92884	0.92895			6
2025.11.21	01:21:00.447	0.92884				2
2025.11.21	01:21:00.748	0.92883	0.92894			6
2025.11.21	01:21:01.059	0.92884	0.92895			6
2025.11.21	01:21:02.317		0.92896			4
2025.11.21	01:21:06.205		0.92895			4
2025.11.21	01:21:11.338	0.92883				2
2025.11.21	01:21:14.935	0.92884				2
2025.11.21	01:21:22.480	0.92885				2
2025.11.21	01:21:24.372	0.92884				2
2025.11.21	01:21:26.407	0.92885				2
2025.11.21	01:21:28.599	0.92884				2
2025.11.21	01:21:31.873	0.92885	0.92892			6
2025.11.21	01:21:32.189		0.92894			4
2025.11.21	01:21:33.398	0.92884				2
2025.11.21	01:21:41.799	0.92885	0.92892			6
2025.11.21	01:21:42.438	0.92884	0.92895			6
2025.11.21	01:21:43.464	0.92883				2
2025.11.21	01:21:44.262	0.92884				2
2025.11.21	01:21:52.546	0.92885	0.92892			6
2025.11.21	01:21:52.859	0.92884	0.92895			6
2025.11.21	01:21:55.254	0.92883	0.92893			6
2025.11.21	01:21:56.080	0.92884	0.92894			6
2025.11.21	01:22:00.874	0.92884	0.92893			6
2025.11.21	01:22:02.870		0.92892			4
2025.11.21	01:22:03.179	0.92883	0.92895			6
2025.11.21	01:22:04.942		0.92894			4
2025.11.21	01:22:05.370		0.92896			4
2025.11.21	01:22:05.680	0.92885	0.92897			6
2025.11.21	01:22:06.699	0.92887	0.92900			6
2025.11.21	01:22:07.001	0.92885	0.92899			6
2025.11.21	01:22:07.818	0.92884				2
2025.11.21	01:22:08.186	0.92885	0.92898			6
2025.11.21	01:22:10.314	0.92886				2
2025.11.21	01:22:12.999	0.92885				2
2025.11.21	01:22:15.447	0.92886	0.92897			6
2025.11.21	01:22:15.749	0.92885	0.92898			6
2025.11.21	01:22:16.091	0.92886	0.92896			6
2025.11.21	01:22:17.428	0.92887				2
2025.11.21	01:22:21.269		0.92897			4
2025.11.21	01:22:22.834		0.92896			4
2025.11.21	01:22:26.195		0.92897			4
2025.11.21	01:22:26.549	0.92884				2
2025.11.21	01:22:26.857	0.92886	0.92895			6
2025.11.21	01:22:28.000	0.92887				2
2025.11.21	01:22:36.770	0.92885	0.92892			6
2025.11.21	01:22:37.077		0.92897			4
2025.11.21	01:22:37.411	0.92886	0.92894			6
2025.11.21	01:22:38.002	0.92888	0.92895			6
2025.11.21	01:22:43.859	0.92887	0.92894			6
2025.11.21	01:22:44.186		0.92893			4
2025.11.21	01:22:46.365		0.92895			4
2025.11.21	01:22:47.370	0.92886	0.92892			6
2025.11.21	01:22:47.719	0.92885	0.92897			6
2025.11.21	01:22:48.471		0.92896			4
2025.11.21	01:22:51.279	0.92883				2
2025.11.21	01:22:53.126	0.92885	0.92897			6
2025.11.21	01:22:54.472	0.92884				2
2025.11.21	01:22:58.369	0.92886	0.92892			6
2025.11.21	01:22:59.799	0.92885				2
2025.11.21	01:23:01.079	0.92885				2
2025.11.21	01:23:02.402	0.92884				2
2025.11.21	01:23:08.368	0.92883	0.92896			6
2025.11.21	01:23:08.692		0.92897			4
2025.11.21	01:23:11.500	0.92884				2
2025.11.21	01:23:18.912		0.92896			4
2025.11.21	01:23:19.227		0.92897			4
2025.11.21	01:23:20.211	0.92885	0.92896			6
2025.11.21	01:23:21.060	0.92883	0.92897			6
2025.11.21	01:23:21.929	0.92884				2
2025.11.21	01:23:22.862	0.92885	0.92898			6
2025.11.21	01:23:25.033	0.92886				2
2025.11.21	01:23:27.224	0.92885				2
2025.11.21	01:23:27.985	0.92886				2
2025.11.21	01:23:32.135	0.92887				2
2025.11.21	01:23:32.475	0.92886				2
2025.11.21	01:23:35.503		0.92897			4
2025.11.21	01:23:36.237	0.92885				2
2025.11.21	01:23:39.339	0.92887				2
2025.11.21	01:23:39.652	0.92884	0.92894			6
2025.11.21	01:23:40.022		0.92893			4
2025.11.21	01:23:40.437	0.92885				2
2025.11.21	01:23:45.432	0.92886				2
2025.11.21	01:23:45.788	0.92884				2
2025.11.21	01:23:47.823	0.92885				2
2025.11.21	01:23:49.774	0.92884	0.92896			6
2025.11.21	01:23:50.498	0.92883				2
2025.11.21	01:23:51.407	0.92884				2
2025.11.21	01:23:59.982	0.92885	0.92892			6
2025.11.21	01:24:00.297	0.92884	0.92895			6
2025.11.21	01:24:00.648		0.92896			4
2025.11.21	01:24:02.698	0.92886				2
2025.11.21	01:24:04.630	0.92885				2
2025.11.21	01:24:04.940	0.92886				2
2025.11.21	01:24:05.498	0.92887				2
2025.11.21	01:24:06.854	0.92886				2
2025.11.21	01:24:07.598	0.92887				2
2025.11.21	01:24:10.416	0.92886	0.92893			6
2025.11.21	01:24:15.142	0.92885				2
2025.11.21	01:24:15.475	0.92886				2
2025.11.21	01:24:20.739	0.92887	0.92894			6
2025.11.21	01:24:21.048		0.92893			4
2025.11.21	01:24:23.463	0.92886				2
2025.11.21	01:24:24.916		0.92894			4
2025.11.21	01:24:25.219	0.92887				2
2025.11.21	01:24:25.710	0.92886				2
2025.11.21	01:24:27.763	0.92887				2
2025.11.21	01:24:30.314	0.92888				2
2025.11.21	01:24:30.846	0.92887	0.92895			6
2025.11.21	01:24:37.634	0.92890	0.92896			6
2025.11.21	01:24:40.650	0.92889	0.92895			6
2025.11.21	01:24:40.954		0.92894			4
2025.11.21	01:24:43.236	0.92888				2
2025.11.21	01:24:47.639	0.92887	0.92896			6
2025.11.21	01:24:48.010	0.92890				2
2025.11.21	01:24:51.099	0.92889				2
2025.11.21	01:24:51.690	0.92891	0.92897			6
2025.11.21	01:24:52.037	0.92890	0.92895			6
2025.11.21	01:24:54.825	0.92889				2
2025.11.21	01:24:55.298	0.92890				2
2025.11.21	01:24:55.615		0.92896			4
2025.11.21	01:24:55.992	0.92889				2
2025.11.21	01:24:57.407	0.92890				2
2025.11.21	01:24:57.752	0.92889	0.92899			6
2025.11.21	01:24:58.064		0.92900			4
2025.11.21	01:25:00.134	0.92889				2
2025.11.21	01:25:02.590	0.92890				2
2025.11.21	01:25:03.628		0.92901			4
2025.11.21	01:25:04.363	0.92887	0.92900			6
2025.11.21	01:25:04.665		0.92899			4
2025.11.21	01:25:06.606	0.92890	0.92903			6
2025.11.21	01:25:07.367		0.92902			4
2025.11.21	01:25:07.708		0.92904			4
2025.11.21	01:25:09.639	0.92889	0.92905			6
2025.11.21	01:25:09.990	0.92892	0.92906			6
2025.11.21	01:25:46.537	0.92893	0.92905			6
2025.11.21	01:25:47.516	0.92890				2
2025.11.21	01:25:51.928	0.92891				2
2025.11.21	01:25:53.372	0.92888				2
2025.11.21	01:25:56.757	0.92889				2
2025.11.21	01:25:57.828		0.92900			4
2025.11.21	01:25:58.138		0.92905			4
2025.11.21	01:25:59.237	0.92888				2
2025.11.21	01:25:59.544	0.92889				2
2025.11.21	01:26:00.022	0.92891				2
2025.11.21	01:26:02.307	0.92888				2
2025.11.21	01:26:02.680	0.92890				2
2025.11.21	01:26:04.005	0.92891				2
2025.11.21	01:26:05.464	0.92890	0.92904			6
2025.11.21	01:26:06.236	0.92891	0.92905			6
2025.11.21	01:26:08.161		0.92902			4
2025.11.21	01:26:08.473	0.92890	0.92904			6
2025.11.21	01:26:08.813		0.92905			4
2025.11.21	01:26:09.169		0.92904			4
2025.11.21	01:26:10.186	0.92891				2
2025.11.21	01:26:10.572	0.92890				2
2025.11.21	01:26:11.480	0.92891	0.92903			6
2025.11.21	01:26:12.377	0.92892	0.92904			6
2025.11.21	01:26:14.625		0.92903			4
2025.11.21	01:26:14.973		0.92904			4
2025.11.21	01:26:16.685	0.92891				2
2025.11.21	01:26:17.692		0.92903			4
2025.11.21	01:26:18.487	0.92893	0.92898			6
2025.11.21	01:26:18.808	0.92891	0.92901			6
2025.11.21	01:26:19.137		0.92903			4
2025.11.21	01:26:19.839		0.92902			4
2025.11.21	01:26:20.823	0.92892				2
2025.11.21	01:26:25.007	0.92891				2
2025.11.21	01:26:28.850	0.92889				2
2025.11.21	01:26:29.157	0.92891	0.92900			6
2025.11.21	01:26:29.507	0.92890	0.92902			6
2025.11.21	01:26:33.398		0.92901			4
2025.11.21	01:26:34.122	0.92895	0.92902			6
2025.11.21	01:26:35.712	0.92896				2
2025.11.21	01:26:37.899	0.92895				2
2025.11.21	01:26:39.565	0.92893	0.92898			6
2025.11.21	01:26:39.881	0.92894	0.92901			6
2025.11.21	01:26:40.209	0.92895	0.92902			6
2025.11.21	01:26:47.925		0.92901			4
2025.11.21	01:26:50.107	0.92894	0.92899			6
2025.11.21	01:26:50.423	0.92895	0.92901			6
2025.11.21	01:26:53.628	0.92894	0.92900			6
2025.11.21	01:26:58.006	0.92896	0.92903			6
2025.11.21	01:26:58.340		0.92902			4
2025.11.21	01:27:00.140	0.92897	0.92903			6
2025.11.21	01:27:00.453	0.92896	0.92902			6
2025.11.21	01:27:00.758		0.92903			4
2025.11.21	01:27:01.077	0.92897				2
2025.11.21	01:27:01.457		0.92902			4
2025.11.21	01:27:02.799	0.92896				2
2025.11.21	01:27:03.603		0.92903			4
2025.11.21	01:27:07.365		0.92902			4
2025.11.21	01:27:07.881		0.92903			4
2025.11.21	01:27:11.192		0.92902			4
2025.11.21	01:27:13.000	0.92895				2
2025.11.21	01:27:20.495	0.92896	0.92903			6
2025.11.21	01:27:21.352		0.92902			4
2025.11.21	01:27:21.736	0.92895				2
2025.11.21	01:27:22.054		0.92903			4
2025.11.21	01:27:22.371		0.92902			4
2025.11.21	01:27:23.160	0.92896	0.92903			6
2025.11.21	01:27:36.505	0.92897				2
2025.11.21	01:27:38.349	0.92896	0.92902			6
2025.11.21	01:27:43.135		0.92903			4
2025.11.21	01:27:44.519		0.92902			4
2025.11.21	01:27:55.012		0.92903			4
2025.11.21	01:27:57.699	0.92897				2
2025.11.21	01:28:00.141	0.92896	0.92902			6
2025.11.21	01:28:03.017	0.92897	0.92903			6
2025.11.21	01:28:05.291	0.92896				2
2025.11.21	01:28:08.192		0.92907			4
2025.11.21	01:28:18.622	0.92895	0.92902			6
2025.11.21	01:28:19.475	0.92892	0.92909			6
2025.11.21	01:28:20.567	0.92895				2
2025.11.21	01:28:21.427	0.92896				2
2025.11.21	01:28:25.879	0.92897				2
2025.11.21	01:28:40.585	0.92898				2
2025.11.21	01:28:41.293	0.92897				2
2025.11.21	01:28:42.153	0.92896				2
2025.11.21	01:28:42.470	0.92897				2
2025.11.21	01:28:45.429	0.92894				2
2025.11.21	01:28:47.419	0.92893				2
2025.11.21	01:28:48.183	0.92894				2
2025.11.21	01:28:50.436	0.92893				2
2025.11.21	01:28:51.772	0.92894				2
2025.11.21	01:28:52.599	0.92893				2
2025.11.21	01:28:53.638	0.92894				2
2025.11.21	01:28:54.674	0.92893				2
2025.11.21	01:28:56.743	0.92894				2
2025.11.21	01:28:57.779	0.92893				2
2025.11.21	01:29:02.498	0.92894				2
2025.11.21	01:29:06.015	0.92893				2
2025.11.21	01:29:06.767	0.92891	0.92908			6
2025.11.21	01:29:08.012	0.92892				2
2025.11.21	01:29:21.046	0.92896	0.92906			6
2025.11.21	01:29:22.132	0.92895				2
2025.11.21	01:29:30.063	0.92892	0.92910			6
2025.11.21	01:29:30.741	0.92893	0.92909			6
2025.11.21	01:29:31.045	0.92892				2
2025.11.21	01:29:31.521	0.92891				2
2025.11.21	01:29:35.663	0.92892				2
2025.11.21	01:29:40.406	0.92893				2
2025.11.21	01:29:41.555	0.92892				2
2025.11.21	01:29:43.018	0.92893				2
2025.11.21	01:29:45.698	0.92894				2
2025.11.21	01:29:49.264	0.92893				2
2025.11.21	01:29:50.627	0.92894				2
2025.11.21	01:29:58.581	0.92892				2
2025.11.21	01:30:00.049	0.92893				2
2025.11.21	01:30:00.368	0.92894	0.92910			6
2025.11.21	01:30:00.674	0.92895	0.92909			6
2025.11.21	01:30:02.601	0.92894				2
2025.11.21	01:30:02.958	0.92897				2
2025.11.21	01:30:03.259	0.92901				2
2025.11.21	01:30:03.593	0.92900	0.92908			6
2025.11.21	01:30:05.151	0.92899	0.92907			6
2025.11.21	01:30:06.758	0.92895	0.92910			6
2025.11.21	01:30:07.176	0.92894				2
2025.11.21	01:30:07.552	0.92895				2
2025.11.21	01:30:08.090		0.92911			4
2025.11.21	01:30:10.814	0.92894				2
2025.11.21	01:30:15.364	0.92896	0.92906			6
2025.11.21	01:30:16.323	0.92895				2
2025.11.21	01:30:19.598	0.92894				2
2025.11.21	01:30:21.082	0.92892	0.92905			6
2025.11.21	01:30:21.765	0.92893				2
2025.11.21	01:30:28.364	0.92891	0.92904			6
2025.11.21	01:30:29.376	0.92893				2
2025.11.21	01:30:29.925	0.92889	0.92903			6
2025.11.21	01:30:30.457	0.92893	0.92904			6
2025.11.21	01:30:31.610	0.92890				2
2025.11.21	01:31:00.470	0.92891				2
2025.11.21	01:31:03.101	0.92893	0.92901			6
2025.11.21	01:31:03.436	0.92891	0.92904			6
2025.11.21	01:31:06.347	0.92890				2
2025.11.21	01:31:08.625	0.92892	0.92905			6
2025.11.21	01:31:17.007	0.92895	0.92908			6
2025.11.21	01:31:22.410		0.92907			4
2025.11.21	01:31:25.891	0.92894				2
2025.11.21	01:31:26.246		0.92901			4
2025.11.21	01:31:28.342	0.92895	0.92900			6
2025.11.21	01:31:28.646	0.92896				2
2025.11.21	01:31:29.498	0.92895				2
2025.11.21	01:31:30.348	0.92896				2
2025.11.21	01:31:31.019	0.92893	0.92902			6
2025.11.21	01:31:34.336	0.92892	0.92905			6
2025.11.21	01:32:00.314	0.92894				2
2025.11.21	01:32:05.878	0.92893				2
2025.11.21	01:32:12.280		0.92906			4
2025.11.21	01:32:12.993	0.92897	0.92909			6
2025.11.21	01:32:27.832	0.92896				2
2025.11.21	01:32:33.277	0.92897	0.92910			6
2025.11.21	01:32:39.998		0.92909			4
2025.11.21	01:32:47.504	0.92896	0.92908			6
2025.11.21	01:32:49.350	0.92894				2
2025.11.21	01:32:52.287	0.92893				2
2025.11.21	01:32:53.550	0.92897	0.92909			6
2025.11.21	01:32:54.555	0.92898				2
2025.11.21	01:32:56.258	0.92896	0.92910			6
2025.11.21	01:32:59.800	0.92897				2
2025.11.21	01:33:00.378	0.92897				2
2025.11.21	01:33:00.827	0.92899				2
2025.11.21	01:33:02.101	0.92897	0.92909			6
2025.11.21	01:33:02.958	0.92896				2
2025.11.21	01:33:07.995	0.92900	0.92913			6
2025.11.21	01:33:08.303	0.92902				2
2025.11.21	01:33:09.010	0.92901				2
2025.11.21	01:33:09.617	0.92900				2
2025.11.21	01:33:10.224	0.92901				2
2025.11.21	01:33:10.605	0.92902				2
2025.11.21	01:33:11.132	0.92901				2
2025.11.21	01:33:11.530	0.92902	0.92912			6
2025.11.21	01:33:12.425	0.92903				2
2025.11.21	01:33:13.374	0.92902				2
2025.11.21	01:33:14.230	0.92904				2
2025.11.21	01:33:14.756	0.92902				2
2025.11.21	01:33:15.774	0.92900	0.92913			6
2025.11.21	01:33:16.551		0.92911			4
2025.11.21	01:33:17.085	0.92901				2
2025.11.21	01:33:19.418	0.92900				2
2025.11.21	01:33:20.421	0.92901				2
2025.11.21	01:33:24.340	0.92900				2
2025.11.21	01:33:28.310	0.92901				2
2025.11.21	01:33:38.195	0.92903	0.92913			6
2025.11.21	01:33:39.373		0.92914			4
2025.11.21	01:33:42.763	0.92904	0.92910			6
2025.11.21	01:33:43.134		0.92911			4
2025.11.21	01:33:43.450	0.92903	0.92912			6
2025.11.21	01:33:45.397	0.92901				2
2025.11.21	01:33:46.900	0.92902				2
2025.11.21	01:33:50.199	0.92903				2
2025.11.21	01:33:50.719		0.92913			4
2025.11.21	01:33:51.472		0.92912			4
2025.11.21	01:33:54.092		0.92913			4
2025.11.21	01:33:55.094	0.92902				2
2025.11.21	01:33:59.484		0.92914			4
2025.11.21	01:34:00.463	0.92902	0.92912			6
2025.11.21	01:34:03.409	0.92904	0.92910			6
2025.11.21	01:34:03.769		0.92911			4
2025.11.21	01:34:15.619	0.92903				2
2025.11.21	01:34:18.399	0.92904				2
2025.11.21	01:34:21.791	0.92903	0.92912			6
2025.11.21	01:34:24.398	0.92904				2
2025.11.21	01:34:27.010	0.92903				2
2025.11.21	01:34:27.686		0.92911			4
2025.11.21	01:34:29.375	0.92905	0.92912			6
2025.11.21	01:34:30.739	0.92904	0.92910			6
2025.11.21	01:34:31.089	0.92905	0.92911			6
2025.11.21	01:34:33.056	0.92906	0.92912			6
2025.11.21	01:34:34.899	0.92905				2
2025.11.21	01:34:37.205		0.92913			4
2025.11.21	01:34:38.306	0.92906				2
2025.11.21	01:34:39.374		0.92912			4
2025.11.21	01:34:39.998	0.92905				2
2025.11.21	01:34:41.203		0.92913			4
2025.11.21	01:34:43.536		0.92912			4
2025.11.21	01:34:51.309	0.92904	0.92911			6
2025.11.21	01:34:51.976		0.92912			4
2025.11.21	01:35:00.405	0.92904				2
2025.11.21	01:35:13.123	0.92902	0.92909			6
2025.11.21	01:35:13.439		0.92911			4
2025.11.21	01:35:13.760	0.92903	0.92912			6
2025.11.21	01:35:15.171	0.92904				2
2025.11.21	01:35:30.270		0.92913			4
2025.11.21	01:35:31.317		0.92912			4
2025.11.21	01:35:34.597	0.92905				2
2025.11.21	01:35:36.281		0.92913			4
2025.11.21	01:35:45.089	0.92904	0.92912			6
2025.11.21	01:35:48.998		0.92913			4
2025.11.21	01:35:52.698		0.92912			4
2025.11.21	01:35:54.738		0.92913			4
2025.11.21	01:35:57.342	0.92905				2
2025.11.21	01:35:59.402		0.92912			4
2025.11.21	01:36:00.448	0.92904	0.92913			6
2025.11.21	01:36:00.761		0.92912			4
2025.11.21	01:36:03.454		0.92913			4
2025.11.21	01:36:05.799		0.92912			4
2025.11.21	01:36:07.471	0.92903	0.92913			6
2025.11.21	01:36:08.025	0.92904				2
2025.11.21	01:36:08.641	0.92903				2
2025.11.21	01:36:09.672	0.92904				2
2025.11.21	01:36:12.384	0.92905				2
2025.11.21	01:36:14.301	0.92903				2
2025.11.21	01:36:14.989	0.92904				2
2025.11.21	01:36:19.598	0.92903				2
2025.11.21	01:36:20.928	0.92904				2
2025.11.21	01:36:27.049	0.92905				2
2025.11.21	01:36:28.075	0.92904				2
2025.11.21	01:36:30.455	0.92905				2
2025.11.21	01:36:33.969	0.92904				2
2025.11.21	01:36:36.688	0.92905				2
2025.11.21	01:36:38.267	0.92904				2
2025.11.21	01:36:39.448	0.92900	0.92912			6
2025.11.21	01:36:40.898	0.92901	0.92911			6
2025.11.21	01:36:41.199	0.92895	0.92906			6
2025.11.21	01:36:43.249	0.92896				2
2025.11.21	01:36:43.632	0.92895				2
2025.11.21	01:36:44.346	0.92893	0.92902			6
2025.11.21	01:36:47.256	0.92888	0.92898			6
2025.11.21	01:36:49.589	0.92885	0.92896			6
2025.11.21	01:36:51.538	0.92884				2
2025.11.21	01:36:51.871	0.92885	0.92895			6
2025.11.21	01:36:53.990	0.92884	0.92896			6
2025.11.21	01:36:54.370	0.92885	0.92895			6
2025.11.21	01:37:00.290	0.92887	0.92899			6
2025.11.21	01:37:00.600		0.92897			4
2025.11.21	01:37:01.106	0.92888	0.92898			6
2025.11.21	01:37:07.456	0.92887				2
2025.11.21	01:37:09.543	0.92888				2
2025.11.21	01:37:12.637	0.92887				2
2025.11.21	01:37:12.973	0.92886	0.92897			6
2025.11.21	01:37:13.441		0.92898			4
2025.11.21	01:37:14.853		0.92897			4
2025.11.21	01:37:15.224	0.92888	0.92898			6
2025.11.21	01:37:18.394		0.92897			4
2025.11.21	01:37:20.923	0.92887	0.92898			6
2025.11.21	01:37:28.898	0.92888	0.92897			6
2025.11.21	01:37:31.122		0.92898			4
2025.11.21	01:37:34.599		0.92897			4
2025.11.21	01:37:37.496		0.92898			4
2025.11.21	01:37:39.999		0.92897			4
2025.11.21	01:37:46.223	0.92890	0.92898			6
2025.11.21	01:37:46.986	0.92892	0.92901			6
2025.11.21	01:37:48.982	0.92891				2
2025.11.21	01:37:50.394	0.92890	0.92900			6
2025.11.21	01:37:51.357		0.92899			4
2025.11.21	01:37:54.514	0.92891				2
2025.11.21	01:38:00.740	0.92891				2
2025.11.21	01:38:07.022	0.92890				2
2025.11.21	01:38:08.295	0.92892				2
2025.11.21	01:38:10.004		0.92901			4
2025.11.21	01:38:10.305	0.92890	0.92900			6
2025.11.21	01:38:10.606	0.92891	0.92899			6
2025.11.21	01:38:11.358	0.92890	0.92900			6
2025.11.21	01:38:12.384		0.92899			4
2025.11.21	01:38:13.451	0.92891	0.92900			6
2025.11.21	01:38:15.950		0.92901			4
2025.11.21	01:38:17.817	0.92893				2
2025.11.21	01:38:18.594		0.92900			4
2025.11.21	01:38:21.512		0.92901			4
2025.11.21	01:38:21.847		0.92900			4
2025.11.21	01:38:22.595		0.92899			4
2025.11.21	01:38:28.701	0.92891	0.92900			6
2025.11.21	01:38:29.363		0.92899			4
2025.11.21	01:38:32.657		0.92900			4
2025.11.21	01:38:35.400	0.92892				2
2025.11.21	01:38:35.898	0.92891				2
2025.11.21	01:38:36.883		0.92899			4
2025.11.21	01:38:37.350		0.92900			4
2025.11.21	01:38:40.401		0.92899			4
2025.11.21	01:38:40.732	0.92893				2
2025.11.21	01:38:41.084	0.92891				2
2025.11.21	01:38:41.399		0.92897			4
2025.11.21	01:38:41.734	0.92890	0.92898			6
2025.11.21	01:38:42.887		0.92897			4
2025.11.21	01:38:43.199		0.92896			4
2025.11.21	01:38:43.512		0.92898			4
2025.11.21	01:38:44.236		0.92899			4
2025.11.21	01:38:44.965		0.92897			4
2025.11.21	01:38:47.176		0.92898			4
2025.11.21	01:38:47.813		0.92896			4
2025.11.21	01:38:49.144		0.92897			4
2025.11.21	01:38:52.753		0.92896			4
2025.11.21	01:38:53.163		0.92897			4
2025.11.21	01:38:53.497		0.92898			4
2025.11.21	01:38:54.454	0.92889	0.92897			6
2025.11.21	01:38:56.937		0.92899			4
2025.11.21	01:38:58.902		0.92898			4
2025.11.21	01:39:01.377	0.92889				2
2025.11.21	01:39:08.486		0.92896			4
2025.11.21	01:39:08.832	0.92887				2
2025.11.21	01:39:11.806	0.92888	0.92895			6
2025.11.21	01:39:13.721	0.92887				2
2025.11.21	01:39:14.031		0.92894			4
2025.11.21	01:39:16.816		0.92895			4
2025.11.21	01:39:18.918		0.92894			4
2025.11.21	01:39:23.143		0.92893			4
2025.11.21	01:39:25.168		0.92894			4
2025.11.21	01:39:49.706		0.92893			4
2025.11.21	01:39:50.715		0.92894			4
2025.11.21	01:39:54.998		0.92893			4
2025.11.21	01:40:00.359	0.92888	0.92894			6
2025.11.21	01:40:00.713		0.92893			4
2025.11.21	01:40:01.619		0.92894			4
2025.11.21	01:40:05.039	0.92889	0.92896			6
2025.11.21	01:40:05.746		0.92897			4
2025.11.21	01:40:12.843	0.92890	0.92899			6
2025.11.21	01:40:15.109		0.92898			4
2025.11.21	01:40:16.472		0.92899			4
2025.11.21	01:40:18.307		0.92898			4
2025.11.21	01:40:18.976		0.92897			4
2025.11.21	01:40:19.296		0.92898			4
2025.11.21	01:40:20.959		0.92897			4
2025.11.21	01:40:26.851		0.92898			4
2025.11.21	01:40:30.314		0.92897			4
2025.11.21	01:40:37.234		0.92900			4
2025.11.21	01:40:37.888	0.92889	0.92895			6
2025.11.21	01:40:38.191	0.92888	0.92896			6
2025.11.21	01:40:39.079	0.92882	0.92891			6
2025.11.21	01:40:39.389	0.92884				2
2025.11.21	01:40:39.715	0.92883				2
2025.11.21	01:40:42.121	0.92882	0.92890			6
2025.11.21	01:40:51.458		0.92889			4
2025.11.21	01:40:52.350	0.92879	0.92888			6
2025.11.21	01:40:52.673		0.92887			4
2025.11.21	01:40:52.978	0.92876	0.92884			6
2025.11.21	01:40:53.283	0.92875	0.92883			6
2025.11.21	01:40:53.602	0.92874	0.92882			6
2025.11.21	01:40:54.543	0.92872				2
2025.11.21	01:40:54.858	0.92871	0.92881			6
2025.11.21	01:40:55.209	0.92873				2
2025.11.21	01:40:55.533	0.92872	0.92882			6
2025.11.21	01:40:55.849		0.92880			4
2025.11.21	01:40:56.198		0.92881			4
2025.11.21	01:40:57.036	0.92870	0.92878			6
2025.11.21	01:40:57.897	0.92872	0.92881			6
2025.11.21	01:40:59.677	0.92873				2
2025.11.21	01:41:00.127	0.92873	0.92880			6
2025.11.21	01:41:01.451	0.92870				2
2025.11.21	01:41:01.767		0.92881			4
2025.11.21	01:41:02.162	0.92872				2
2025.11.21	01:41:02.469	0.92873	0.92882			6
2025.11.21	01:41:02.775	0.92872				2
2025.11.21	01:41:03.462	0.92874				2
2025.11.21	01:41:03.777	0.92872				2
2025.11.21	01:41:04.079		0.92881			4
2025.11.21	01:41:06.130	0.92874	0.92882			6
2025.11.21	01:41:06.523	0.92873				2
2025.11.21	01:41:06.825		0.92881			4
2025.11.21	01:41:08.718	0.92872	0.92882			6
2025.11.21	01:41:09.030	0.92871	0.92881			6
2025.11.21	01:41:10.244	0.92873	0.92882			6
2025.11.21	01:41:10.894		0.92883			4
2025.11.21	01:41:13.695	0.92874				2
2025.11.21	01:41:15.072	0.92873				2
2025.11.21	01:41:15.732		0.92882			4
2025.11.21	01:41:17.541	0.92874				2
2025.11.21	01:41:18.749	0.92875	0.92884			6
2025.11.21	01:41:21.474	0.92874	0.92883			6
2025.11.21	01:41:23.221	0.92876	0.92886			6
2025.11.21	01:41:24.018		0.92885			4
2025.11.21	01:41:24.338		0.92886			4
2025.11.21	01:41:24.664		0.92885			4
2025.11.21	01:41:25.335		0.92884			4
2025.11.21	01:41:27.601	0.92875	0.92882			6
2025.11.21	01:41:27.906	0.92872				2
2025.11.21	01:41:28.265	0.92873				2
2025.11.21	01:41:28.877		0.92881			4
2025.11.21	01:41:30.876		0.92883			4
2025.11.21	01:41:32.171	0.92875				2
2025.11.21	01:41:34.292	0.92873	0.92882			6
2025.11.21	01:41:34.776		0.92881			4
2025.11.21	01:41:35.079		0.92882			4
2025.11.21	01:41:35.457		0.92883			4
2025.11.21	01:41:35.758	0.92874	0.92882			6
2025.11.21	01:41:36.659		0.92883			4
2025.11.21	01:41:39.702	0.92875				2
2025.11.21	01:41:40.716		0.92882			4
2025.11.21	01:41:41.406		0.92883			4
2025.11.21	01:41:42.734	0.92874				2
2025.11.21	01:41:44.071	0.92875				2
2025.11.21	01:41:46.685	0.92874	0.92882			6
2025.11.21	01:41:46.992		0.92883			4
2025.11.21	01:41:48.332	0.92871	0.92880			6
2025.11.21	01:41:49.267	0.92872				2
2025.11.21	01:41:50.361	0.92873	0.92881			6
2025.11.21	01:41:50.733	0.92872				2
2025.11.21	01:41:52.989	0.92870	0.92880			6
2025.11.21	01:41:53.293	0.92871	0.92882			6
2025.11.21	01:41:55.063	0.92873				2
2025.11.21	01:41:55.379	0.92872	0.92881			6
2025.11.21	01:41:56.347		0.92882			4
2025.11.21	01:41:57.536		0.92881			4
2025.11.21	01:41:57.896	0.92873	0.92884			6
2025.11.21	01:41:58.842	0.92875	0.92883			6
2025.11.21	01:41:59.805	0.92873				2
2025.11.21	01:42:00.257	0.92873	0.92882			6
2025.11.21	01:42:01.298	0.92871	0.92881			6
2025.11.21	01:42:02.429	0.92872				2
2025.11.21	01:42:03.736	0.92873	0.92883			6
2025.11.21	01:42:04.414	0.92879	0.92888			6
2025.11.21	01:42:04.720	0.92880	0.92889			6
2025.11.21	01:42:05.022	0.92881				2
2025.11.21	01:42:05.457	0.92879				2
2025.11.21	01:42:06.339	0.92878	0.92888			6
2025.11.21	01:42:07.166	0.92877	0.92887			6
2025.11.21	01:42:07.689		0.92886			4
2025.11.21	01:42:10.096	0.92875	0.92885			6
2025.11.21	01:42:11.118	0.92877	0.92887			6
2025.11.21	01:42:11.971	0.92876	0.92884			6
2025.11.21	01:42:12.352	0.92875				2
2025.11.21	01:42:13.790	0.92877	0.92886			6
2025.11.21	01:42:14.098		0.92887			4
2025.11.21	01:42:14.407	0.92881	0.92891			6
2025.11.21	01:42:14.719		0.92889			4
2025.11.21	01:42:15.027	0.92883	0.92891			6
2025.11.21	01:42:15.389	0.92882				2
2025.11.21	01:42:15.803	0.92879	0.92889			6
2025.11.21	01:42:16.118		0.92888			4
2025.11.21	01:42:16.814	0.92878				2
2025.11.21	01:42:18.013	0.92881	0.92889			6
2025.11.21	01:42:18.319	0.92879	0.92888			6
2025.11.21	01:42:18.624	0.92880				2
2025.11.21	01:42:18.932	0.92879	0.92887			6
2025.11.21	01:42:19.629	0.92877				2
2025.11.21	01:42:20.020		0.92886			4
2025.11.21	01:42:20.351		0.92887			4
2025.11.21	01:42:21.372		0.92888			4
2025.11.21	01:42:22.550		0.92887			4
2025.11.21	01:42:27.380		0.92888			4
2025.11.21	01:42:28.835	0.92875	0.92886			6
2025.11.21	01:42:30.686	0.92881	0.92893			6
2025.11.21	01:42:31.399	0.92882				2
2025.11.21	01:42:34.363		0.92892			4
2025.11.21	01:42:37.349	0.92880	0.92889			6
2025.11.21	01:42:37.705	0.92881	0.92891			6
2025.11.21	01:42:42.548		0.92892			4
2025.11.21	01:42:44.363	0.92880	0.92891			6
2025.11.21	01:42:46.899		0.92890			4
2025.11.21	01:42:47.659	0.92878	0.92889			6
2025.11.21	01:42:49.484	0.92879	0.92890			6
2025.11.21	01:42:50.108		0.92891			4
2025.11.21	01:42:50.520	0.92881				2
2025.11.21	01:42:53.504		0.92893			4
2025.11.21	01:42:59.764		0.92894			4
2025.11.21	01:43:00.318	0.92881				2
2025.11.21	01:43:01.070		0.92893			4
2025.11.21	01:43:01.382	0.92880	0.92892			6
2025.11.21	01:43:01.847		0.92891			4
2025.11.21	01:43:02.189		0.92892			4
2025.11.21	01:43:02.661		0.92891			4
2025.11.21	01:43:02.966		0.92892			4
2025.11.21	01:43:07.067		0.92891			4
2025.11.21	01:43:08.383	0.92882	0.92894			6
2025.11.21	01:43:08.698	0.92884	0.92895			6
2025.11.21	01:43:09.003		0.92896			4
2025.11.21	01:43:09.350	0.92886				2
2025.11.21	01:43:10.420		0.92895			4
2025.11.21	01:43:11.875	0.92884	0.92894			6
2025.11.21	01:43:12.857		0.92896			4
2025.11.21	01:43:14.137		0.92895			4
2025.11.21	01:43:14.555		0.92896			4
2025.11.21	01:43:16.349	0.92885	0.92897			6
2025.11.21	01:43:18.818	0.92887	0.92898			6
2025.11.21	01:43:19.547		0.92897			4
2025.11.21	01:43:20.564	0.92888	0.92899			6
2025.11.21	01:43:21.734	0.92891	0.92902			6
2025.11.21	01:43:22.038	0.92890				2
2025.11.21	01:43:22.931	0.92888	0.92900			6
2025.11.21	01:43:23.560	0.92890	0.92902			6
2025.11.21	01:43:25.260		0.92901			4
2025.11.21	01:43:25.969	0.92889	0.92900			6
2025.11.21	01:43:26.549		0.92901			4
2025.11.21	01:43:27.485		0.92900			4
2025.11.21	01:43:27.999	0.92890				2
2025.11.21	01:43:31.837	0.92889				2
2025.11.21	01:43:33.560	0.92888				2
2025.11.21	01:43:36.347	0.92886				2
2025.11.21	01:43:38.286	0.92888	0.92901			6
2025.11.21	01:43:41.472		0.92900			4
2025.11.21	01:43:42.170		0.92901			4
2025.11.21	01:43:42.528		0.92900			4
2025.11.21	01:43:45.571		0.92901			4
2025.11.21	01:43:54.263		0.92900			4
2025.11.21	01:43:56.413	0.92887				2
2025.11.21	01:44:00.366	0.92887				2
2025.11.21	01:44:05.069	0.92890	0.92902			6
2025.11.21	01:44:06.117	0.92888				2
2025.11.21	01:44:06.419	0.92889				2
2025.11.21	01:44:13.060	0.92888	0.92901			6
2025.11.21	01:44:23.057	0.92893	0.92905			6
2025.11.21	01:44:25.374	0.92892	0.92904			6
2025.11.21	01:44:29.314	0.92893				2
2025.11.21	01:44:32.749	0.92888	0.92899			6
2025.11.21	01:44:33.091	0.92890	0.92900			6
2025.11.21	01:44:34.860	0.92889				2
2025.11.21	01:44:35.427	0.92891	0.92901			6
2025.11.21	01:44:37.829	0.92893	0.92905			6
2025.11.21	01:44:40.197	0.92894				2
2025.11.21	01:44:42.858	0.92896				2
2025.11.21	01:44:43.568	0.92895				2
2025.11.21	01:44:45.307	0.92894				2
2025.11.21	01:44:46.044	0.92895				2
2025.11.21	01:44:57.508	0.92894				2
2025.11.21	01:44:58.024	0.92895				2
2025.11.21	01:45:00.152	0.92893	0.92902			6
2025.11.21	01:45:00.459	0.92890				2
2025.11.21	01:45:01.737	0.92893	0.92905			6
2025.11.21	01:45:02.078		0.92904			4
2025.11.21	01:45:02.466		0.92903			4
2025.11.21	01:45:03.149		0.92904			4
2025.11.21	01:45:03.464		0.92903			4
2025.11.21	01:45:03.778		0.92904			4
2025.11.21	01:45:04.633	0.92898	0.92909			6
2025.11.21	01:45:05.981		0.92907			4
2025.11.21	01:45:06.302	0.92900	0.92910			6
2025.11.21	01:45:07.762	0.92899				2
2025.11.21	01:45:09.174	0.92896	0.92909			6
2025.11.21	01:45:10.645	0.92898				2
2025.11.21	01:45:10.960	0.92902	0.92911			6
2025.11.21	01:45:11.279	0.92904	0.92916			6
2025.11.21	01:45:11.599	0.92906				2
2025.11.21	01:45:11.908	0.92904				2
2025.11.21	01:45:12.323	0.92903				2
2025.11.21	01:45:13.033		0.92915			4
2025.11.21	01:45:13.342	0.92906	0.92914			6
2025.11.21	01:45:13.827	0.92904	0.92915			6
2025.11.21	01:45:14.230		0.92916			4
2025.11.21	01:45:14.854		0.92915			4
2025.11.21	01:45:15.168		0.92914			4
2025.11.21	01:45:15.542		0.92913			4
2025.11.21	01:45:15.854	0.92902	0.92912			6
2025.11.21	01:45:17.610		0.92913			4
2025.11.21	01:45:17.926		0.92912			4
2025.11.21	01:45:18.593		0.92913			4
2025.11.21	01:45:21.025	0.92901	0.92912			6
2025.11.21	01:45:22.023	0.92900	0.92911			6
2025.11.21	01:45:24.236	0.92897	0.92910			6
2025.11.21	01:45:24.542	0.92900				2
2025.11.21	01:45:25.130		0.92911			4
2025.11.21	01:45:28.797		0.92910			4
2025.11.21	01:45:30.198	0.92901	0.92911			6
2025.11.21	01:45:30.936	0.92900				2
2025.11.21	01:45:34.960	0.92902	0.92912			6
2025.11.21	01:45:35.643	0.92903	0.92913			6
2025.11.21	01:45:36.811	0.92902	0.92912			6
2025.11.21	01:45:39.225		0.92913			4
2025.11.21	01:45:40.984		0.92912			4
2025.11.21	01:45:41.369		0.92914			4
2025.11.21	01:45:43.265	0.92903				2
2025.11.21	01:45:45.384	0.92902	0.92911			6
2025.11.21	01:45:46.902	0.92903	0.92913			6
2025.11.21	01:45:50.632	0.92900	0.92912			6
2025.11.21	01:45:50.960	0.92903	0.92914			6
2025.11.21	01:45:53.060	0.92902				2
2025.11.21	01:45:58.862	0.92904	0.92915			6
2025.11.21	01:45:59.816		0.92914			4
2025.11.21	01:46:00.313	0.92901				2
2025.11.21	01:46:00.627		0.92913			4
