<DATE>	<TIME>	<BID>	<ASK>	<LAST>	<VOLUME>	<FLAGS>
2025.10.01	00:03:31.294	0.93422	0.93543			6
2025.10.01	00:03:45.347	0.93336	0.93521			6
2025.10.01	00:04:01.617	0.93336	0.93522			6
2025.10.01	00:04:02.004	0.93302				2
2025.10.01	00:04:08.091	0.93336				2
2025.10.01	00:04:49.490	0.93319				2
2025.10.01	00:05:00.530	0.93319				2
2025.10.01	00:05:13.932	0.93334	0.93522			6
2025.10.01	00:06:00.478	0.93344	0.93521			6
2025.10.01	00:06:03.928	0.93351	0.93522			6
2025.10.01	00:06:05.558	0.93334				2
2025.10.01	00:06:13.931	0.93335	0.93523			6
2025.10.01	00:07:27.499	0.93317	0.93523			6
2025.10.01	00:08:27.495	0.93316				2
2025.10.01	00:09:08.103	0.93328	0.93524			6
2025.10.01	00:09:30.677	0.93321				2
2025.10.01	00:09:39.206	0.93328				2
2025.10.01	00:10:00.454	0.93328				2
2025.10.01	00:10:06.161	0.93321	0.93543			6
2025.10.01	00:10:06.905	0.93328	0.93524			6
2025.10.01	00:11:04.154	0.93328				2
2025.10.01	00:11:10.043		0.93524			4
2025.10.01	00:12:00.436	0.93328				2
2025.10.01	00:12:06.907	0.93326				2
2025.10.01	00:12:10.617		0.93524			4
2025.10.01	00:12:12.509	0.93327				2
2025.10.01	00:12:13.083	0.93326				2
2025.10.01	00:13:01.788	0.93326				2
2025.10.01	00:13:06.907		0.93525			4
2025.10.01	00:14:22.498	0.93326	0.93525			6
2025.10.01	00:15:06.905	0.93332				2
2025.10.01	00:16:06.907	0.93336	0.93525			6
2025.10.01	00:17:31.358	0.93333	0.93524			6
2025.10.01	00:17:50.290		0.93520			4
2025.10.01	00:18:10.533	0.93309	0.93547			6
2025.10.01	00:19:00.356	0.93309				2
2025.10.01	00:19:11.496		0.93547			4
2025.10.01	00:19:50.246	0.93344	0.93539			6
2025.10.01	00:19:50.790		0.93544			4
2025.10.01	00:19:58.431	0.93309	0.93543			6
2025.10.01	00:20:00.103	0.93309				2
2025.10.01	00:20:54.458	0.93344	0.93532			6
2025.10.01	00:20:56.598		0.93531			4
2025.10.01	00:20:58.420	0.93348	0.93532			6
2025.10.01	00:21:11.544	0.93348				2
2025.10.01	00:21:58.421	0.93352	0.93530			6
2025.10.01	00:22:03.418	0.93352				2
2025.10.01	00:22:58.424	0.93354	0.93530			6
2025.10.01	00:23:08.731	0.93354				2
2025.10.01	00:23:58.424		0.93530			4
2025.10.01	00:24:03.731	0.93354				2
2025.10.01	00:24:19.915	0.93350				2
2025.10.01	00:24:20.530		0.93535			4
2025.10.01	00:24:20.874		0.93532			4
2025.10.01	00:24:21.883		0.93530			4
2025.10.01	00:24:31.858	0.93322				2
2025.10.01	00:24:32.606	0.93350				2
2025.10.01	00:24:33.193		0.93525			4
2025.10.01	00:24:40.722		0.93530			4
2025.10.01	00:24:43.912		0.93531			4
2025.10.01	00:24:57.389		0.93532			4
2025.10.01	00:25:10.368	0.93348				2
2025.10.01	00:25:11.117	0.93350				2
2025.10.01	00:25:22.303	0.93351				2
2025.10.01	00:25:46.546	0.93304	0.93542			6
2025.10.01	00:26:00.315	0.93304				2
2025.10.01	00:26:20.433		0.93534			4
2025.10.01	00:27:06.351	0.93304				2
2025.10.01	00:27:21.537		0.93534			4
2025.10.01	00:28:03.888	0.93304				2
2025.10.01	00:28:26.150		0.93534			4
2025.10.01	00:28:26.527	0.93340	0.93533			6
2025.10.01	00:28:26.920	0.93333				2
2025.10.01	00:28:27.951	0.93340				2
2025.10.01	00:29:01.793	0.93340				2
2025.10.01	00:29:27.992		0.93533			4
2025.10.01	00:30:00.308	0.93357	0.93508			6
2025.10.01	00:30:00.878	0.93324	0.93545			6
2025.10.01	00:30:11.108	0.93325	0.93540			6
2025.10.01	00:30:12.348	0.93326	0.93517			6
2025.10.01	00:30:25.942	0.93334	0.93516			6
2025.10.01	00:30:31.839	0.93326	0.93517			6
2025.10.01	00:30:36.492	0.93334				2
2025.10.01	00:30:42.784	0.93326	0.93518			6
2025.10.01	00:30:48.499	0.93336	0.93517			6
2025.10.01	00:30:50.917	0.93326	0.93518			6
2025.10.01	00:30:52.163	0.93336	0.93517			6
2025.10.01	00:30:59.488	0.93326	0.93518			6
2025.10.01	00:31:00.442	0.93322				2
2025.10.01	00:31:00.779	0.93325				2
2025.10.01	00:31:05.421		0.93517			4
2025.10.01	00:31:06.239		0.93518			4
2025.10.01	00:31:09.882		0.93517			4
2025.10.01	00:31:12.113		0.93516			4
2025.10.01	00:31:13.943		0.93515			4
2025.10.01	00:31:14.959		0.93516			4
2025.10.01	00:31:16.430		0.93513			4
2025.10.01	00:31:17.550	0.93335	0.93515			6
2025.10.01	00:31:18.281		0.93514			4
2025.10.01	00:31:23.681		0.93513			4
2025.10.01	00:31:26.123		0.93512			4
2025.10.01	00:31:26.441	0.93332	0.93510			6
2025.10.01	00:31:30.282		0.93509			4
2025.10.01	00:31:30.664		0.93512			4
2025.10.01	00:31:32.085		0.93511			4
2025.10.01	00:31:39.884		0.93513			4
2025.10.01	00:31:41.982		0.93512			4
2025.10.01	00:31:43.483	0.93335				2
2025.10.01	00:31:46.452	0.93337				2
2025.10.01	00:31:48.882		0.93511			4
2025.10.01	00:31:50.496		0.93510			4
2025.10.01	00:31:52.187	0.93341				2
2025.10.01	00:31:53.218		0.93509			4
2025.10.01	00:31:53.717	0.93339	0.93511			6
2025.10.01	00:31:54.020	0.93341	0.93507			6
2025.10.01	00:31:56.381	0.93357	0.93514			6
2025.10.01	00:31:56.697	0.93354	0.93516			6
2025.10.01	00:31:57.114		0.93517			4
2025.10.01	00:31:57.503		0.93514			4
2025.10.01	00:31:58.812		0.93512			4
2025.10.01	00:31:59.502		0.93514			4
2025.10.01	00:32:00.881	0.93354				2
2025.10.01	00:32:04.157		0.93513			4
2025.10.01	00:32:05.126		0.93514			4
2025.10.01	00:32:08.993		0.93512			4
2025.10.01	00:32:09.616	0.93344	0.93501			6
2025.10.01	00:32:10.353	0.93341				2
2025.10.01	00:32:10.663		0.93504			4
2025.10.01	00:32:11.364	0.93340				2
2025.10.01	00:32:11.693	0.93347	0.93506			6
2025.10.01	00:32:13.422		0.93507			4
2025.10.01	00:32:14.752		0.93508			4
2025.10.01	00:32:16.658		0.93507			4
2025.10.01	00:32:20.083	0.93360	0.93511			6
2025.10.01	00:32:20.447	0.93361				2
2025.10.01	00:32:20.773	0.93356				2
2025.10.01	00:32:21.873		0.93513			4
2025.10.01	00:32:23.884		0.93515			4
2025.10.01	00:32:24.284		0.93516			4
2025.10.01	00:32:24.754	0.93368	0.93517			6
2025.10.01	00:32:25.202	0.93354	0.93516			6
2025.10.01	00:32:31.183		0.93515			4
2025.10.01	00:32:33.516	0.93342	0.93507			6
2025.10.01	00:32:34.118	0.93366	0.93514			6
2025.10.01	00:32:34.541	0.93345	0.93508			6
2025.10.01	00:32:34.919	0.93366	0.93513			6
2025.10.01	00:32:35.466	0.93345	0.93509			6
2025.10.01	00:32:35.836	0.93368	0.93514			6
2025.10.01	00:32:36.257	0.93341	0.93510			6
2025.10.01	00:32:36.666	0.93365	0.93514			6
2025.10.01	00:32:37.256	0.93352	0.93510			6
2025.10.01	00:32:37.672	0.93366	0.93514			6
2025.10.01	00:32:38.082	0.93352	0.93509			6
2025.10.01	00:32:38.431	0.93362	0.93514			6
2025.10.01	00:32:38.916	0.93338	0.93511			6
2025.10.01	00:32:39.228	0.93368	0.93515			6
2025.10.01	00:32:40.018	0.93339	0.93511			6
2025.10.01	00:32:40.332	0.93364	0.93513			6
2025.10.01	00:32:40.657	0.93368	0.93514			6
2025.10.01	00:32:41.017		0.93512			4
2025.10.01	00:32:43.185		0.93513			4
2025.10.01	00:32:44.662		0.93512			4
2025.10.01	00:32:45.877		0.93513			4
2025.10.01	00:32:47.115		0.93512			4
2025.10.01	00:32:48.139		0.93513			4
2025.10.01	00:32:48.444		0.93512			4
2025.10.01	00:32:48.773		0.93511			4
2025.10.01	00:32:49.112		0.93512			4
2025.10.01	00:32:50.115		0.93511			4
2025.10.01	00:32:50.437		0.93512			4
2025.10.01	00:32:51.539	0.93346	0.93508			6
2025.10.01	00:32:51.972	0.93370	0.93513			6
2025.10.01	00:32:52.299	0.93362	0.93508			6
2025.10.01	00:32:52.650		0.93509			4
2025.10.01	00:32:52.996	0.93342	0.93513			6
2025.10.01	00:32:53.409	0.93370				2
2025.10.01	00:32:53.768	0.93344	0.93507			6
2025.10.01	00:32:54.131	0.93370	0.93512			6
2025.10.01	00:32:54.592	0.93361	0.93511			6
2025.10.01	00:32:55.089	0.93370				2
2025.10.01	00:32:55.406	0.93363	0.93510			6
2025.10.01	00:32:55.776	0.93366	0.93508			6
2025.10.01	00:32:56.117	0.93360				2
2025.10.01	00:32:56.440	0.93345				2
2025.10.01	00:32:56.796	0.93366	0.93511			6
2025.10.01	00:32:57.120	0.93345	0.93509			6
2025.10.01	00:32:57.681	0.93366	0.93512			6
2025.10.01	00:32:58.086	0.93345	0.93510			6
2025.10.01	00:32:58.429	0.93366	0.93511			6
2025.10.01	00:32:58.739	0.93363	0.93509			6
2025.10.01	00:32:59.115	0.93343	0.93506			6
2025.10.01	00:32:59.423	0.93366	0.93511			6
2025.10.01	00:32:59.737		0.93506			4
2025.10.01	00:33:00.045	0.93346	0.93505			6
2025.10.01	00:33:00.357	0.93366	0.93509			6
2025.10.01	00:33:00.676	0.93363	0.93508			6
2025.10.01	00:33:01.011	0.93356	0.93506			6
2025.10.01	00:33:01.622	0.93366	0.93510			6
2025.10.01	00:33:01.971	0.93352				2
2025.10.01	00:33:02.313	0.93370	0.93511			6
2025.10.01	00:33:02.620	0.93362	0.93506			6
2025.10.01	00:33:02.928	0.93369	0.93508			6
2025.10.01	00:33:03.662	0.93362	0.93505			6
2025.10.01	00:33:04.134		0.93508			4
2025.10.01	00:33:06.118		0.93507			4
2025.10.01	00:33:06.622	0.93356	0.93508			6
2025.10.01	00:33:07.123	0.93363	0.93509			6
2025.10.01	00:33:07.767	0.93357	0.93506			6
2025.10.01	00:33:08.121	0.93366	0.93510			6
2025.10.01	00:33:08.662	0.93357	0.93507			6
2025.10.01	00:33:09.025	0.93372	0.93511			6
2025.10.01	00:33:09.344	0.93362	0.93505			6
2025.10.01	00:33:09.651		0.93508			4
2025.10.01	00:33:10.117	0.93355				2
2025.10.01	00:33:10.418	0.93372	0.93510			6
2025.10.01	00:33:10.778	0.93355	0.93508			6
2025.10.01	00:33:11.138	0.93372				2
2025.10.01	00:33:11.472	0.93364	0.93507			6
2025.10.01	00:33:11.779	0.93355				2
2025.10.01	00:33:12.116	0.93359	0.93506			6
2025.10.01	00:33:12.464	0.93372	0.93510			6
2025.10.01	00:33:12.873	0.93357	0.93505			6
2025.10.01	00:33:13.200	0.93372	0.93508			6
2025.10.01	00:33:13.554	0.93364	0.93509			6
2025.10.01	00:33:14.074	0.93359	0.93505			6
2025.10.01	00:33:14.376	0.93372	0.93510			6
2025.10.01	00:33:14.993	0.93364	0.93507			6
2025.10.01	00:33:15.357	0.93367	0.93511			6
2025.10.01	00:33:15.695	0.93362	0.93508			6
2025.10.01	00:33:16.120	0.93364	0.93506			6
2025.10.01	00:33:16.695	0.93372	0.93511			6
2025.10.01	00:33:17.019	0.93364	0.93507			6
2025.10.01	00:33:17.366		0.93510			4
2025.10.01	00:33:18.066	0.93346	0.93504			6
2025.10.01	00:33:18.608	0.93372	0.93509			6
2025.10.01	00:33:18.933	0.93348	0.93505			6
2025.10.01	00:33:19.251	0.93372	0.93510			6
2025.10.01	00:33:19.593	0.93341	0.93504			6
2025.10.01	00:33:20.004	0.93372	0.93511			6
2025.10.01	00:33:20.345	0.93367	0.93508			6
2025.10.01	00:33:20.707	0.93364	0.93506			6
2025.10.01	00:33:21.356	0.93368	0.93508			6
2025.10.01	00:33:22.115	0.93365	0.93506			6
2025.10.01	00:33:22.611	0.93368	0.93509			6
2025.10.01	00:33:22.929	0.93365	0.93507			6
2025.10.01	00:33:23.282	0.93371	0.93510			6
2025.10.01	00:33:23.641	0.93356	0.93506			6
2025.10.01	00:33:24.178	0.93343	0.93502			6
2025.10.01	00:33:24.667	0.93368	0.93506			6
2025.10.01	00:33:25.063	0.93355	0.93503			6
2025.10.01	00:33:25.555	0.93344	0.93501			6
2025.10.01	00:33:26.054	0.93368	0.93507			6
2025.10.01	00:33:26.358	0.93355	0.93506			6
2025.10.01	00:33:28.827	0.93341	0.93504			6
2025.10.01	00:33:29.190	0.93366	0.93509			6
2025.10.01	00:33:29.654	0.93355	0.93505			6
2025.10.01	00:33:29.978	0.93341	0.93504			6
2025.10.01	00:33:30.343	0.93343	0.93502			6
2025.10.01	00:33:30.652	0.93366	0.93508			6
2025.10.01	00:33:30.975	0.93355				2
2025.10.01	00:33:31.306	0.93342	0.93505			6
2025.10.01	00:33:31.979	0.93366	0.93508			6
2025.10.01	00:33:32.327	0.93345	0.93507			6
2025.10.01	00:33:32.636	0.93366	0.93509			6
2025.10.01	00:33:32.943	0.93343	0.93504			6
2025.10.01	00:33:33.271	0.93365	0.93509			6
2025.10.01	00:33:33.807	0.93339	0.93507			6
2025.10.01	00:33:34.178	0.93365	0.93506			6
2025.10.01	00:33:34.482	0.93339	0.93507			6
2025.10.01	00:33:34.809	0.93366	0.93509			6
2025.10.01	00:33:35.278	0.93339	0.93506			6
2025.10.01	00:33:35.658	0.93366	0.93509			6
2025.10.01	00:33:36.020	0.93339	0.93506			6
2025.10.01	00:33:36.357	0.93336	0.93509			6
2025.10.01	00:33:36.752	0.93338	0.93507			6
2025.10.01	00:33:37.122	0.93336	0.93509			6
2025.10.01	00:33:37.442	0.93340	0.93504			6
2025.10.01	00:33:37.771	0.93336	0.93509			6
2025.10.01	00:33:38.231	0.93354	0.93508			6
2025.10.01	00:33:39.885	0.93346	0.93506			6
2025.10.01	00:33:40.385	0.93366				2
2025.10.01	00:33:40.730	0.93346	0.93507			6
2025.10.01	00:33:41.133	0.93366	0.93508			6
2025.10.01	00:33:41.458	0.93354	0.93507			6
2025.10.01	00:33:43.182		0.93508			4
2025.10.01	00:33:46.667	0.93361				2
2025.10.01	00:33:47.119	0.93369				2
2025.10.01	00:33:47.579	0.93346	0.93504			6
2025.10.01	00:33:48.000	0.93368	0.93508			6
2025.10.01	00:33:48.345	0.93362	0.93505			6
2025.10.01	00:33:48.851	0.93344	0.93502			6
2025.10.01	00:33:49.350	0.93366	0.93507			6
2025.10.01	00:33:49.733	0.93348	0.93503			6
2025.10.01	00:33:50.120	0.93366	0.93506			6
2025.10.01	00:33:50.433	0.93345	0.93502			6
2025.10.01	00:33:50.960	0.93369	0.93507			6
2025.10.01	00:33:51.354	0.93361	0.93505			6
2025.10.01	00:33:51.856	0.93343	0.93504			6
2025.10.01	00:33:52.158	0.93369	0.93508			6
2025.10.01	00:33:52.674	0.93361	0.93504			6
2025.10.01	00:33:52.992	0.93354	0.93503			6
2025.10.01	00:33:53.715	0.93368	0.93508			6
2025.10.01	00:33:54.029	0.93361	0.93502			6
2025.10.01	00:33:54.389	0.93343	0.93504			6
2025.10.01	00:33:55.031	0.93368	0.93508			6
2025.10.01	00:33:55.363	0.93363	0.93505			6
2025.10.01	00:33:56.123	0.93366				2
2025.10.01	00:33:56.776	0.93363	0.93507			6
2025.10.01	00:33:57.094	0.93369	0.93510			6
2025.10.01	00:33:57.690	0.93362	0.93507			6
2025.10.01	00:33:58.053	0.93347	0.93505			6
2025.10.01	00:33:58.734	0.93366	0.93510			6
2025.10.01	00:33:59.044	0.93368				2
2025.10.01	00:34:00.104	0.93368				2
2025.10.01	00:34:00.886	0.93363	0.93508			6
2025.10.01	00:34:01.603	0.93370	0.93510			6
2025.10.01	00:34:01.910	0.93363	0.93507			6
2025.10.01	00:34:02.603	0.93367	0.93509			6
2025.10.01	00:34:02.917	0.93366				2
2025.10.01	00:34:05.018	0.93369	0.93510			6
2025.10.01	00:34:05.516	0.93363	0.93509			6
2025.10.01	00:34:06.014	0.93366				2
2025.10.01	00:34:06.519	0.93363				2
2025.10.01	00:34:06.831	0.93368				2
2025.10.01	00:34:07.736	0.93363	0.93508			6
2025.10.01	00:34:08.040	0.93368	0.93511			6
2025.10.01	00:34:08.349	0.93370				2
2025.10.01	00:34:08.737	0.93364	0.93509			6
2025.10.01	00:34:09.238	0.93368	0.93510			6
2025.10.01	00:34:09.722	0.93365				2
2025.10.01	00:34:10.191	0.93369				2
2025.10.01	00:34:19.216	0.93371				2
2025.10.01	00:34:19.716	0.93365	0.93507			6
2025.10.01	00:34:20.218	0.93369	0.93511			6
2025.10.01	00:34:20.723	0.93364	0.93506			6
2025.10.01	00:34:21.221	0.93368	0.93509			6
2025.10.01	00:34:21.715	0.93364	0.93506			6
2025.10.01	00:34:22.213	0.93370	0.93509			6
2025.10.01	00:34:22.719	0.93356	0.93506			6
2025.10.01	00:34:23.216	0.93368	0.93509			6
2025.10.01	00:34:23.714	0.93356	0.93505			6
2025.10.01	00:34:24.214	0.93369	0.93509			6
2025.10.01	00:34:24.716	0.93364	0.93507			6
2025.10.01	00:34:25.185	0.93368	0.93510			6
2025.10.01	00:34:25.719	0.93365	0.93507			6
2025.10.01	00:34:26.082	0.93368	0.93509			6
2025.10.01	00:34:26.717	0.93365	0.93508			6
2025.10.01	00:34:27.216	0.93368	0.93509			6
2025.10.01	00:34:27.715	0.93356	0.93506			6
2025.10.01	00:34:28.215	0.93369	0.93509			6
2025.10.01	00:34:28.714	0.93356	0.93506			6
2025.10.01	00:34:29.081	0.93369	0.93509			6
2025.10.01	00:34:29.715	0.93357	0.93506			6
2025.10.01	00:34:30.217	0.93370	0.93509			6
2025.10.01	00:34:30.715	0.93357	0.93507			6
2025.10.01	00:34:31.216	0.93369	0.93509			6
2025.10.01	00:34:31.721	0.93356	0.93505			6
2025.10.01	00:34:32.218	0.93369	0.93509			6
2025.10.01	00:34:32.716	0.93364	0.93507			6
2025.10.01	00:34:33.218	0.93368	0.93509			6
2025.10.01	00:34:33.673	0.93363	0.93505			6
2025.10.01	00:34:34.214	0.93368	0.93508			6
2025.10.01	00:34:34.593	0.93363	0.93505			6
2025.10.01	00:34:35.221	0.93368	0.93508			6
2025.10.01	00:34:35.715	0.93363	0.93505			6
2025.10.01	00:34:36.217	0.93368	0.93508			6
2025.10.01	00:34:36.715	0.93363	0.93505			6
2025.10.01	00:34:37.216	0.93368	0.93509			6
2025.10.01	00:34:37.719	0.93364	0.93507			6
2025.10.01	00:34:38.081	0.93368	0.93509			6
2025.10.01	00:34:38.691	0.93364	0.93507			6
2025.10.01	00:34:39.218	0.93368	0.93509			6
2025.10.01	00:34:39.727	0.93364	0.93507			6
2025.10.01	00:34:40.214	0.93369	0.93509			6
2025.10.01	00:34:40.718	0.93363	0.93506			6
2025.10.01	00:34:41.217	0.93369	0.93509			6
2025.10.01	00:34:41.723	0.93363	0.93507			6
2025.10.01	00:34:42.217	0.93369	0.93509			6
2025.10.01	00:34:42.585	0.93364	0.93507			6
2025.10.01	00:34:43.218	0.93369	0.93509			6
2025.10.01	00:34:43.715	0.93364	0.93506			6
2025.10.01	00:34:44.214	0.93369	0.93509			6
2025.10.01	00:34:44.715	0.93364	0.93507			6
2025.10.01	00:34:45.131	0.93369	0.93509			6
2025.10.01	00:34:45.718	0.93363	0.93507			6
2025.10.01	00:34:46.214	0.93370	0.93508			6
2025.10.01	00:34:46.718	0.93365	0.93507			6
2025.10.01	00:34:47.082	0.93369	0.93509			6
2025.10.01	00:34:47.486	0.93365	0.93505			6
2025.10.01	00:34:48.215	0.93369	0.93509			6
2025.10.01	00:34:48.716	0.93366	0.93507			6
2025.10.01	00:34:49.215	0.93369	0.93509			6
2025.10.01	00:34:49.715	0.93365	0.93506			6
2025.10.01	00:34:50.215	0.93369	0.93509			6
2025.10.01	00:34:50.719	0.93364	0.93506			6
2025.10.01	00:34:51.217	0.93369	0.93509			6
2025.10.01	00:34:51.716	0.93364	0.93506			6
2025.10.01	00:34:52.223	0.93369	0.93509			6
2025.10.01	00:34:52.715	0.93364	0.93506			6
2025.10.01	00:34:53.217	0.93369	0.93509			6
2025.10.01	00:34:53.714	0.93365	0.93506			6
2025.10.01	00:34:54.216	0.93369	0.93509			6
2025.10.01	00:34:54.583	0.93365	0.93506			6
2025.10.01	00:34:55.215	0.93370	0.93509			6
2025.10.01	00:34:55.714	0.93367	0.93506			6
2025.10.01	00:34:56.216		0.93509			4
2025.10.01	00:34:56.718		0.93507			4
2025.10.01	00:34:57.214	0.93364	0.93509			6
2025.10.01	00:34:57.716	0.93365	0.93507			6
2025.10.01	00:34:58.158		0.93509			4
2025.10.01	00:34:58.716	0.93364	0.93505			6
2025.10.01	00:34:59.220		0.93508			4
2025.10.01	00:34:59.727		0.93505			4
2025.10.01	00:35:00.218	0.93372	0.93509			6
2025.10.01	00:35:00.716	0.93367	0.93505			6
2025.10.01	00:35:01.217	0.93370	0.93508			6
2025.10.01	00:35:01.718	0.93367	0.93505			6
2025.10.01	00:35:02.138	0.93370	0.93508			6
2025.10.01	00:35:02.721	0.93363	0.93504			6
2025.10.01	00:35:03.221	0.93370	0.93508			6
2025.10.01	00:35:03.714	0.93363	0.93506			6
2025.10.01	00:35:04.214	0.93370	0.93508			6
2025.10.01	00:35:04.714	0.93367	0.93507			6
2025.10.01	00:35:05.137	0.93370	0.93509			6
2025.10.01	00:35:05.716	0.93367	0.93506			6
2025.10.01	00:35:06.216	0.93364				2
2025.10.01	00:35:06.717	0.93372	0.93509			6
2025.10.01	00:35:07.222	0.93367	0.93508			6
2025.10.01	00:35:07.714	0.93370	0.93509			6
2025.10.01	00:35:08.215	0.93367	0.93505			6
2025.10.01	00:35:08.716	0.93370	0.93509			6
2025.10.01	00:35:09.215	0.93367	0.93506			6
2025.10.01	00:35:09.716	0.93370	0.93508			6
2025.10.01	00:35:10.216	0.93357	0.93507			6
2025.10.01	00:35:10.716	0.93371	0.93509			6
2025.10.01	00:35:11.084	0.93358	0.93506			6
2025.10.01	00:35:11.715	0.93370	0.93508			6
2025.10.01	00:35:12.217	0.93357	0.93505			6
2025.10.01	00:35:12.715	0.93370	0.93507			6
2025.10.01	00:35:13.017	0.93357	0.93505			6
2025.10.01	00:35:13.716	0.93370	0.93507			6
2025.10.01	00:35:14.023	0.93356	0.93505			6
2025.10.01	00:35:14.339	0.93357				2
2025.10.01	00:35:14.666	0.93370	0.93508			6
2025.10.01	00:35:15.216	0.93367	0.93505			6
2025.10.01	00:35:15.714	0.93370	0.93508			6
2025.10.01	00:35:16.216	0.93364	0.93507			6
2025.10.01	00:35:16.718	0.93370	0.93508			6
2025.10.01	00:35:17.215	0.93364	0.93506			6
2025.10.01	00:35:17.715	0.93370	0.93508			6
2025.10.01	00:35:18.215	0.93367	0.93506			6
2025.10.01	00:35:18.676	0.93370	0.93509			6
2025.10.01	00:35:19.217	0.93367	0.93505			6
2025.10.01	00:35:19.715	0.93371	0.93509			6
2025.10.01	00:35:20.216	0.93367	0.93507			6
2025.10.01	00:35:20.715	0.93371	0.93509			6
2025.10.01	00:35:21.217	0.93367	0.93506			6
2025.10.01	00:35:21.543	0.93370	0.93509			6
2025.10.01	00:35:22.216	0.93367	0.93505			6
2025.10.01	00:35:22.719	0.93371	0.93509			6
2025.10.01	00:35:23.216	0.93367	0.93505			6
2025.10.01	00:35:23.719	0.93372	0.93508			6
2025.10.01	00:35:24.218	0.93367				2
2025.10.01	00:35:24.716		0.93507			4
2025.10.01	00:35:25.210	0.93371	0.93508			6
2025.10.01	00:35:25.532	0.93368	0.93507			6
2025.10.01	00:35:26.217	0.93371	0.93508			6
2025.10.01	00:35:26.718	0.93365	0.93507			6
2025.10.01	00:35:27.214	0.93371	0.93508			6
2025.10.01	00:35:27.715	0.93365	0.93506			6
2025.10.01	00:35:28.214	0.93371	0.93508			6
2025.10.01	00:35:28.719	0.93365	0.93506			6
2025.10.01	00:35:29.215	0.93371	0.93508			6
2025.10.01	00:35:29.716	0.93365	0.93506			6
2025.10.01	00:35:30.214	0.93371	0.93508			6
2025.10.01	00:35:30.714	0.93368	0.93505			6
2025.10.01	00:35:31.218		0.93508			4
2025.10.01	00:35:31.717	0.93365	0.93505			6
2025.10.01	00:35:32.219	0.93368	0.93508			6
2025.10.01	00:35:32.716	0.93365	0.93505			6
2025.10.01	00:35:33.216	0.93368	0.93508			6
2025.10.01	00:35:33.715		0.93505			4
2025.10.01	00:35:34.216		0.93508			4
2025.10.01	00:35:34.630	0.93365	0.93505			6
2025.10.01	00:35:34.931	0.93368	0.93508			6
2025.10.01	00:35:35.266	0.93372				2
2025.10.01	00:35:35.717	0.93359	0.93505			6
2025.10.01	00:35:36.215	0.93366	0.93506			6
2025.10.01	00:35:36.582		0.93507			4
2025.10.01	00:35:40.890	0.93373				2
2025.10.01	00:35:41.426		0.93506			4
2025.10.01	00:35:43.652		0.93507			4
2025.10.01	00:35:44.981		0.93506			4
2025.10.01	00:35:53.289		0.93505			4
2025.10.01	00:36:02.347	0.93373				2
2025.10.01	00:36:04.950		0.93504			4
2025.10.01	00:36:06.480		0.93505			4
2025.10.01	00:36:12.414		0.93504			4
2025.10.01	00:36:14.530	0.93368	0.93503			6
2025.10.01	00:36:16.668	0.93370				2
2025.10.01	00:36:25.204	0.93379	0.93504			6
2025.10.01	00:36:25.629	0.93370	0.93503			6
2025.10.01	00:36:26.500	0.93368				2
2025.10.01	00:36:34.483		0.93502			4
2025.10.01	00:36:35.525		0.93501			4
2025.10.01	00:36:36.223	0.93367				2
2025.10.01	00:36:40.034	0.93381	0.93502			6
2025.10.01	00:36:40.386	0.93369	0.93501			6
2025.10.01	00:36:41.509		0.93502			4
2025.10.01	00:36:41.811	0.93381	0.93504			6
2025.10.01	00:36:43.060		0.93503			4
2025.10.01	00:36:43.362		0.93501			4
2025.10.01	00:36:43.670		0.93500			4
2025.10.01	00:36:44.296		0.93503			4
2025.10.01	00:36:44.911	0.93371				2
2025.10.01	00:36:45.589	0.93384	0.93505			6
2025.10.01	00:36:46.415	0.93386	0.93509			6
2025.10.01	00:36:46.722	0.93385				2
2025.10.01	00:36:47.062	0.93381	0.93513			6
2025.10.01	00:36:47.371		0.93512			4
2025.10.01	00:36:47.690	0.93384	0.93509			6
2025.10.01	00:36:48.929	0.93382	0.93507			6
2025.10.01	00:36:49.238	0.93381	0.93504			6
2025.10.01	00:36:50.983	0.93384	0.93506			6
2025.10.01	00:36:52.921	0.93383	0.93505			6
2025.10.01	00:36:53.295	0.93382	0.93506			6
2025.10.01	00:36:53.858		0.93510			4
2025.10.01	00:36:54.162	0.93384	0.93506			6
2025.10.01	00:36:54.478	0.93380	0.93503			6
2025.10.01	00:36:54.789	0.93381	0.93502			6
2025.10.01	00:36:55.098	0.93380				2
2025.10.01	00:36:56.488	0.93383	0.93504			6
2025.10.01	00:36:56.798	0.93381	0.93505			6
2025.10.01	00:36:57.108	0.93382	0.93504			6
2025.10.01	00:36:57.552	0.93383	0.93503			6
2025.10.01	00:36:58.351		0.93505			4
2025.10.01	00:36:58.670	0.93377	0.93503			6
2025.10.01	00:36:59.073	0.93380				2
2025.10.01	00:36:59.994	0.93384	0.93505			6
2025.10.01	00:37:00.298	0.93384				2
2025.10.01	00:37:01.562		0.93504			4
2025.10.01	00:37:01.875		0.93505			4
2025.10.01	00:37:02.179	0.93383				2
2025.10.01	00:37:02.510	0.93384	0.93508			6
2025.10.01	00:37:02.818	0.93383	0.93507			6
2025.10.01	00:37:03.130	0.93384	0.93508			6
2025.10.01	00:37:03.437	0.93383	0.93507			6
2025.10.01	00:37:03.745	0.93384	0.93506			6
2025.10.01	00:37:04.046	0.93381	0.93503			6
2025.10.01	00:37:04.683		0.93502			4
2025.10.01	00:37:05.001		0.93503			4
2025.10.01	00:37:05.319	0.93384	0.93504			6
2025.10.01	00:37:06.565	0.93385				2
2025.10.01	00:37:06.866	0.93384	0.93503			6
2025.10.01	00:37:07.177	0.93385	0.93504			6
2025.10.01	00:37:07.481	0.93384				2
2025.10.01	00:37:07.798	0.93385				2
2025.10.01	00:37:08.120	0.93384				2
2025.10.01	00:37:08.737		0.93505			4
2025.10.01	00:37:09.042		0.93504			4
2025.10.01	00:37:10.601	0.93378	0.93501			6
2025.10.01	00:37:10.921		0.93498			4
2025.10.01	00:37:11.242		0.93500			4
2025.10.01	00:37:11.557		0.93498			4
2025.10.01	00:37:11.860	0.93379	0.93499			6
2025.10.01	00:37:12.580		0.93500			4
2025.10.01	00:37:12.941		0.93499			4
2025.10.01	00:37:13.256	0.93378	0.93500			6
2025.10.01	00:37:14.201	0.93375	0.93499			6
2025.10.01	00:37:15.486	0.93374				2
2025.10.01	00:37:15.802	0.93372	0.93502			6
2025.10.01	00:37:16.417	0.93374	0.93501			6
2025.10.01	00:37:16.721	0.93373				2
2025.10.01	00:37:17.038	0.93368	0.93500			6
2025.10.01	00:37:17.679		0.93501			4
2025.10.01	00:37:17.981		0.93502			4
2025.10.01	00:37:18.297		0.93500			4
2025.10.01	00:37:18.602	0.93373				2
2025.10.01	00:37:18.917	0.93359	0.93498			6
2025.10.01	00:37:19.219	0.93334	0.93514			6
2025.10.01	00:37:20.466	0.93320	0.93515			6
2025.10.01	00:37:21.579	0.93334	0.93503			6
2025.10.01	00:37:21.880	0.93321	0.93506			6
2025.10.01	00:37:22.198	0.93340	0.93501			6
2025.10.01	00:37:22.522	0.93329	0.93506			6
2025.10.01	00:37:23.076	0.93328	0.93502			6
2025.10.01	00:37:23.874	0.93340				2
2025.10.01	00:37:24.487	0.93330				2
2025.10.01	00:37:26.544	0.93340				2
2025.10.01	00:37:26.856	0.93352	0.93504			6
2025.10.01	00:37:27.299	0.93345	0.93505			6
2025.10.01	00:37:29.133		0.93506			4
2025.10.01	00:37:30.134	0.93349	0.93507			6
2025.10.01	00:37:30.443		0.93506			4
2025.10.01	00:37:31.902		0.93505			4
2025.10.01	00:37:32.217	0.93352				2
2025.10.01	00:37:33.130		0.93507			4
2025.10.01	00:37:33.679		0.93505			4
2025.10.01	00:37:34.438		0.93502			4
2025.10.01	00:37:34.753		0.93501			4
2025.10.01	00:37:35.134		0.93505			4
2025.10.01	00:37:35.677	0.93325	0.93525			6
2025.10.01	00:37:36.035	0.93324	0.93524			6
2025.10.01	00:37:37.032	0.93330	0.93529			6
2025.10.01	00:37:37.984	0.93328	0.93527			6
2025.10.01	00:37:38.941	0.93366	0.93510			6
2025.10.01	00:37:39.860		0.93508			4
2025.10.01	00:37:40.727		0.93498			4
2025.10.01	00:37:43.611		0.93500			4
2025.10.01	00:37:45.186		0.93501			4
2025.10.01	00:37:46.052	0.93363	0.93502			6
2025.10.01	00:37:46.858	0.93364	0.93505			6
2025.10.01	00:37:48.857		0.93503			4
2025.10.01	00:37:50.162	0.93354	0.93497			6
2025.10.01	00:37:50.478		0.93495			4
2025.10.01	00:37:50.857		0.93493			4
2025.10.01	00:37:51.892		0.93494			4
2025.10.01	00:37:53.117		0.93493			4
2025.10.01	00:37:53.437		0.93494			4
2025.10.01	00:37:53.740		0.93493			4
2025.10.01	00:37:54.058		0.93494			4
2025.10.01	00:37:54.360		0.93493			4
2025.10.01	00:37:54.677		0.93494			4
2025.10.01	00:37:54.985	0.93347	0.93493			6
2025.10.01	00:37:55.297	0.93357	0.93501			6
2025.10.01	00:37:56.309	0.93367				2
2025.10.01	00:37:56.626	0.93363	0.93502			6
2025.10.01	00:37:57.737		0.93503			4
2025.10.01	00:37:58.711	0.93367	0.93505			6
2025.10.01	00:37:59.032	0.93361	0.93506			6
2025.10.01	00:37:59.357		0.93507			4
2025.10.01	00:37:59.982	0.93368				2
2025.10.01	00:38:00.297	0.93368	0.93508			6
2025.10.01	00:38:00.599	0.93361	0.93507			6
2025.10.01	00:38:01.517		0.93506			4
2025.10.01	00:38:02.927		0.93508			4
2025.10.01	00:38:04.998	0.93363	0.93506			6
2025.10.01	00:38:05.661		0.93505			4
2025.10.01	00:38:06.278		0.93507			4
2025.10.01	00:38:08.074	0.93361	0.93508			6
2025.10.01	00:38:08.892		0.93509			4
2025.10.01	00:38:09.506		0.93508			4
2025.10.01	00:38:09.820	0.93366	0.93509			6
2025.10.01	00:38:10.432	0.93361				2
2025.10.01	00:38:10.762		0.93508			4
2025.10.01	00:38:11.469		0.93510			4
2025.10.01	00:38:13.134		0.93509			4
2025.10.01	00:38:14.276	0.93364	0.93511			6
2025.10.01	00:38:14.693	0.93361	0.93509			6
2025.10.01	00:38:15.472	0.93367	0.93510			6
2025.10.01	00:38:16.161	0.93361	0.93509			6
2025.10.01	00:38:19.771	0.93364				2
2025.10.01	00:38:20.322	0.93354				2
2025.10.01	00:38:20.663	0.93371				2
2025.10.01	00:38:22.216		0.93507			4
2025.10.01	00:38:23.184		0.93506			4
2025.10.01	00:38:23.936		0.93505			4
2025.10.01	00:38:24.241		0.93504			4
2025.10.01	00:38:24.573	0.93367				2
2025.10.01	00:38:26.770		0.93505			4
2025.10.01	00:38:28.011	0.93353	0.93506			6
2025.10.01	00:38:28.316		0.93505			4
2025.10.01	00:38:28.929	0.93365	0.93506			6
2025.10.01	00:38:29.233		0.93507			4
2025.10.01	00:38:29.538		0.93506			4
2025.10.01	00:38:29.850	0.93368	0.93505			6
2025.10.01	00:38:30.778		0.93504			4
2025.10.01	00:38:31.082		0.93505			4
2025.10.01	00:38:31.389		0.93504			4
2025.10.01	00:38:32.002		0.93505			4
2025.10.01	00:38:32.621		0.93504			4
2025.10.01	00:38:34.371		0.93505			4
2025.10.01	00:38:36.893		0.93506			4
2025.10.01	00:38:37.197		0.93505			4
2025.10.01	00:38:37.502		0.93506			4
2025.10.01	00:38:37.892		0.93505			4
2025.10.01	00:38:44.680		0.93504			4
2025.10.01	00:38:45.176	0.93361				2
2025.10.01	00:38:47.480		0.93505			4
2025.10.01	00:38:48.425		0.93504			4
2025.10.01	00:38:54.178		0.93503			4
2025.10.01	00:38:57.584		0.93504			4
2025.10.01	00:39:00.881	0.93361	0.93503			6
2025.10.01	00:39:08.272	0.93383	0.93504			6
2025.10.01	00:39:09.143	0.93376	0.93510			6
2025.10.01	00:39:09.458	0.93355	0.93519			6
2025.10.01	00:39:09.778	0.93362	0.93517			6
2025.10.01	00:39:10.080	0.93363				2
2025.10.01	00:39:10.718	0.93368				2
2025.10.01	00:39:11.019	0.93375	0.93516			6
2025.10.01	00:39:11.637	0.93376				2
2025.10.01	00:39:14.617		0.93510			4
2025.10.01	00:39:14.919	0.93348	0.93519			6
2025.10.01	00:39:15.238	0.93327	0.93516			6
2025.10.01	00:39:15.556	0.93338	0.93519			6
2025.10.01	00:39:15.859	0.93341	0.93515			6
2025.10.01	00:39:16.178	0.93324	0.93508			6
2025.10.01	00:39:16.479	0.93351	0.93510			6
2025.10.01	00:39:16.797	0.93350				2
2025.10.01	00:39:17.127	0.93328				2
2025.10.01	00:39:17.727	0.93330	0.93513			6
2025.10.01	00:39:18.037	0.93329				2
2025.10.01	00:39:18.659	0.93327	0.93519			6
2025.10.01	00:39:18.970	0.93351	0.93497			6
2025.10.01	00:39:19.278	0.93341	0.93512			6
2025.10.01	00:39:19.598	0.93346	0.93514			6
2025.10.01	00:39:19.898	0.93329	0.93510			6
2025.10.01	00:39:20.218	0.93325	0.93509			6
2025.10.01	00:39:20.537	0.93358	0.93513			6
2025.10.01	00:39:20.857	0.93344	0.93514			6
2025.10.01	00:39:21.178	0.93338	0.93513			6
2025.10.01	00:39:21.497	0.93359				2
2025.10.01	00:39:22.119	0.93330	0.93512			6
2025.10.01	00:39:22.438	0.93348	0.93499			6
2025.10.01	00:39:22.741	0.93347	0.93511			6
2025.10.01	00:39:23.057	0.93351	0.93507			6
2025.10.01	00:39:23.358	0.93331				2
2025.10.01	00:39:23.976	0.93359				2
2025.10.01	00:39:24.297	0.93348	0.93510			6
2025.10.01	00:39:24.919	0.93364	0.93508			6
2025.10.01	00:39:25.237	0.93334	0.93512			6
2025.10.01	00:39:25.538	0.93335	0.93510			6
2025.10.01	00:39:26.177		0.93503			4
2025.10.01	00:39:26.480	0.93336				2
2025.10.01	00:39:26.840	0.93350	0.93511			6
2025.10.01	00:39:27.157	0.93334	0.93510			6
2025.10.01	00:39:27.779	0.93335	0.93512			6
2025.10.01	00:39:29.037	0.93350	0.93511			6
2025.10.01	00:39:29.338	0.93345				2
2025.10.01	00:39:29.643	0.93362	0.93508			6
2025.10.01	00:39:29.980	0.93349	0.93511			6
2025.10.01	00:39:30.298	0.93361	0.93510			6
2025.10.01	00:39:30.602	0.93335	0.93504			6
2025.10.01	00:39:30.918		0.93502			4
2025.10.01	00:39:32.788	0.93347	0.93509			6
2025.10.01	00:39:33.232	0.93354				2
2025.10.01	00:39:34.161	0.93335	0.93512			6
2025.10.01	00:39:34.664	0.93365	0.93509			6
2025.10.01	00:39:35.138	0.93376	0.93508			6
2025.10.01	00:39:35.995	0.93371	0.93509			6
2025.10.01	00:39:36.700	0.93376				2
2025.10.01	00:39:38.086	0.93365	0.93510			6
2025.10.01	00:39:38.497	0.93357				2
2025.10.01	00:39:38.799	0.93365	0.93511			6
2025.10.01	00:39:39.181	0.93359				2
2025.10.01	00:39:41.210	0.93365	0.93510			6
2025.10.01	00:39:41.726	0.93358				2
2025.10.01	00:39:42.219	0.93368	0.93508			6
2025.10.01	00:39:42.521		0.93509			4
2025.10.01	00:39:42.996	0.93360	0.93510			6
2025.10.01	00:39:43.457	0.93352	0.93504			6
2025.10.01	00:39:43.765	0.93357	0.93506			6
2025.10.01	00:39:44.784	0.93376	0.93509			6
2025.10.01	00:39:45.795	0.93364	0.93508			6
2025.10.01	00:39:46.293		0.93507			4
2025.10.01	00:39:46.808	0.93361	0.93506			6
2025.10.01	00:39:47.811	0.93373	0.93509			6
2025.10.01	00:39:49.144	0.93363				2
2025.10.01	00:39:50.156	0.93355	0.93508			6
2025.10.01	00:39:50.490	0.93361	0.93505			6
2025.10.01	00:39:50.860		0.93509			4
2025.10.01	00:39:51.255	0.93364				2
2025.10.01	00:39:51.969	0.93372	0.93508			6
2025.10.01	00:39:52.272		0.93509			4
2025.10.01	00:39:52.579		0.93508			4
2025.10.01	00:39:52.885	0.93364	0.93507			6
2025.10.01	00:39:53.187	0.93374				2
2025.10.01	00:39:53.801	0.93368				2
2025.10.01	00:39:55.169		0.93506			4
2025.10.01	00:39:55.471		0.93507			4
2025.10.01	00:39:55.969		0.93506			4
2025.10.01	00:39:58.658	0.93374	0.93507			6
2025.10.01	00:40:00.330	0.93374	0.93509			6
2025.10.01	00:40:00.638	0.93363	0.93510			6
2025.10.01	00:40:01.277	0.93332	0.93512			6
2025.10.01	00:40:01.899	0.93363	0.93510			6
2025.10.01	00:40:02.199	0.93352	0.93511			6
2025.10.01	00:40:02.821	0.93336	0.93512			6
2025.10.01	00:40:03.130	0.93335	0.93503			6
2025.10.01	00:40:03.520		0.93501			4
2025.10.01	00:40:04.541	0.93347	0.93509			6
2025.10.01	00:40:05.561	0.93363	0.93510			6
2025.10.01	00:40:06.010	0.93379	0.93509			6
2025.10.01	00:40:06.989	0.93364	0.93510			6
2025.10.01	00:40:07.377	0.93350	0.93512			6
2025.10.01	00:40:07.679	0.93338	0.93506			6
2025.10.01	00:40:08.004	0.93358	0.93511			6
2025.10.01	00:40:08.336	0.93367				2
2025.10.01	00:40:08.694	0.93374	0.93510			6
2025.10.01	00:40:09.946		0.93509			4
2025.10.01	00:40:10.275	0.93362	0.93510			6
2025.10.01	00:40:10.943	0.93336	0.93512			6
2025.10.01	00:40:11.258	0.93375	0.93497			6
2025.10.01	00:40:11.560	0.93361	0.93510			6
2025.10.01	00:40:12.180	0.93370	0.93509			6
2025.10.01	00:40:12.499	0.93365	0.93506			6
2025.10.01	00:40:12.837	0.93351	0.93509			6
2025.10.01	00:40:13.144	0.93338	0.93507			6
2025.10.01	00:40:13.451	0.93347	0.93510			6
2025.10.01	00:40:13.923	0.93372	0.93509			6
2025.10.01	00:40:15.191	0.93393	0.93508			6
2025.10.01	00:40:15.503	0.93377	0.93509			6
2025.10.01	00:40:16.320	0.93361	0.93510			6
2025.10.01	00:40:17.321	0.93372				2
2025.10.01	00:40:17.952	0.93366	0.93509			6
2025.10.01	00:40:18.259	0.93373				2
2025.10.01	00:40:18.598	0.93362	0.93510			6
2025.10.01	00:40:19.237	0.93336	0.93512			6
2025.10.01	00:40:19.710	0.93359	0.93510			6
2025.10.01	00:40:20.018	0.93367	0.93508			6
2025.10.01	00:40:20.322	0.93361	0.93510			6
2025.10.01	00:40:20.638	0.93336				2
2025.10.01	00:40:20.947		0.93511			4
2025.10.01	00:40:21.334	0.93342				2
2025.10.01	00:40:21.665	0.93363	0.93510			6
2025.10.01	00:40:22.275	0.93373	0.93505			6
2025.10.01	00:40:26.150	0.93358	0.93508			6
2025.10.01	00:40:26.619	0.93359				2
2025.10.01	00:40:27.104	0.93370	0.93507			6
2025.10.01	00:40:27.650	0.93363	0.93508			6
2025.10.01	00:40:28.073	0.93376	0.93507			6
2025.10.01	00:40:28.828	0.93369				2
2025.10.01	00:40:29.156	0.93363	0.93508			6
2025.10.01	00:40:29.540	0.93357	0.93509			6
2025.10.01	00:40:29.849	0.93359				2
2025.10.01	00:40:30.855	0.93373	0.93507			6
2025.10.01	00:40:32.245	0.93367				2
2025.10.01	00:40:32.557	0.93360				2
2025.10.01	00:40:32.861	0.93355	0.93506			6
2025.10.01	00:40:33.725	0.93364	0.93508			6
2025.10.01	00:40:34.639	0.93388	0.93506			6
2025.10.01	00:40:35.598	0.93359				2
2025.10.01	00:40:36.121	0.93335	0.93502			6
2025.10.01	00:40:36.516	0.93366	0.93503			6
2025.10.01	00:40:36.822	0.93368	0.93505			6
2025.10.01	00:40:37.164	0.93362	0.93508			6
2025.10.01	00:40:37.890	0.93355				2
2025.10.01	00:40:38.210	0.93363				2
2025.10.01	00:40:38.517	0.93361				2
2025.10.01	00:40:38.828	0.93366	0.93507			6
2025.10.01	00:40:40.020	0.93354	0.93509			6
2025.10.01	00:40:40.472	0.93349	0.93506			6
2025.10.01	00:40:40.971	0.93369	0.93507			6
2025.10.01	00:40:41.313	0.93357	0.93506			6
2025.10.01	00:40:41.689	0.93370	0.93507			6
2025.10.01	00:40:41.990	0.93364	0.93508			6
2025.10.01	00:40:42.617	0.93374				2
2025.10.01	00:40:43.927		0.93507			4
2025.10.01	00:40:44.257	0.93367				2
2025.10.01	00:40:44.558	0.93374				2
2025.10.01	00:40:44.877	0.93355	0.93508			6
2025.10.01	00:40:45.189	0.93341	0.93503			6
2025.10.01	00:40:45.491	0.93368	0.93497			6
2025.10.01	00:40:45.796	0.93363	0.93507			6
2025.10.01	00:40:46.131	0.93356	0.93508			6
2025.10.01	00:40:46.603	0.93336	0.93507			6
2025.10.01	00:40:47.021	0.93355	0.93503			6
2025.10.01	00:40:47.345		0.93505			4
2025.10.01	00:40:47.722	0.93354				2
2025.10.01	00:40:48.073	0.93366	0.93507			6
2025.10.01	00:40:48.386	0.93364	0.93508			6
2025.10.01	00:40:49.009	0.93372	0.93507			6
2025.10.01	00:40:50.169	0.93366				2
2025.10.01	00:40:50.569	0.93355	0.93508			6
2025.10.01	00:40:50.897	0.93340				2
2025.10.01	00:40:51.207	0.93360				2
2025.10.01	00:40:51.517	0.93371	0.93507			6
2025.10.01	00:40:52.290	0.93372	0.93502			6
2025.10.01	00:40:52.603	0.93374	0.93507			6
2025.10.01	00:40:53.091	0.93360	0.93508			6
2025.10.01	00:40:53.405	0.93371	0.93507			6
2025.10.01	00:40:54.128	0.93387	0.93506			6
2025.10.01	00:40:54.452	0.93366	0.93507			6
2025.10.01	00:40:54.758	0.93336	0.93501			6
2025.10.01	00:40:55.100	0.93348	0.93505			6
2025.10.01	00:40:55.464	0.93343	0.93499			6
2025.10.01	00:40:55.778	0.93341	0.93504			6
2025.10.01	00:40:56.089	0.93369	0.93507			6
2025.10.01	00:40:56.590	0.93361	0.93506			6
2025.10.01	00:40:56.997	0.93366				2
2025.10.01	00:40:58.240	0.93374				2
2025.10.01	00:40:58.557	0.93350	0.93503			6
2025.10.01	00:40:58.995	0.93358	0.93502			6
2025.10.01	00:40:59.421	0.93357	0.93501			6
2025.10.01	00:40:59.840	0.93364	0.93504			6
2025.10.01	00:41:00.166	0.93364				2
2025.10.01	00:41:00.487	0.93355				2
2025.10.01	00:41:00.981	0.93353	0.93499			6
2025.10.01	00:41:01.386	0.93352	0.93500			6
2025.10.01	00:41:01.698	0.93366	0.93507			6
2025.10.01	00:41:02.006		0.93506			4
2025.10.01	00:41:02.654	0.93336	0.93499			6
2025.10.01	00:41:03.222	0.93359				2
2025.10.01	00:41:03.531	0.93367	0.93506			6
2025.10.01	00:41:04.335	0.93363	0.93508			6
2025.10.01	00:41:04.723	0.93360	0.93503			6
2025.10.01	00:41:05.091	0.93336	0.93494			6
2025.10.01	00:41:05.399	0.93333	0.93493			6
2025.10.01	00:41:05.707	0.93350	0.93497			6
2025.10.01	00:41:06.010	0.93369	0.93505			6
2025.10.01	00:41:06.888	0.93372	0.93507			6
2025.10.01	00:41:07.924	0.93361	0.93506			6
2025.10.01	00:41:08.243	0.93352	0.93501			6
2025.10.01	00:41:08.556	0.93351	0.93502			6
2025.10.01	00:41:09.069	0.93359	0.93506			6
2025.10.01	00:41:09.413	0.93364	0.93504			6
2025.10.01	00:41:09.726		0.93507			4
2025.10.01	00:41:10.037	0.93367				2
2025.10.01	00:41:10.340	0.93353	0.93511			6
2025.10.01	00:41:10.658	0.93363	0.93504			6
2025.10.01	00:41:10.977	0.93362	0.93491			6
2025.10.01	00:41:11.281	0.93342	0.93510			6
2025.10.01	00:41:11.603	0.93350	0.93502			6
2025.10.01	00:41:11.960	0.93325	0.93518			6
2025.10.01	00:41:12.335	0.93353	0.93499			6
2025.10.01	00:41:12.671	0.93342	0.93509			6
2025.10.01	00:41:12.972	0.93332	0.93526			6
2025.10.01	00:41:13.288	0.93342	0.93507			6
2025.10.01	00:41:13.746	0.93330	0.93514			6
2025.10.01	00:41:14.062	0.93343	0.93503			6
2025.10.01	00:41:17.660	0.93355	0.93510			6
2025.10.01	00:41:18.132	0.93359				2
2025.10.01	00:41:18.674	0.93345	0.93522			6
2025.10.01	00:41:19.145	0.93354	0.93518			6
2025.10.01	00:41:20.049	0.93335	0.93525			6
2025.10.01	00:41:20.642	0.93331	0.93507			6
2025.10.01	00:41:20.948	0.93328	0.93512			6
2025.10.01	00:41:21.258	0.93332	0.93506			6
2025.10.01	00:41:21.561	0.93349	0.93509			6
2025.10.01	00:41:21.878	0.93335	0.93516			6
2025.10.01	00:41:22.210	0.93355	0.93514			6
2025.10.01	00:41:22.518	0.93339	0.93516			6
2025.10.01	00:41:22.822	0.93361	0.93524			6
2025.10.01	00:41:23.138	0.93364	0.93516			6
2025.10.01	00:41:23.440	0.93342	0.93503			6
2025.10.01	00:41:23.757	0.93333	0.93501			6
2025.10.01	00:41:24.073	0.93342	0.93494			6
2025.10.01	00:41:24.377	0.93337	0.93493			6
2025.10.01	00:41:24.819	0.93353	0.93521			6
2025.10.01	00:41:25.125	0.93361	0.93522			6
2025.10.01	00:41:25.911	0.93371	0.93511			6
2025.10.01	00:41:26.218	0.93336	0.93520			6
2025.10.01	00:41:26.531		0.93522			4
2025.10.01	00:41:26.860	0.93363				2
2025.10.01	00:41:27.183	0.93361				2
2025.10.01	00:41:27.964	0.93371	0.93523			6
2025.10.01	00:41:28.974	0.93364	0.93520			6
2025.10.01	00:41:29.345		0.93518			4
2025.10.01	00:41:30.407		0.93519			4
2025.10.01	00:41:31.350		0.93520			4
2025.10.01	00:41:31.977	0.93347	0.93519			6
2025.10.01	00:41:32.302	0.93331	0.93506			6
2025.10.01	00:41:32.641	0.93333	0.93504			6
2025.10.01	00:41:32.959	0.93328	0.93502			6
2025.10.01	00:41:33.304		0.93501			4
2025.10.01	00:41:34.332	0.93347	0.93496			6
2025.10.01	00:41:34.638	0.93330	0.93504			6
2025.10.01	00:41:35.277	0.93327				2
2025.10.01	00:41:36.839	0.93347	0.93508			6
2025.10.01	00:41:37.760	0.93330	0.93523			6
2025.10.01	00:41:38.078	0.93346	0.93509			6
2025.10.01	00:41:38.381	0.93343	0.93508			6
2025.10.01	00:41:38.698	0.93349	0.93502			6
2025.10.01	00:41:38.999	0.93346	0.93506			6
2025.10.01	00:41:39.318	0.93331				2
2025.10.01	00:41:39.619	0.93349	0.93494			6
2025.10.01	00:41:39.938	0.93352	0.93500			6
2025.10.01	00:41:40.242	0.93347	0.93510			6
2025.10.01	00:41:40.558	0.93350	0.93505			6
2025.10.01	00:41:40.861	0.93356	0.93492			6
2025.10.01	00:41:41.177	0.93345	0.93507			6
2025.10.01	00:41:41.498	0.93342	0.93502			6
2025.10.01	00:41:41.802	0.93337	0.93500			6
2025.10.01	00:41:42.118	0.93330	0.93497			6
2025.10.01	00:41:42.503	0.93343	0.93490			6
2025.10.01	00:41:42.830	0.93330	0.93491			6
2025.10.01	00:41:43.140	0.93352	0.93483			6
2025.10.01	00:41:43.471	0.93340	0.93508			6
2025.10.01	00:41:43.791	0.93329	0.93513			6
2025.10.01	00:41:44.149	0.93361	0.93521			6
2025.10.01	00:41:44.499		0.93527			4
2025.10.01	00:41:44.801		0.93521			4
2025.10.01	00:41:45.124	0.93367	0.93522			6
2025.10.01	00:41:45.440	0.93371	0.93511			6
2025.10.01	00:41:46.655	0.93363	0.93512			6
2025.10.01	00:41:47.163	0.93378	0.93511			6
2025.10.01	00:41:49.219	0.93363	0.93512			6
2025.10.01	00:41:50.083	0.93372	0.93511			6
2025.10.01	00:41:50.841	0.93364	0.93512			6
2025.10.01	00:41:51.367	0.93372	0.93511			6
2025.10.01	00:41:52.155	0.93367	0.93498			6
2025.10.01	00:41:52.538	0.93355	0.93507			6
2025.10.01	00:41:52.850	0.93332	0.93510			6
2025.10.01	00:41:53.161	0.93355	0.93515			6
2025.10.01	00:41:53.495	0.93363				2
2025.10.01	00:41:54.601	0.93354				2
2025.10.01	00:41:54.909	0.93352	0.93512			6
2025.10.01	00:41:55.217	0.93353	0.93504			6
2025.10.01	00:41:55.611	0.93333	0.93506			6
2025.10.01	00:41:55.963	0.93348	0.93508			6
2025.10.01	00:41:56.278	0.93331	0.93513			6
2025.10.01	00:41:56.598	0.93348	0.93511			6
2025.10.01	00:41:56.903	0.93367	0.93516			6
2025.10.01	00:41:57.219	0.93344	0.93519			6
2025.10.01	00:41:57.521	0.93350	0.93498			6
2025.10.01	00:41:57.838	0.93353	0.93486			6
2025.10.01	00:41:58.158	0.93328	0.93502			6
2025.10.01	00:41:58.477	0.93352	0.93496			6
2025.10.01	00:41:58.797	0.93334	0.93497			6
2025.10.01	00:41:59.421		0.93501			4
2025.10.01	00:42:00.330	0.93331	0.93509			6
2025.10.01	00:42:00.647	0.93352	0.93500			6
2025.10.01	00:42:00.988	0.93332	0.93506			6
2025.10.01	00:42:01.332	0.93334	0.93502			6
2025.10.01	00:42:01.647	0.93360	0.93520			6
2025.10.01	00:42:01.972	0.93359				2
2025.10.01	00:42:02.327	0.93381	0.93511			6
2025.10.01	00:42:02.778	0.93370	0.93510			6
2025.10.01	00:42:03.141		0.93507			4
2025.10.01	00:42:03.885	0.93371	0.93508			6
2025.10.01	00:42:04.198	0.93363	0.93509			6
2025.10.01	00:42:04.505	0.93371	0.93508			6
2025.10.01	00:42:05.851	0.93386				2
2025.10.01	00:42:06.227	0.93372	0.93510			6
2025.10.01	00:42:06.628	0.93367	0.93508			6
2025.10.01	00:42:07.129	0.93372				2
2025.10.01	00:42:08.060	0.93359	0.93511			6
2025.10.01	00:42:08.379	0.93370	0.93496			6
2025.10.01	00:42:08.690	0.93357	0.93507			6
2025.10.01	00:42:09.127		0.93498			4
2025.10.01	00:42:09.441	0.93367	0.93511			6
2025.10.01	00:42:09.860	0.93364	0.93509			6
2025.10.01	00:42:10.166	0.93344	0.93499			6
2025.10.01	00:42:10.479	0.93332				2
2025.10.01	00:42:10.937		0.93501			4
2025.10.01	00:42:11.395	0.93354	0.93500			6
2025.10.01	00:42:11.766	0.93352	0.93506			6
2025.10.01	00:42:12.094	0.93349	0.93499			6
2025.10.01	00:42:12.409	0.93356	0.93509			6
2025.10.01	00:42:12.714	0.93357	0.93505			6
2025.10.01	00:42:13.037	0.93365	0.93507			6
2025.10.01	00:42:13.408	0.93336	0.93502			6
2025.10.01	00:42:13.717	0.93354	0.93505			6
2025.10.01	00:42:14.370	0.93362	0.93503			6
2025.10.01	00:42:14.700	0.93370				2
2025.10.01	00:42:15.264	0.93354	0.93504			6
2025.10.01	00:42:15.578		0.93499			4
2025.10.01	00:42:15.881	0.93351	0.93505			6
2025.10.01	00:42:16.216	0.93350	0.93503			6
2025.10.01	00:42:16.635	0.93366	0.93506			6
2025.10.01	00:42:16.991	0.93365	0.93505			6
2025.10.01	00:42:17.317	0.93353	0.93500			6
2025.10.01	00:42:17.943	0.93360	0.93505			6
2025.10.01	00:42:18.250	0.93368	0.93506			6
2025.10.01	00:42:19.152	0.93359	0.93504			6
2025.10.01	00:42:19.766	0.93367	0.93506			6
2025.10.01	00:42:20.080	0.93369				2
2025.10.01	00:42:20.383	0.93362	0.93507			6
2025.10.01	00:42:21.013	0.93373	0.93506			6
2025.10.01	00:42:21.991	0.93360	0.93504			6
2025.10.01	00:42:22.476	0.93354	0.93496			6
2025.10.01	00:42:22.982	0.93363	0.93504			6
2025.10.01	00:42:23.602		0.93505			4
2025.10.01	00:42:23.919		0.93504			4
2025.10.01	00:42:24.224	0.93338	0.93499			6
2025.10.01	00:42:25.300	0.93359	0.93502			6
2025.10.01	00:42:25.602		0.93503			4
2025.10.01	00:42:25.922		0.93502			4
2025.10.01	00:42:26.229	0.93373	0.93503			6
2025.10.01	00:42:26.881	0.93376	0.93506			6
2025.10.01	00:42:27.532		0.93505			4
2025.10.01	00:42:27.838	0.93374	0.93506			6
2025.10.01	00:42:28.157		0.93509			4
2025.10.01	00:42:28.466		0.93507			4
2025.10.01	00:42:28.782		0.93505			4
2025.10.01	00:42:29.098		0.93506			4
2025.10.01	00:42:29.422		0.93504			4
2025.10.01	00:42:29.744	0.93342	0.93500			6
2025.10.01	00:42:30.061	0.93344	0.93498			6
2025.10.01	00:42:30.375	0.93345	0.93497			6
2025.10.01	00:42:30.707	0.93362	0.93500			6
2025.10.01	00:42:31.018		0.93504			4
2025.10.01	00:42:31.350	0.93373	0.93506			6
2025.10.01	00:42:31.786	0.93367	0.93504			6
2025.10.01	00:42:32.087	0.93361	0.93505			6
2025.10.01	00:42:32.476	0.93342	0.93501			6
2025.10.01	00:42:32.874	0.93369	0.93506			6
2025.10.01	00:42:33.994	0.93374				2
2025.10.01	00:42:34.929	0.93376	0.93507			6
2025.10.01	00:42:36.008	0.93369	0.93506			6
2025.10.01	00:42:36.316	0.93341	0.93499			6
2025.10.01	00:42:37.239	0.93349				2
2025.10.01	00:42:37.548	0.93353	0.93497			6
2025.10.01	00:42:38.016		0.93495			4
2025.10.01	00:42:38.319	0.93371	0.93503			6
2025.10.01	00:42:39.008	0.93373	0.93504			6
2025.10.01	00:42:39.334	0.93374	0.93503			6
2025.10.01	00:42:40.003		0.93504			4
2025.10.01	00:42:40.312	0.93367				2
2025.10.01	00:42:40.817	0.93368	0.93506			6
2025.10.01	00:42:41.125		0.93505			4
2025.10.01	00:42:41.769		0.93506			4
2025.10.01	00:42:42.079	0.93353	0.93505			6
2025.10.01	00:42:42.385	0.93363	0.93502			6
2025.10.01	00:42:42.701		0.93504			4
2025.10.01	00:42:43.058	0.93374	0.93506			6
2025.10.01	00:42:43.360	0.93367	0.93504			6
2025.10.01	00:42:44.003		0.93505			4
2025.10.01	00:42:44.329		0.93506			4
2025.10.01	00:42:45.049	0.93371				2
2025.10.01	00:42:45.987	0.93357	0.93508			6
2025.10.01	00:42:46.600	0.93342	0.93509			6
2025.10.01	00:42:47.221	0.93341				2
2025.10.01	00:42:49.147	0.93361	0.93512			6
2025.10.01	00:42:49.646	0.93370	0.93511			6
2025.10.01	00:42:51.130	0.93376	0.93508			6
2025.10.01	00:42:51.529	0.93369	0.93509			6
2025.10.01	00:42:52.148	0.93372	0.93506			6
2025.10.01	00:42:52.512		0.93512			4
2025.10.01	00:42:52.858		0.93509			4
2025.10.01	00:42:53.707	0.93383	0.93508			6
2025.10.01	00:42:54.015	0.93373	0.93506			6
2025.10.01	00:42:54.861	0.93357	0.93507			6
2025.10.01	00:42:55.188	0.93349	0.93512			6
2025.10.01	00:42:55.521	0.93371	0.93508			6
2025.10.01	00:42:56.595	0.93376	0.93511			6
2025.10.01	00:42:56.976		0.93508			4
2025.10.01	00:42:58.236	0.93382	0.93509			6
2025.10.01	00:42:58.539	0.93385	0.93507			6
2025.10.01	00:42:58.841	0.93382				2
2025.10.01	00:42:59.161	0.93363				2
2025.10.01	00:42:59.499	0.93356	0.93508			6
2025.10.01	00:43:00.145	0.93368	0.93509			6
2025.10.01	00:43:00.447	0.93371				2
2025.10.01	00:43:00.758		0.93508			4
2025.10.01	00:43:01.060	0.93379				2
2025.10.01	00:43:01.361	0.93359	0.93509			6
2025.10.01	00:43:01.673	0.93340	0.93507			6
2025.10.01	00:43:02.028	0.93356	0.93502			6
2025.10.01	00:43:02.527		0.93505			4
2025.10.01	00:43:03.042	0.93370	0.93508			6
2025.10.01	00:43:03.696	0.93368				2
2025.10.01	00:43:04.527		0.93509			4
2025.10.01	00:43:05.198	0.93377				2
2025.10.01	00:43:05.525		0.93510			4
2025.10.01	00:43:05.984	0.93365	0.93506			6
2025.10.01	00:43:06.298		0.93509			4
2025.10.01	00:43:06.689	0.93359				2
2025.10.01	00:43:07.039		0.93505			4
2025.10.01	00:43:07.360	0.93374	0.93507			6
2025.10.01	00:43:07.920	0.93359				2
2025.10.01	00:43:08.244		0.93508			4
2025.10.01	00:43:08.832	0.93375	0.93511			6
2025.10.01	00:43:09.193	0.93373				2
2025.10.01	00:43:11.149		0.93508			4
2025.10.01	00:43:12.109	0.93381	0.93507			6
2025.10.01	00:43:12.452	0.93373	0.93508			6
2025.10.01	00:43:13.200	0.93377				2
2025.10.01	00:43:13.695	0.93380	0.93506			6
2025.10.01	00:43:14.460	0.93377	0.93507			6
2025.10.01	00:43:16.063		0.93506			4
2025.10.01	00:43:16.701		0.93505			4
2025.10.01	00:43:17.052		0.93506			4
2025.10.01	00:43:17.537	0.93382	0.93505			6
2025.10.01	00:43:18.008	0.93375				2
2025.10.01	00:43:18.328	0.93376	0.93503			6
2025.10.01	00:43:19.426		0.93504			4
2025.10.01	00:43:21.097		0.93505			4
2025.10.01	00:43:22.145		0.93504			4
2025.10.01	00:43:23.316	0.93381				2
2025.10.01	00:43:25.917		0.93503			4
2025.10.01	00:43:26.219	0.93378	0.93500			6
2025.10.01	00:43:26.845		0.93504			4
2025.10.01	00:43:27.165		0.93500			4
2025.10.01	00:43:27.478		0.93503			4
2025.10.01	00:43:27.790		0.93500			4
2025.10.01	00:43:28.097	0.93380	0.93501			6
2025.10.01	00:43:28.411		0.93499			4
2025.10.01	00:43:28.719		0.93502			4
2025.10.01	00:43:29.020	0.93375	0.93503			6
2025.10.01	00:43:29.337	0.93371	0.93499			6
2025.10.01	00:43:29.738		0.93496			4
2025.10.01	00:43:30.040		0.93502			4
2025.10.01	00:43:30.342		0.93501			4
2025.10.01	00:43:30.659		0.93499			4
2025.10.01	00:43:30.962		0.93497			4
2025.10.01	00:43:31.274		0.93499			4
2025.10.01	00:43:31.578		0.93501			4
2025.10.01	00:43:32.198		0.93500			4
2025.10.01	00:43:32.500		0.93499			4
2025.10.01	00:43:35.403		0.93498			4
2025.10.01	00:43:35.710		0.93499			4
2025.10.01	00:43:36.319		0.93500			4
2025.10.01	00:43:36.621		0.93501			4
2025.10.01	00:43:37.595		0.93496			4
2025.10.01	00:43:37.902		0.93502			4
2025.10.01	00:43:38.283		0.93499			4
2025.10.01	00:43:38.599	0.93381	0.93501			6
2025.10.01	00:43:38.907		0.93498			4
2025.10.01	00:43:39.263		0.93497			4
2025.10.01	00:43:40.063		0.93503			4
2025.10.01	00:43:40.379		0.93499			4
2025.10.01	00:43:40.942	0.93371	0.93498			6
2025.10.01	00:43:41.247		0.93503			4
2025.10.01	00:43:41.572		0.93496			4
2025.10.01	00:43:42.199		0.93499			4
2025.10.01	00:43:42.551		0.93501			4
2025.10.01	00:43:43.216		0.93497			4
2025.10.01	00:43:45.310		0.93498			4
2025.10.01	00:43:46.427		0.93497			4
2025.10.01	00:43:46.739	0.93374	0.93500			6
2025.10.01	00:43:47.053		0.93501			4
2025.10.01	00:43:47.970		0.93499			4
2025.10.01	00:43:48.314		0.93500			4
2025.10.01	00:43:48.930		0.93501			4
2025.10.01	00:43:51.126	0.93381	0.93502			6
2025.10.01	00:43:52.047		0.93503			4
2025.10.01	00:43:54.262		0.93502			4
2025.10.01	00:43:54.895		0.93503			4
2025.10.01	00:43:55.203		0.93502			4
2025.10.01	00:43:55.591		0.93501			4
2025.10.01	00:43:55.899		0.93502			4
2025.10.01	00:43:56.744		0.93501			4
2025.10.01	00:43:57.678		0.93503			4
2025.10.01	00:43:57.997		0.93502			4
2025.10.01	00:43:58.299		0.93503			4
2025.10.01	00:43:58.623		0.93501			4
2025.10.01	00:43:58.929		0.93502			4
2025.10.01	00:43:59.235		0.93501			4
2025.10.01	00:43:59.752		0.93502			4
2025.10.01	00:44:00.058	0.93381	0.93500			6
2025.10.01	00:44:00.362		0.93502			4
2025.10.01	00:44:00.678	0.93368	0.93494			6
2025.10.01	00:44:00.983	0.93371	0.93501			6
2025.10.01	00:44:01.313	0.93368	0.93493			6
2025.10.01	00:44:01.643	0.93369	0.93501			6
2025.10.01	00:44:02.156	0.93368				2
2025.10.01	00:44:02.461	0.93370	0.93496			6
2025.10.01	00:44:02.778	0.93371	0.93497			6
2025.10.01	00:44:03.088	0.93373	0.93498			6
2025.10.01	00:44:03.401	0.93372	0.93500			6
2025.10.01	00:44:04.452		0.93497			4
2025.10.01	00:44:04.890		0.93500			4
2025.10.01	00:44:05.199	0.93370	0.93501			6
2025.10.01	00:44:05.934		0.93502			4
2025.10.01	00:44:06.377		0.93503			4
2025.10.01	00:44:06.716	0.93372	0.93496			6
2025.10.01	00:44:07.022		0.93503			4
2025.10.01	00:44:07.493		0.93499			4
2025.10.01	00:44:07.807		0.93497			4
2025.10.01	00:44:08.118	0.93381	0.93498			6
2025.10.01	00:44:08.420	0.93375	0.93497			6
2025.10.01	00:44:08.727	0.93380	0.93500			6
2025.10.01	00:44:09.059	0.93379	0.93501			6
2025.10.01	00:44:09.852		0.93502			4
2025.10.01	00:44:10.443	0.93380				2
2025.10.01	00:44:10.836		0.93504			4
2025.10.01	00:44:11.192		0.93503			4
2025.10.01	00:44:11.776		0.93504			4
2025.10.01	00:44:12.438		0.93503			4
2025.10.01	00:44:12.739		0.93504			4
2025.10.01	00:44:13.050		0.93503			4
2025.10.01	00:44:13.361		0.93504			4
2025.10.01	00:44:13.718		0.93503			4
2025.10.01	00:44:16.078		0.93502			4
2025.10.01	00:44:16.404		0.93503			4
2025.10.01	00:44:17.048		0.93504			4
2025.10.01	00:44:17.359		0.93505			4
2025.10.01	00:44:17.665		0.93504			4
2025.10.01	00:44:17.977		0.93505			4
2025.10.01	00:44:18.281		0.93504			4
2025.10.01	00:44:18.899		0.93503			4
2025.10.01	00:44:19.883		0.93502			4
2025.10.01	00:44:20.248		0.93503			4
2025.10.01	00:44:21.484		0.93502			4
2025.10.01	00:44:21.799		0.93504			4
2025.10.01	00:44:24.852	0.93384	0.93506			6
2025.10.01	00:44:25.484	0.93378	0.93505			6
2025.10.01	00:44:25.795		0.93506			4
2025.10.01	00:44:27.150		0.93507			4
2025.10.01	00:44:29.004		0.93506			4
2025.10.01	00:44:29.618		0.93507			4
2025.10.01	00:44:31.797	0.93384	0.93506			6
2025.10.01	00:44:33.327		0.93503			4
2025.10.01	00:44:33.650		0.93504			4
2025.10.01	00:44:33.973		0.93503			4
2025.10.01	00:44:35.563		0.93504			4
2025.10.01	00:44:35.878		0.93502			4
2025.10.01	00:44:36.206		0.93501			4
2025.10.01	00:44:37.300		0.93502			4
2025.10.01	00:44:37.796		0.93505			4
2025.10.01	00:44:39.452	0.93379				2
2025.10.01	00:44:39.760	0.93387				2
2025.10.01	00:44:40.518	0.93384	0.93512			6
2025.10.01	00:44:40.823		0.93511			4
2025.10.01	00:44:41.185		0.93512			4
2025.10.01	00:44:41.508		0.93510			4
2025.10.01	00:44:42.227	0.93385	0.93509			6
2025.10.01	00:44:43.423	0.93384	0.93510			6
2025.10.01	00:44:44.032		0.93512			4
2025.10.01	00:44:44.687	0.93376	0.93510			6
2025.10.01	00:44:45.286	0.93384	0.93513			6
2025.10.01	00:44:46.403		0.93510			4
2025.10.01	00:44:46.868	0.93381				2
2025.10.01	00:44:47.233		0.93512			4
2025.10.01	00:44:47.573		0.93510			4
2025.10.01	00:44:47.922	0.93384	0.93509			6
2025.10.01	00:44:48.253		0.93510			4
2025.10.01	00:44:48.610	0.93377	0.93502			6
2025.10.01	00:44:48.913		0.93503			4
2025.10.01	00:44:49.230	0.93374	0.93501			6
2025.10.01	00:44:49.536	0.93375	0.93502			6
2025.10.01	00:44:49.887	0.93378				2
2025.10.01	00:44:50.191		0.93498			4
2025.10.01	00:44:50.679		0.93500			4
2025.10.01	00:44:50.992		0.93498			4
2025.10.01	00:44:51.346	0.93376	0.93504			6
2025.10.01	00:44:51.673		0.93499			4
2025.10.01	00:44:52.088		0.93503			4
2025.10.01	00:44:52.390		0.93502			4
2025.10.01	00:44:52.693		0.93504			4
2025.10.01	00:44:53.110		0.93503			4
2025.10.01	00:44:53.609		0.93497			4
2025.10.01	00:44:54.635		0.93500			4
2025.10.01	00:44:55.213		0.93505			4
2025.10.01	00:44:56.622	0.93372	0.93504			6
2025.10.01	00:44:56.925	0.93373	0.93503			6
2025.10.01	00:44:57.267		0.93506			4
2025.10.01	00:44:58.767		0.93504			4
2025.10.01	00:44:59.136		0.93506			4
2025.10.01	00:44:59.442		0.93503			4
2025.10.01	00:45:00.243	0.93373	0.93505			6
2025.10.01	00:45:00.566	0.93376	0.93506			6
2025.10.01	00:45:00.872		0.93504			4
2025.10.01	00:45:01.548		0.93505			4
2025.10.01	00:45:01.857	0.93375	0.93509			6
2025.10.01	00:45:02.162		0.93506			4
2025.10.01	00:45:02.727		0.93507			4
2025.10.01	00:45:03.279	0.93368	0.93509			6
2025.10.01	00:45:05.202	0.93367				2
2025.10.01	00:45:05.506	0.93368				2
2025.10.01	00:45:05.806	0.93369	0.93510			6
2025.10.01	00:45:06.155	0.93368	0.93509			6
2025.10.01	00:45:06.457	0.93369	0.93510			6
2025.10.01	00:45:06.809	0.93375	0.93505			6
2025.10.01	00:45:08.849		0.93506			4
2025.10.01	00:45:10.761	0.93393	0.93488			6
2025.10.01	00:45:13.362	0.93397	0.93489			6
2025.10.01	00:45:13.662	0.93398				2
2025.10.01	00:45:14.302	0.93399	0.93487			6
2025.10.01	00:45:14.605		0.93488			4
2025.10.01	00:45:14.939	0.93401	0.93486			6
2025.10.01	00:45:15.251	0.93400				2
2025.10.01	00:45:15.555	0.93402	0.93485			6
2025.10.01	00:45:15.857	0.93400	0.93487			6
2025.10.01	00:45:16.184	0.93401	0.93486			6
2025.10.01	00:45:16.497	0.93400				2
2025.10.01	00:45:16.822	0.93401				2
2025.10.01	00:45:17.132	0.93402				2
2025.10.01	00:45:17.440	0.93401	0.93484			6
2025.10.01	00:45:17.743	0.93402				2
2025.10.01	00:45:18.058	0.93401	0.93486			6
2025.10.01	00:45:18.389	0.93403	0.93485			6
2025.10.01	00:45:18.699	0.93393	0.93484			6
2025.10.01	00:45:19.341		0.93483			4
2025.10.01	00:45:19.833		0.93484			4
2025.10.01	00:45:24.978		0.93483			4
2025.10.01	00:45:26.164		0.93484			4
2025.10.01	00:45:26.486		0.93483			4
2025.10.01	00:45:27.177		0.93484			4
2025.10.01	00:45:27.495		0.93483			4
2025.10.01	00:45:31.838		0.93482			4
2025.10.01	00:45:32.140		0.93483			4
2025.10.01	00:45:32.442		0.93482			4
2025.10.01	00:45:32.848	0.93401				2
2025.10.01	00:45:33.612	0.93400				2
2025.10.01	00:45:34.843	0.93399				2
2025.10.01	00:45:38.376	0.93393				2
2025.10.01	00:45:39.306	0.93402				2
2025.10.01	00:45:54.246	0.93405	0.93481			6
2025.10.01	00:45:54.885		0.93483			4
2025.10.01	00:45:55.932	0.93397				2
2025.10.01	00:45:57.397		0.93481			4
2025.10.01	00:46:01.587	0.93397				2
2025.10.01	00:46:03.675		0.93482			4
2025.10.01	00:46:04.668	0.93405				2
2025.10.01	00:46:05.885	0.93397				2
2025.10.01	00:46:08.080		0.93481			4
2025.10.01	00:46:10.242		0.93484			4
2025.10.01	00:46:11.086		0.93483			4
2025.10.01	00:46:12.959		0.93482			4
2025.10.01	00:46:13.325		0.93481			4
2025.10.01	00:46:13.665		0.93483			4
2025.10.01	00:46:14.010		0.93481			4
2025.10.01	00:46:14.649		0.93482			4
2025.10.01	00:46:14.983		0.93480			4
2025.10.01	00:46:15.294		0.93479			4
2025.10.01	00:46:18.673		0.93478			4
2025.10.01	00:46:25.054		0.93479			4
2025.10.01	00:46:31.080	0.93396	0.93480			6
2025.10.01	00:46:33.674		0.93481			4
2025.10.01	00:46:35.577		0.93480			4
2025.10.01	00:46:36.217		0.93479			4
2025.10.01	00:46:36.563		0.93481			4
2025.10.01	00:46:37.483		0.93480			4
2025.10.01	00:46:38.024		0.93481			4
2025.10.01	00:46:39.651	0.93392				2
2025.10.01	00:46:40.856	0.93395				2
2025.10.01	00:46:41.221		0.93476			4
2025.10.01	00:46:42.281		0.93477			4
2025.10.01	00:46:43.045		0.93480			4
2025.10.01	00:46:43.663		0.93482			4
2025.10.01	00:46:45.542		0.93477			4
2025.10.01	00:46:48.816		0.93479			4
2025.10.01	00:46:49.118		0.93477			4
2025.10.01	00:46:49.457		0.93476			4
2025.10.01	00:46:53.813		0.93477			4
2025.10.01	00:46:58.181		0.93476			4
2025.10.01	00:46:59.447		0.93477			4
2025.10.01	00:47:00.265	0.93395				2
2025.10.01	00:47:03.162	0.93393	0.93479			6
2025.10.01	00:47:06.408	0.93401	0.93476			6
2025.10.01	00:47:06.721	0.93402				2
2025.10.01	00:47:07.341		0.93478			4
2025.10.01	00:47:08.849	0.93406	0.93479			6
2025.10.01	00:47:10.021	0.93403	0.93481			6
2025.10.01	00:47:11.741		0.93480			4
2025.10.01	00:47:12.058		0.93481			4
2025.10.01	00:47:13.167		0.93482			4
2025.10.01	00:47:13.515		0.93481			4
2025.10.01	00:47:14.126		0.93480			4
2025.10.01	00:47:15.070		0.93479			4
2025.10.01	00:47:15.379		0.93478			4
2025.10.01	00:47:16.098		0.93479			4
2025.10.01	00:47:17.038	0.93400	0.93480			6
2025.10.01	00:47:17.338		0.93481			4
2025.10.01	00:47:18.978		0.93479			4
2025.10.01	00:47:19.282		0.93480			4
2025.10.01	00:47:19.597	0.93381	0.93473			6
2025.10.01	00:47:19.899	0.93385	0.93474			6
2025.10.01	00:47:20.218	0.93388				2
2025.10.01	00:47:20.535	0.93396				2
2025.10.01	00:47:20.837		0.93475			4
2025.10.01	00:47:21.488		0.93476			4
2025.10.01	00:47:21.805		0.93479			4
2025.10.01	00:47:22.758		0.93480			4
2025.10.01	00:47:23.065		0.93479			4
2025.10.01	00:47:24.177		0.93480			4
2025.10.01	00:47:24.793		0.93479			4
2025.10.01	00:47:25.858		0.93480			4
2025.10.01	00:47:27.130		0.93478			4
2025.10.01	00:47:28.272		0.93477			4
2025.10.01	00:47:28.993	0.93393	0.93476			6
2025.10.01	00:47:29.572	0.93396	0.93482			6
2025.10.01	00:47:29.879		0.93483			4
2025.10.01	00:47:30.646		0.93482			4
2025.10.01	00:47:31.115	0.93400	0.93481			6
2025.10.01	00:47:32.651	0.93397	0.93483			6
2025.10.01	00:47:33.294		0.93481			4
2025.10.01	00:47:35.440	0.93404	0.93480			6
2025.10.01	00:47:37.234	0.93401	0.93482			6
2025.10.01	00:47:37.539		0.93483			4
2025.10.01	00:47:37.860	0.93400	0.93484			6
2025.10.01	00:47:38.257	0.93404				2
2025.10.01	00:47:39.950		0.93483			4
2025.10.01	00:47:43.482		0.93484			4
2025.10.01	00:47:46.214		0.93483			4
2025.10.01	00:47:47.078		0.93484			4
2025.10.01	00:47:47.523		0.93482			4
2025.10.01	00:47:48.141		0.93480			4
2025.10.01	00:47:48.799		0.93481			4
2025.10.01	00:47:49.107		0.93479			4
2025.10.01	00:47:49.419		0.93480			4
2025.10.01	00:47:50.361		0.93481			4
2025.10.01	00:47:50.997		0.93480			4
2025.10.01	00:47:51.601		0.93481			4
2025.10.01	00:47:52.216		0.93480			4
2025.10.01	00:47:52.843		0.93481			4
2025.10.01	00:47:53.158		0.93480			4
2025.10.01	00:47:53.479		0.93481			4
2025.10.01	00:47:54.397		0.93480			4
2025.10.01	00:47:54.700		0.93481			4
2025.10.01	00:47:55.321		0.93482			4
2025.10.01	00:47:55.631		0.93481			4
2025.10.01	00:47:57.192		0.93482			4
2025.10.01	00:47:57.498		0.93481			4
2025.10.01	00:48:00.004	0.93404	0.93482			6
2025.10.01	00:48:00.317		0.93481			4
2025.10.01	00:48:03.419		0.93480			4
2025.10.01	00:48:05.958		0.93481			4
2025.10.01	00:48:06.266		0.93480			4
2025.10.01	00:48:06.580		0.93479			4
2025.10.01	00:48:06.880		0.93480			4
2025.10.01	00:48:07.199		0.93479			4
2025.10.01	00:48:07.517		0.93480			4
2025.10.01	00:48:07.818		0.93479			4
2025.10.01	00:48:08.429		0.93480			4
2025.10.01	00:48:08.737		0.93479			4
2025.10.01	00:48:09.360		0.93480			4
2025.10.01	00:48:11.230		0.93481			4
2025.10.01	00:48:12.146		0.93480			4
2025.10.01	00:48:12.760		0.93481			4
2025.10.01	00:48:13.071		0.93479			4
2025.10.01	00:48:13.378		0.93480			4
2025.10.01	00:48:13.698		0.93479			4
2025.10.01	00:48:14.005		0.93480			4
2025.10.01	00:48:16.818		0.93481			4
2025.10.01	00:48:17.127		0.93480			4
2025.10.01	00:48:17.739		0.93478			4
2025.10.01	00:48:18.677		0.93477			4
2025.10.01	00:48:18.978		0.93478			4
2025.10.01	00:48:19.285		0.93477			4
2025.10.01	00:48:19.598		0.93479			4
2025.10.01	00:48:20.235		0.93478			4
2025.10.01	00:48:20.538		0.93477			4
2025.10.01	00:48:20.845		0.93478			4
2025.10.01	00:48:21.145		0.93477			4
2025.10.01	00:48:22.441		0.93478			4
2025.10.01	00:48:22.748		0.93477			4
2025.10.01	00:48:23.679		0.93478			4
2025.10.01	00:48:24.609		0.93477			4
2025.10.01	00:48:24.910		0.93478			4
2025.10.01	00:48:25.220		0.93477			4
2025.10.01	00:48:25.840		0.93478			4
2025.10.01	00:48:26.158		0.93479			4
2025.10.01	00:48:27.380		0.93478			4
2025.10.01	00:48:27.698		0.93479			4
2025.10.01	00:48:28.634		0.93480			4
2025.10.01	00:48:29.251		0.93479			4
2025.10.01	00:48:29.557		0.93480			4
2025.10.01	00:48:30.177		0.93479			4
2025.10.01	00:48:32.042		0.93480			4
2025.10.01	00:48:32.738		0.93479			4
2025.10.01	00:48:33.213		0.93481			4
2025.10.01	00:48:38.257		0.93480			4
2025.10.01	00:48:38.557		0.93481			4
2025.10.01	00:48:38.859		0.93480			4
2025.10.01	00:48:40.150		0.93481			4
2025.10.01	00:48:40.760		0.93480			4
2025.10.01	00:48:41.071		0.93481			4
2025.10.01	00:48:41.378		0.93480			4
2025.10.01	00:48:42.617		0.93481			4
2025.10.01	00:48:42.925		0.93482			4
2025.10.01	00:48:43.226		0.93481			4
2025.10.01	00:48:43.862		0.93482			4
2025.10.01	00:48:44.479		0.93481			4
2025.10.01	00:48:45.738		0.93480			4
2025.10.01	00:48:46.376		0.93481			4
2025.10.01	00:48:46.677		0.93480			4
2025.10.01	00:48:47.597		0.93481			4
2025.10.01	00:48:48.520		0.93479			4
2025.10.01	00:48:49.477		0.93480			4
2025.10.01	00:48:49.780		0.93479			4
2025.10.01	00:48:50.082		0.93480			4
2025.10.01	00:48:50.712		0.93479			4
2025.10.01	00:48:51.017		0.93480			4
2025.10.01	00:48:51.325		0.93479			4
2025.10.01	00:48:52.887		0.93478			4
2025.10.01	00:48:53.222		0.93479			4
2025.10.01	00:48:53.539		0.93478			4
2025.10.01	00:48:54.479		0.93479			4
2025.10.01	00:48:54.796		0.93477			4
2025.10.01	00:48:56.337		0.93478			4
2025.10.01	00:48:56.640		0.93476			4
2025.10.01	00:48:56.959		0.93477			4
2025.10.01	00:48:57.580		0.93478			4
2025.10.01	00:48:58.498		0.93477			4
2025.10.01	00:48:59.429		0.93479			4
2025.10.01	00:49:00.057	0.93404	0.93480			6
2025.10.01	00:49:00.372		0.93479			4
2025.10.01	00:49:00.678		0.93480			4
2025.10.01	00:49:00.983		0.93479			4
2025.10.01	00:49:01.604		0.93480			4
2025.10.01	00:49:01.920		0.93478			4
2025.10.01	00:49:02.530		0.93479			4
2025.10.01	00:49:02.838		0.93478			4
2025.10.01	00:49:03.761		0.93479			4
2025.10.01	00:49:04.077		0.93478			4
2025.10.01	00:49:04.717		0.93481			4
2025.10.01	00:49:05.019		0.93480			4
2025.10.01	00:49:05.321		0.93481			4
2025.10.01	00:49:05.939		0.93480			4
2025.10.01	00:49:06.575		0.93481			4
2025.10.01	00:49:07.517		0.93480			4
2025.10.01	00:49:07.818		0.93481			4
2025.10.01	00:49:08.119		0.93480			4
2025.10.01	00:49:08.421		0.93481			4
2025.10.01	00:49:09.038		0.93479			4
2025.10.01	00:49:09.339		0.93478			4
2025.10.01	00:49:09.656	0.93401	0.93475			6
2025.10.01	00:49:10.293		0.93476			4
2025.10.01	00:49:10.600		0.93474			4
2025.10.01	00:49:10.907		0.93476			4
2025.10.01	00:49:11.837		0.93477			4
2025.10.01	00:49:12.142		0.93476			4
2025.10.01	00:49:12.458		0.93477			4
2025.10.01	00:49:12.758		0.93476			4
2025.10.01	00:49:13.078		0.93475			4
2025.10.01	00:49:13.381		0.93476			4
2025.10.01	00:49:13.999		0.93475			4
2025.10.01	00:49:14.938		0.93476			4
2025.10.01	00:49:15.239		0.93477			4
2025.10.01	00:49:15.558		0.93476			4
2025.10.01	00:49:16.480		0.93477			4
2025.10.01	00:49:16.781		0.93476			4
2025.10.01	00:49:17.098		0.93477			4
2025.10.01	00:49:17.701		0.93476			4
2025.10.01	00:49:18.012		0.93474			4
2025.10.01	00:49:18.656		0.93475			4
2025.10.01	00:49:18.975		0.93477			4
2025.10.01	00:49:19.586		0.93476			4
2025.10.01	00:49:19.898		0.93477			4
2025.10.01	00:49:20.204		0.93476			4
2025.10.01	00:49:20.517		0.93477			4
2025.10.01	00:49:20.836		0.93476			4
2025.10.01	00:49:22.997		0.93475			4
2025.10.01	00:49:23.305		0.93477			4
2025.10.01	00:49:23.606		0.93476			4
2025.10.01	00:49:24.229		0.93477			4
2025.10.01	00:49:24.543		0.93478			4
2025.10.01	00:49:24.851		0.93477			4
2025.10.01	00:49:25.777		0.93478			4
2025.10.01	00:49:26.699		0.93477			4
2025.10.01	00:49:27.017		0.93478			4
2025.10.01	00:49:27.619		0.93477			4
2025.10.01	00:49:28.238		0.93478			4
2025.10.01	00:49:28.541		0.93477			4
2025.10.01	00:49:28.857	0.93405	0.93478			6
2025.10.01	00:49:30.703		0.93479			4
2025.10.01	00:49:31.017		0.93478			4
2025.10.01	00:49:31.337		0.93479			4
2025.10.01	00:49:31.643		0.93477			4
2025.10.01	00:49:31.950		0.93478			4
2025.10.01	00:49:32.897		0.93479			4
2025.10.01	00:49:33.204		0.93477			4
2025.10.01	00:49:34.343		0.93478			4
2025.10.01	00:49:40.430		0.93476			4
2025.10.01	00:49:42.065		0.93479			4
2025.10.01	00:49:59.804		0.93477			4
2025.10.01	00:50:01.877	0.93405				2
2025.10.01	00:50:12.268		0.93473			4
2025.10.01	00:50:16.940		0.93472			4
2025.10.01	00:50:20.983		0.93471			4
2025.10.01	00:50:21.299		0.93473			4
2025.10.01	00:50:21.661		0.93471			4
2025.10.01	00:50:26.075		0.93472			4
2025.10.01	00:50:26.976		0.93474			4
2025.10.01	00:50:33.023		0.93473			4
2025.10.01	00:50:36.350		0.93472			4
2025.10.01	00:50:36.783		0.93474			4
2025.10.01	00:50:43.079		0.93476			4
2025.10.01	00:50:50.919	0.93411				2
2025.10.01	00:50:51.972		0.93477			4
2025.10.01	00:50:52.325		0.93476			4
2025.10.01	00:51:00.513	0.93411	0.93474			6
2025.10.01	00:51:01.062	0.93407				2
2025.10.01	00:51:03.286		0.93473			4
2025.10.01	00:51:10.380		0.93474			4
2025.10.01	00:51:11.903		0.93475			4
2025.10.01	00:51:13.928		0.93473			4
2025.10.01	00:51:17.752	0.93393	0.93470			6
2025.10.01	00:51:18.144	0.93397				2
2025.10.01	00:51:18.809		0.93472			4
2025.10.01	00:51:19.126	0.93392	0.93470			6
2025.10.01	00:51:19.823		0.93469			4
2025.10.01	00:51:21.034	0.93397	0.93473			6
2025.10.01	00:51:21.338		0.93472			4
2025.10.01	00:51:21.884		0.93473			4
2025.10.01	00:51:23.214		0.93472			4
2025.10.01	00:51:23.532		0.93473			4
2025.10.01	00:51:25.994	0.93402	0.93475			6
2025.10.01	00:51:27.990		0.93474			4
2025.10.01	00:51:30.353		0.93472			4
2025.10.01	00:51:30.656	0.93395	0.93473			6
2025.10.01	00:51:35.011	0.93390	0.93469			6
2025.10.01	00:51:36.086	0.93394	0.93472			6
2025.10.01	00:51:38.847	0.93391	0.93471			6
2025.10.01	00:51:39.887		0.93472			4
2025.10.01	00:51:40.352	0.93394	0.93473			6
2025.10.01	00:51:40.659	0.93400	0.93475			6
2025.10.01	00:51:40.960	0.93394	0.93474			6
2025.10.01	00:51:42.166	0.93395				2
2025.10.01	00:51:43.270	0.93401	0.93475			6
2025.10.01	00:51:49.408	0.93395	0.93474			6
2025.10.01	00:51:50.025		0.93473			4
2025.10.01	00:51:51.259		0.93472			4
2025.10.01	00:51:53.517	0.93400	0.93475			6
2025.10.01	00:51:56.267		0.93476			4
2025.10.01	00:51:59.671		0.93477			4
2025.10.01	00:52:04.230	0.93400	0.93476			6
2025.10.01	00:52:06.349		0.93477			4
2025.10.01	00:52:06.728		0.93476			4
2025.10.01	00:52:08.464	0.93405	0.93477			6
2025.10.01	00:52:10.467		0.93478			4
2025.10.01	00:52:19.635		0.93477			4
2025.10.01	00:52:21.906		0.93475			4
2025.10.01	00:52:30.687		0.93474			4
2025.10.01	00:52:31.539		0.93475			4
2025.10.01	00:52:32.603		0.93476			4
2025.10.01	00:52:36.964		0.93474			4
2025.10.01	00:52:38.372		0.93476			4
2025.10.01	00:52:46.127		0.93475			4
2025.10.01	00:52:47.351	0.93400	0.93476			6
2025.10.01	00:52:58.178	0.93394	0.93473			6
2025.10.01	00:53:01.538	0.93394				2
2025.10.01	00:53:07.880	0.93400				2
2025.10.01	00:53:08.420		0.93477			4
2025.10.01	00:53:11.604	0.93404				2
2025.10.01	00:53:47.373		0.93478			4
2025.10.01	00:53:51.089		0.93477			4
2025.10.01	00:53:51.594	0.93400	0.93474			6
2025.10.01	00:53:52.886		0.93475			4
2025.10.01	00:54:00.843	0.93403	0.93476			6
2025.10.01	00:54:01.166	0.93400	0.93477			6
2025.10.01	00:54:01.597	0.93404	0.93476			6
2025.10.01	00:54:03.007		0.93478			4
2025.10.01	00:54:08.405	0.93405	0.93477			6
2025.10.01	00:54:09.454		0.93480			4
2025.10.01	00:54:13.978	0.93408				2
2025.10.01	00:54:20.878	0.93404	0.93478			6
2025.10.01	00:54:23.404		0.93477			4
2025.10.01	00:54:29.032	0.93400				2
2025.10.01	00:54:30.839	0.93403	0.93478			6
2025.10.01	00:54:32.811	0.93406	0.93481			6
2025.10.01	00:54:34.347		0.93480			4
2025.10.01	00:54:34.816		0.93482			4
2025.10.01	00:54:35.818		0.93481			4
2025.10.01	00:54:47.358	0.93403				2
2025.10.01	00:54:49.581		0.93480			4
2025.10.01	00:55:01.787	0.93403				2
2025.10.01	00:55:06.580		0.93479			4
2025.10.01	00:55:07.113	0.93400				2
2025.10.01	00:55:09.001		0.93478			4
2025.10.01	00:55:10.918		0.93477			4
2025.10.01	00:55:12.174		0.93476			4
2025.10.01	00:55:13.938		0.93477			4
2025.10.01	00:55:17.057	0.93396	0.93476			6
2025.10.01	00:55:17.481	0.93392				2
2025.10.01	00:55:18.102	0.93389	0.93477			6
2025.10.01	00:55:18.418	0.93388				2
2025.10.01	00:55:19.480	0.93399	0.93478			6
2025.10.01	00:55:20.152		0.93475			4
2025.10.01	00:55:20.877	0.93393				2
2025.10.01	00:55:21.227	0.93386	0.93476			6
2025.10.01	00:55:27.422	0.93389	0.93477			6
2025.10.01	00:55:31.009	0.93384				2
2025.10.01	00:55:41.869	0.93387	0.93476			6
2025.10.01	00:55:47.256	0.93389				2
2025.10.01	00:55:47.857	0.93384				2
2025.10.01	00:55:51.886	0.93390	0.93475			6
2025.10.01	00:55:55.086		0.93476			4
2025.10.01	00:56:05.517	0.93380	0.93472			6
2025.10.01	00:56:05.818	0.93378				2
2025.10.01	00:56:06.981	0.93383	0.93474			6
2025.10.01	00:56:08.012		0.93473			4
2025.10.01	00:56:08.379	0.93381	0.93474			6
2025.10.01	00:56:08.986	0.93384	0.93476			6
2025.10.01	00:56:11.104	0.93389	0.93474			6
2025.10.01	00:56:12.557	0.93384				2
2025.10.01	00:56:18.846	0.93389				2
2025.10.01	00:56:22.169		0.93475			4
2025.10.01	00:56:26.449	0.93390				2
2025.10.01	00:56:26.994	0.93391				2
2025.10.01	00:56:31.092		0.93473			4
2025.10.01	00:56:32.168		0.93474			4
2025.10.01	00:56:33.147	0.93382	0.93472			6
2025.10.01	00:56:33.472	0.93385	0.93471			6
2025.10.01	00:56:34.994		0.93472			4
2025.10.01	00:56:35.993		0.93471			4
2025.10.01	00:56:36.315		0.93472			4
2025.10.01	00:56:37.203		0.93473			4
2025.10.01	00:56:37.987		0.93475			4
2025.10.01	00:56:38.991	0.93382	0.93476			6
2025.10.01	00:56:39.744		0.93477			4
2025.10.01	00:56:40.058	0.93388	0.93478			6
2025.10.01	00:56:41.000	0.93378	0.93474			6
2025.10.01	00:56:41.320	0.93382	0.93473			6
2025.10.01	00:56:42.198	0.93389	0.93474			6
2025.10.01	00:56:43.568	0.93383	0.93473			6
2025.10.01	00:56:44.041	0.93381	0.93472			6
2025.10.01	00:56:44.603		0.93473			4
2025.10.01	00:56:44.913		0.93472			4
2025.10.01	00:56:46.246	0.93387	0.93473			6
2025.10.01	00:56:46.989	0.93381	0.93471			6
2025.10.01	00:56:47.299		0.93473			4
2025.10.01	00:56:48.989	0.93389	0.93474			6
2025.10.01	00:56:49.369	0.93383				2
2025.10.01	00:56:50.011	0.93388				2
2025.10.01	00:56:50.992		0.93476			4
2025.10.01	00:56:51.298	0.93389				2
2025.10.01	00:56:51.621		0.93475			4
2025.10.01	00:56:52.318	0.93382	0.93476			6
2025.10.01	00:56:52.623	0.93386	0.93477			6
2025.10.01	00:56:53.062		0.93476			4
2025.10.01	00:56:53.385	0.93382	0.93473			6
2025.10.01	00:56:53.698		0.93470			4
2025.10.01	00:56:54.004	0.93381	0.93469			6
2025.10.01	00:56:54.347		0.93470			4
2025.10.01	00:56:54.816		0.93469			4
2025.10.01	00:56:55.117		0.93470			4
2025.10.01	00:56:56.353		0.93469			4
2025.10.01	00:56:57.324		0.93470			4
2025.10.01	00:56:58.990	0.93388	0.93471			6
2025.10.01	00:56:59.990	0.93382	0.93474			6
2025.10.01	00:57:00.427	0.93382				2
2025.10.01	00:57:01.010		0.93477			4
2025.10.01	00:57:01.521	0.93387	0.93478			6
2025.10.01	00:57:01.909		0.93479			4
2025.10.01	00:57:02.922	0.93390	0.93480			6
2025.10.01	00:57:03.986		0.93483			4
2025.10.01	00:57:05.683		0.93481			4
2025.10.01	00:57:06.015		0.93479			4
2025.10.01	00:57:06.436		0.93478			4
2025.10.01	00:57:06.772		0.93479			4
2025.10.01	00:57:08.722	0.93394	0.93480			6
2025.10.01	00:57:09.390	0.93387	0.93481			6
2025.10.01	00:57:09.699	0.93388	0.93478			6
2025.10.01	00:57:10.003	0.93387				2
2025.10.01	00:57:10.309	0.93394	0.93480			6
2025.10.01	00:57:12.079		0.93479			4
2025.10.01	00:57:12.403	0.93396				2
2025.10.01	00:57:15.621	0.93394	0.93480			6
2025.10.01	00:57:16.478	0.93397				2
2025.10.01	00:57:17.106		0.93479			4
2025.10.01	00:57:20.084	0.93398				2
2025.10.01	00:57:25.173	0.93397	0.93478			6
2025.10.01	00:57:27.061		0.93479			4
2025.10.01	00:57:27.751		0.93478			4
2025.10.01	00:57:36.281		0.93477			4
2025.10.01	00:57:38.250	0.93400				2
2025.10.01	00:57:46.043		0.93478			4
2025.10.01	00:57:46.348		0.93479			4
2025.10.01	00:57:53.039	0.93397	0.93480			6
2025.10.01	00:57:55.514	0.93400				2
2025.10.01	00:57:59.299	0.93394	0.93479			6
2025.10.01	00:57:59.601	0.93398	0.93480			6
2025.10.01	00:58:00.406	0.93400				2
2025.10.01	00:58:07.812	0.93399	0.93478			6
2025.10.01	00:58:08.335		0.93477			4
2025.10.01	00:58:10.437		0.93479			4
2025.10.01	00:58:10.971	0.93398				2
2025.10.01	00:58:11.278		0.93478			4
2025.10.01	00:58:12.351		0.93477			4
2025.10.01	00:58:29.524	0.93401				2
2025.10.01	00:58:29.979	0.93397				2
2025.10.01	00:58:30.843		0.93479			4
2025.10.01	00:58:32.681	0.93386	0.93481			6
2025.10.01	00:58:32.998	0.93334	0.93529			6
2025.10.01	00:58:33.318	0.93331	0.93522			6
2025.10.01	00:58:33.627		0.93510			4
2025.10.01	00:58:33.939		0.93529			4
2025.10.01	00:58:34.240		0.93530			4
2025.10.01	00:58:34.558	0.93327	0.93521			6
2025.10.01	00:58:34.879	0.93342	0.93500			6
2025.10.01	00:58:35.180	0.93346	0.93511			6
2025.10.01	00:58:35.499	0.93335				2
2025.10.01	00:58:35.800		0.93503			4
2025.10.01	00:58:36.119	0.93339	0.93504			6
2025.10.01	00:58:36.438		0.93502			4
2025.10.01	00:58:36.739		0.93503			4
2025.10.01	00:58:37.058		0.93519			4
2025.10.01	00:58:37.377		0.93514			4
2025.10.01	00:58:37.698		0.93512			4
2025.10.01	00:58:38.018		0.93514			4
2025.10.01	00:58:38.319		0.93513			4
2025.10.01	00:58:38.638		0.93509			4
2025.10.01	00:58:38.940	0.93346	0.93510			6
2025.10.01	00:58:39.258	0.93340				2
2025.10.01	00:58:39.578		0.93511			4
2025.10.01	00:58:39.898		0.93513			4
2025.10.01	00:58:40.518		0.93511			4
2025.10.01	00:58:40.838		0.93513			4
2025.10.01	00:58:41.140		0.93512			4
2025.10.01	00:58:41.446	0.93345	0.93511			6
2025.10.01	00:58:41.767	0.93355	0.93495			6
2025.10.01	00:58:42.132	0.93358	0.93496			6
2025.10.01	00:58:42.438	0.93359	0.93498			6
2025.10.01	00:58:42.779	0.93361	0.93521			6
2025.10.01	00:58:43.081	0.93371	0.93524			6
2025.10.01	00:58:43.383	0.93359	0.93526			6
2025.10.01	00:58:43.697	0.93373	0.93530			6
2025.10.01	00:58:44.000	0.93381	0.93517			6
2025.10.01	00:58:44.318	0.93379	0.93513			6
2025.10.01	00:58:44.620		0.93520			4
2025.10.01	00:58:44.938	0.93362	0.93530			6
2025.10.01	00:58:45.257	0.93377	0.93523			6
2025.10.01	00:58:45.578		0.93511			4
2025.10.01	00:58:45.881		0.93515			4
2025.10.01	00:58:46.204	0.93382				2
2025.10.01	00:58:46.518		0.93514			4
2025.10.01	00:58:46.838	0.93388	0.93512			6
2025.10.01	00:58:47.157	0.93381				2
2025.10.01	00:58:47.477		0.93508			4
2025.10.01	00:58:47.797		0.93505			4
2025.10.01	00:58:48.099	0.93374	0.93503			6
2025.10.01	00:58:48.419	0.93378	0.93506			6
2025.10.01	00:58:48.725	0.93379	0.93508			6
2025.10.01	00:58:49.041	0.93370	0.93506			6
2025.10.01	00:58:49.352	0.93374	0.93503			6
2025.10.01	00:58:49.756		0.93501			4
2025.10.01	00:58:50.057		0.93502			4
2025.10.01	00:58:50.359		0.93500			4
2025.10.01	00:58:50.678		0.93501			4
2025.10.01	00:58:50.998		0.93498			4
2025.10.01	00:58:51.319	0.93364	0.93497			6
2025.10.01	00:58:52.259	0.93343	0.93498			6
2025.10.01	00:58:52.578	0.93347	0.93490			6
2025.10.01	00:58:52.898	0.93340	0.93502			6
2025.10.01	00:58:53.218	0.93346	0.93493			6
2025.10.01	00:58:54.160	0.93342	0.93504			6
2025.10.01	00:58:54.477		0.93503			4
2025.10.01	00:58:54.780	0.93353	0.93495			6
2025.10.01	00:58:59.180	0.93347	0.93489			6
2025.10.01	00:59:00.118	0.93343	0.93528			6
2025.10.01	00:59:00.418	0.93372	0.93512			6
2025.10.01	00:59:00.738	0.93360	0.93523			6
2025.10.01	00:59:01.058	0.93364	0.93526			6
2025.10.01	00:59:01.377	0.93355	0.93490			6
2025.10.01	00:59:01.680	0.93348	0.93483			6
2025.10.01	00:59:01.998	0.93345	0.93507			6
2025.10.01	00:59:02.302	0.93357	0.93503			6
2025.10.01	00:59:02.618	0.93361	0.93496			6
2025.10.01	00:59:03.558	0.93348	0.93492			6
2025.10.01	00:59:04.819	0.93354				2
2025.10.01	00:59:08.279	0.93353	0.93486			6
2025.10.01	00:59:08.898	0.93356	0.93512			6
2025.10.01	00:59:09.200	0.93368	0.93509			6
2025.10.01	00:59:09.518	0.93375	0.93524			6
2025.10.01	00:59:09.820		0.93521			4
2025.10.01	00:59:10.138	0.93378	0.93519			6
2025.10.01	00:59:10.441	0.93379	0.93515			6
2025.10.01	00:59:10.745		0.93527			4
2025.10.01	00:59:11.055	0.93371	0.93521			6
2025.10.01	00:59:11.358	0.93379	0.93524			6
2025.10.01	00:59:12.298	0.93382	0.93530			6
2025.10.01	00:59:12.937		0.93529			4
2025.10.01	00:59:13.239		0.93527			4
2025.10.01	00:59:13.542	0.93383	0.93522			6
2025.10.01	00:59:14.178		0.93521			4
2025.10.01	00:59:14.479		0.93510			4
2025.10.01	00:59:14.798	0.93369	0.93504			6
2025.10.01	00:59:15.118	0.93379	0.93505			6
2025.10.01	00:59:15.420	0.93363	0.93501			6
2025.10.01	00:59:15.738		0.93503			4
2025.10.01	00:59:16.058	0.93368	0.93504			6
2025.10.01	00:59:16.678		0.93507			4
2025.10.01	00:59:16.998	0.93372	0.93504			6
2025.10.01	00:59:17.300	0.93366	0.93501			6
2025.10.01	00:59:17.938	0.93335	0.93505			6
2025.10.01	00:59:18.258	0.93338	0.93504			6
2025.10.01	00:59:18.561	0.93366	0.93508			6
2025.10.01	00:59:18.878	0.93363	0.93506			6
2025.10.01	00:59:19.179		0.93507			4
2025.10.01	00:59:19.498	0.93349				2
2025.10.01	00:59:19.818		0.93504			4
2025.10.01	00:59:20.121	0.93346	0.93505			6
2025.10.01	00:59:20.439		0.93504			4
2025.10.01	00:59:20.758	0.93349	0.93507			6
2025.10.01	00:59:21.060	0.93338	0.93509			6
2025.10.01	00:59:21.378	0.93335	0.93503			6
2025.10.01	00:59:21.698		0.93509			4
2025.10.01	00:59:22.000	0.93347	0.93512			6
2025.10.01	00:59:22.318	0.93335	0.93508			6
2025.10.01	00:59:22.638		0.93510			4
2025.10.01	00:59:22.958	0.93346	0.93515			6
2025.10.01	00:59:23.259	0.93343	0.93509			6
2025.10.01	00:59:23.578	0.93335	0.93513			6
2025.10.01	00:59:23.880	0.93339				2
2025.10.01	00:59:24.198	0.93343	0.93514			6
2025.10.01	00:59:24.500	0.93335	0.93515			6
2025.10.01	00:59:24.818		0.93511			4
2025.10.01	00:59:25.438		0.93508			4
2025.10.01	00:59:25.757		0.93512			4
2025.10.01	00:59:26.058	0.93342	0.93511			6
2025.10.01	00:59:26.377	0.93335				2
2025.10.01	00:59:26.680		0.93509			4
2025.10.01	00:59:26.998		0.93512			4
2025.10.01	00:59:27.920		0.93514			4
2025.10.01	00:59:28.238	0.93351	0.93513			6
2025.10.01	00:59:28.558	0.93335	0.93524			6
2025.10.01	00:59:28.859	0.93354	0.93533			6
2025.10.01	00:59:29.177	0.93376	0.93518			6
2025.10.01	00:59:29.478		0.93526			4
2025.10.01	00:59:29.797		0.93525			4
2025.10.01	00:59:30.099	0.93368	0.93530			6
2025.10.01	00:59:31.037	0.93379	0.93529			6
2025.10.01	00:59:31.343	0.93370	0.93527			6
2025.10.01	00:59:31.658	0.93382				2
2025.10.01	00:59:31.978		0.93521			4
2025.10.01	00:59:32.279		0.93514			4
2025.10.01	00:59:32.582		0.93515			4
2025.10.01	00:59:33.198		0.93514			4
2025.10.01	00:59:33.500		0.93512			4
2025.10.01	00:59:33.818		0.93516			4
2025.10.01	00:59:34.119	0.93383	0.93514			6
2025.10.01	00:59:34.422	0.93377	0.93505			6
2025.10.01	00:59:34.737	0.93352	0.93501			6
2025.10.01	00:59:35.038	0.93347	0.93497			6
2025.10.01	00:59:35.358	0.93336	0.93498			6
2025.10.01	00:59:35.659	0.93344	0.93499			6
2025.10.01	00:59:35.978		0.93503			4
2025.10.01	00:59:36.298	0.93338	0.93508			6
2025.10.01	00:59:36.917	0.93345	0.93514			6
2025.10.01	00:59:37.220	0.93344	0.93513			6
2025.10.01	00:59:37.539	0.93335				2
2025.10.01	00:59:38.158		0.93512			4
2025.10.01	00:59:38.478	0.93336	0.93507			6
2025.10.01	00:59:39.100		0.93509			4
2025.10.01	00:59:39.418		0.93508			4
2025.10.01	00:59:39.737		0.93509			4
2025.10.01	00:59:40.038		0.93510			4
2025.10.01	00:59:40.358	0.93343	0.93512			6
2025.10.01	00:59:40.677		0.93507			4
2025.10.01	00:59:40.979	0.93352	0.93513			6
2025.10.01	00:59:41.297	0.93361	0.93512			6
2025.10.01	00:59:41.599	0.93374	0.93516			6
2025.10.01	00:59:41.917	0.93360	0.93529			6
2025.10.01	00:59:42.238	0.93378	0.93526			6
2025.10.01	00:59:42.557		0.93513			4
2025.10.01	00:59:42.859		0.93526			4
2025.10.01	00:59:44.117	0.93370	0.93527			6
2025.10.01	00:59:44.438	0.93369	0.93518			6
2025.10.01	00:59:44.759	0.93383				2
2025.10.01	00:59:45.139		0.93509			4
2025.10.01	00:59:46.159	0.93387	0.93510			6
2025.10.01	00:59:46.483		0.93509			4
2025.10.01	00:59:48.238	0.93390	0.93512			6
2025.10.01	00:59:48.558	0.93347	0.93500			6
2025.10.01	00:59:48.879	0.93349	0.93503			6
2025.10.01	00:59:49.198	0.93353	0.93501			6
2025.10.01	00:59:49.500	0.93370	0.93505			6
2025.10.01	00:59:50.438	0.93356	0.93501			6
2025.10.01	00:59:50.758	0.93342	0.93532			6
2025.10.01	00:59:51.078	0.93354	0.93534			6
2025.10.01	00:59:51.379	0.93373	0.93504			6
2025.10.01	00:59:51.699		0.93507			4
2025.10.01	00:59:52.017		0.93510			4
2025.10.01	00:59:52.322		0.93509			4
2025.10.01	00:59:52.638		0.93508			4
2025.10.01	00:59:52.958	0.93368	0.93507			6
2025.10.01	00:59:53.260	0.93349	0.93506			6
2025.10.01	00:59:53.578		0.93501			4
2025.10.01	00:59:53.879	0.93356	0.93531			6
2025.10.01	00:59:54.198	0.93368	0.93506			6
2025.10.01	00:59:54.517		0.93508			4
2025.10.01	00:59:54.838	0.93378				2
2025.10.01	00:59:55.157	0.93377				2
2025.10.01	00:59:55.479		0.93504			4
2025.10.01	00:59:55.801		0.93503			4
2025.10.01	00:59:56.143		0.93504			4
2025.10.01	00:59:56.481	0.93343	0.93493			6
2025.10.01	00:59:56.797		0.93491			4
2025.10.01	00:59:57.522	0.93351				2
2025.10.01	00:59:58.044	0.93363	0.93493			6
2025.10.01	00:59:58.358	0.93346				2
2025.10.01	00:59:58.662		0.93497			4
2025.10.01	00:59:59.089		0.93501			4
2025.10.01	00:59:59.540	0.93368	0.93503			6
2025.10.01	00:59:59.856	0.93353	0.93492			6
2025.10.01	01:00:00.158	0.93328	0.93498			6
2025.10.01	01:00:00.464	0.93370	0.93513			6
2025.10.01	01:00:00.778		0.93521			4
2025.10.01	01:00:01.088	0.93393	0.93526			6
2025.10.01	01:00:01.399	0.93428	0.93502			6
2025.10.01	01:00:02.659	0.93395	0.93504			6
2025.10.01	01:00:02.970	0.93403	0.93503			6
2025.10.01	01:00:03.600	0.93377	0.93526			6
2025.10.01	01:00:03.939		0.93525			4
2025.10.01	01:00:04.242	0.93376				2
2025.10.01	01:00:04.592	0.93378	0.93526			6
2025.10.01	01:00:05.197	0.93376	0.93525			6
2025.10.01	01:00:05.548	0.93377				2
2025.10.01	01:00:05.897	0.93379	0.93526			6
2025.10.01	01:00:06.246	0.93382	0.93525			6
2025.10.01	01:00:06.551	0.93387	0.93519			6
2025.10.01	01:00:06.852	0.93391	0.93520			6
2025.10.01	01:00:07.171	0.93431	0.93487			6
2025.10.01	01:00:09.662	0.93428	0.93485			6
2025.10.01	01:00:13.418	0.93431	0.93484			6
2025.10.01	01:00:13.722	0.93429				2
2025.10.01	01:00:20.881	0.93431	0.93505			6
2025.10.01	01:00:21.199		0.93487			4
2025.10.01	01:00:22.138		0.93486			4
2025.10.01	01:00:22.780	0.93434	0.93484			6
2025.10.01	01:00:23.098	0.93431				2
2025.10.01	01:00:23.704	0.93447	0.93473			6
2025.10.01	01:00:24.019	0.93441	0.93471			6
2025.10.01	01:00:24.338	0.93447	0.93480			6
2025.10.01	01:00:24.659	0.93441	0.93471			6
2025.10.01	01:00:28.914	0.93431	0.93470			6
2025.10.01	01:00:33.523	0.93441				2
2025.10.01	01:00:34.832	0.93445				2
2025.10.01	01:00:35.155	0.93444				2
2025.10.01	01:00:35.484	0.93440				2
2025.10.01	01:00:35.794	0.93436	0.93469			6
2025.10.01	01:00:36.103		0.93470			4
2025.10.01	01:00:37.198	0.93431				2
2025.10.01	01:00:37.771	0.93429	0.93459			6
2025.10.01	01:00:38.128	0.93430	0.93470			6
2025.10.01	01:00:39.781	0.93431				2
2025.10.01	01:00:40.655	0.93429				2
2025.10.01	01:00:41.302	0.93431	0.93469			6
2025.10.01	01:00:41.719	0.93434	0.93471			6
2025.10.01	01:00:42.030	0.93431	0.93472			6
2025.10.01	01:00:42.393		0.93473			4
2025.10.01	01:00:43.812	0.93429	0.93474			6
2025.10.01	01:00:45.392	0.93431				2
2025.10.01	01:00:50.698		0.93473			4
2025.10.01	01:00:51.883		0.93474			4
2025.10.01	01:00:53.082		0.93473			4
2025.10.01	01:00:56.554		0.93480			4
2025.10.01	01:00:56.900	0.93432				2
2025.10.01	01:00:59.652	0.93434	0.93481			6
2025.10.01	01:00:59.958	0.93435	0.93479			6
2025.10.01	01:01:00.269	0.93433	0.93481			6
2025.10.01	01:01:00.598	0.93437	0.93491			6
2025.10.01	01:01:01.060	0.93436				2
2025.10.01	01:01:01.458	0.93437				2
2025.10.01	01:01:01.903	0.93433	0.93492			6
2025.10.01	01:01:02.218	0.93434	0.93489			6
2025.10.01	01:01:03.053		0.93492			4
2025.10.01	01:01:03.359	0.93447	0.93481			6
2025.10.01	01:01:03.683	0.93449	0.93482			6
2025.10.01	01:01:04.646	0.93450	0.93481			6
2025.10.01	01:01:07.182		0.93482			4
2025.10.01	01:01:08.113	0.93456	0.93491			6
2025.10.01	01:01:08.431	0.93458				2
2025.10.01	01:01:11.353	0.93461				2
2025.10.01	01:01:12.585	0.93458				2
2025.10.01	01:01:13.696	0.93457				2
2025.10.01	01:01:20.629	0.93458	0.93493			6
2025.10.01	01:01:20.946		0.93494			4
2025.10.01	01:01:22.550	0.93456	0.93491			6
2025.10.01	01:01:27.583		0.93490			4
2025.10.01	01:01:32.229		0.93492			4
2025.10.01	01:01:33.509	0.93457				2
2025.10.01	01:01:45.193	0.93456				2
2025.10.01	01:01:52.760	0.93457				2
2025.10.01	01:01:53.385		0.93491			4
2025.10.01	01:01:53.759	0.93456				2
2025.10.01	01:01:55.543	0.93455				2
2025.10.01	01:01:56.083	0.93453	0.93490			6
2025.10.01	01:01:59.022	0.93450	0.93481			6
2025.10.01	01:02:00.648	0.93450	0.93483			6
2025.10.01	01:02:03.332		0.93484			4
2025.10.01	01:02:05.032	0.93449				2
2025.10.01	01:02:05.383		0.93485			4
2025.10.01	01:02:06.218	0.93453	0.93490			6
2025.10.01	01:02:09.778	0.93452				2
2025.10.01	01:02:12.237	0.93453				2
2025.10.01	01:02:15.060	0.93463	0.93493			6
2025.10.01	01:02:15.372		0.93495			4
2025.10.01	01:02:17.083		0.93501			4
2025.10.01	01:02:22.182	0.93459	0.93492			6
2025.10.01	01:02:22.506	0.93458	0.93491			6
2025.10.01	01:02:26.057	0.93462				2
2025.10.01	01:02:29.164	0.93463				2
2025.10.01	01:02:31.120	0.93464				2
2025.10.01	01:02:31.433		0.93495			4
2025.10.01	01:02:32.316	0.93462	0.93491			6
2025.10.01	01:02:32.682		0.93492			4
2025.10.01	01:02:33.654	0.93465	0.93491			6
2025.10.01	01:02:34.867		0.93492			4
2025.10.01	01:02:36.740	0.93466				2
2025.10.01	01:02:37.058	0.93469	0.93499			6
2025.10.01	01:02:37.387		0.93502			4
2025.10.01	01:02:44.081	0.93468	0.93496			6
2025.10.01	01:02:44.753		0.93492			4
2025.10.01	01:02:46.442	0.93469				2
2025.10.01	01:02:47.983	0.93475	0.93491			6
2025.10.01	01:02:48.300	0.93465				2
2025.10.01	01:02:48.949		0.93492			4
2025.10.01	01:02:53.142		0.93491			4
2025.10.01	01:02:53.933	0.93467	0.93492			6
2025.10.01	01:02:54.235	0.93469				2
2025.10.01	01:02:55.031	0.93470				2
2025.10.01	01:02:55.398	0.93471	0.93496			6
2025.10.01	01:02:55.750	0.93473	0.93502			6
2025.10.01	01:03:00.410	0.93471				2
2025.10.01	01:03:45.366		0.93501			4
2025.10.01	01:03:45.883	0.93470	0.93492			6
2025.10.01	01:03:46.202		0.93502			4
2025.10.01	01:03:47.790	0.93472	0.93491			6
2025.10.01	01:03:48.111	0.93464	0.93492			6
2025.10.01	01:03:48.475		0.93491			4
2025.10.01	01:03:49.919	0.93458	0.93486			6
2025.10.01	01:03:51.583	0.93460	0.93487			6
2025.10.01	01:03:51.973		0.93486			4
2025.10.01	01:03:55.047	0.93462	0.93488			6
2025.10.01	01:03:55.359		0.93487			4
2025.10.01	01:03:57.365	0.93459	0.93482			6
2025.10.01	01:03:58.896	0.93454	0.93481			6
2025.10.01	01:04:00.283	0.93453	0.93476			6
2025.10.01	01:04:00.634	0.93454	0.93480			6
2025.10.01	01:04:01.425		0.93481			4
2025.10.01	01:04:01.782	0.93451				2
2025.10.01	01:04:02.139	0.93450	0.93480			6
2025.10.01	01:04:02.530	0.93447	0.93472			6
2025.10.01	01:04:08.771	0.93452	0.93481			6
2025.10.01	01:04:11.383		0.93480			4
2025.10.01	01:04:13.260	0.93451	0.93479			6
2025.10.01	01:04:14.260	0.93449	0.93480			6
2025.10.01	01:04:18.870	0.93445	0.93472			6
2025.10.01	01:04:19.504	0.93447	0.93475			6
2025.10.01	01:04:21.206		0.93471			4
2025.10.01	01:04:22.182		0.93472			4
2025.10.01	01:04:26.191	0.93442	0.93467			6
2025.10.01	01:04:32.084		0.93468			4
2025.10.01	01:04:33.281		0.93467			4
2025.10.01	01:04:33.990	0.93443	0.93471			6
2025.10.01	01:04:34.717	0.93445	0.93472			6
2025.10.01	01:04:35.731	0.93447				2
2025.10.01	01:04:36.283	0.93445	0.93471			6
2025.10.01	01:04:36.600	0.93443				2
2025.10.01	01:04:37.981	0.93445				2
2025.10.01	01:04:39.957	0.93440	0.93468			6
2025.10.01	01:04:40.270	0.93438	0.93467			6
2025.10.01	01:04:41.082		0.93466			4
2025.10.01	01:04:41.953	0.93439				2
2025.10.01	01:04:44.014	0.93440	0.93467			6
2025.10.01	01:04:45.216	0.93441				2
2025.10.01	01:04:45.920		0.93468			4
2025.10.01	01:04:48.897		0.93467			4
2025.10.01	01:04:55.837	0.93440				2
2025.10.01	01:04:58.807	0.93441				2
2025.10.01	01:04:59.744		0.93465			4
2025.10.01	01:05:00.282	0.93441	0.93466			6
2025.10.01	01:05:00.707		0.93467			4
2025.10.01	01:05:04.593	0.93440				2
2025.10.01	01:05:07.304	0.93442	0.93466			6
2025.10.01	01:05:08.371	0.93443	0.93465			6
2025.10.01	01:05:08.682		0.93464			4
2025.10.01	01:05:09.110	0.93440	0.93467			6
2025.10.01	01:05:25.181		0.93466			4
2025.10.01	01:05:26.348		0.93467			4
2025.10.01	01:05:28.088		0.93468			4
2025.10.01	01:05:35.499	0.93442	0.93470			6
2025.10.01	01:05:36.533		0.93468			4
2025.10.01	01:05:37.359		0.93467			4
2025.10.01	01:05:40.040	0.93441				2
2025.10.01	01:05:40.484		0.93466			4
2025.10.01	01:05:44.558	0.93444	0.93468			6
2025.10.01	01:05:50.525	0.93445				2
2025.10.01	01:05:52.279	0.93447	0.93469			6
2025.10.01	01:05:54.035	0.93445	0.93470			6
2025.10.01	01:05:55.762	0.93446	0.93471			6
2025.10.01	01:05:58.140	0.93445	0.93468			6
2025.10.01	01:05:59.682	0.93444	0.93467			6
2025.10.01	01:06:01.186	0.93444	0.93470			6
2025.10.01	01:06:32.984		0.93471			4
2025.10.01	01:06:34.361	0.93443	0.93470			6
2025.10.01	01:06:45.839	0.93442	0.93466			6
2025.10.01	01:06:51.886		0.93467			4
2025.10.01	01:07:03.581	0.93442				2
2025.10.01	01:07:12.579		0.93466			4
2025.10.01	01:07:13.181		0.93467			4
2025.10.01	01:07:15.858		0.93466			4
2025.10.01	01:07:20.122	0.93441	0.93467			6
2025.10.01	01:07:22.585		0.93465			4
2025.10.01	01:07:25.782		0.93466			4
2025.10.01	01:07:29.683	0.93443				2
2025.10.01	01:07:30.417	0.93441				2
2025.10.01	01:07:30.883	0.93442				2
2025.10.01	01:07:34.253	0.93441	0.93464			6
2025.10.01	01:07:34.561	0.93442	0.93465			6
2025.10.01	01:07:35.886		0.93464			4
2025.10.01	01:07:49.637		0.93463			4
2025.10.01	01:07:52.350		0.93464			4
2025.10.01	01:07:57.884		0.93463			4
2025.10.01	01:08:00.281	0.93442				2
2025.10.01	01:08:04.482	0.93443				2
2025.10.01	01:08:27.372	0.93445	0.93468			6
2025.10.01	01:08:43.252	0.93446	0.93471			6
2025.10.01	01:08:44.065	0.93445	0.93470			6
2025.10.01	01:08:47.932		0.93468			4
2025.10.01	01:08:54.112		0.93471			4
2025.10.01	01:08:56.956	0.93447				2
2025.10.01	01:08:57.382	0.93444	0.93469			6
2025.10.01	01:08:57.888		0.93468			4
2025.10.01	01:09:04.482	0.93444				2
2025.10.01	01:09:23.407	0.93445	0.93467			6
2025.10.01	01:09:25.181		0.93468			4
2025.10.01	01:09:38.831	0.93442	0.93465			6
2025.10.01	01:09:40.481		0.93466			4
2025.10.01	01:09:42.736	0.93443	0.93467			6
2025.10.01	01:09:43.932	0.93445	0.93469			6
2025.10.01	01:09:44.858	0.93443	0.93467			6
2025.10.01	01:09:45.380	0.93441	0.93469			6
2025.10.01	01:09:45.883		0.93468			4
2025.10.01	01:09:47.040		0.93466			4
2025.10.01	01:10:00.373	0.93441	0.93465			6
2025.10.01	01:10:00.681	0.93442				2
2025.10.01	01:10:01.011	0.93441	0.93466			6
2025.10.01	01:10:02.232		0.93465			4
2025.10.01	01:10:06.468	0.93442				2
2025.10.01	01:10:15.135	0.93441	0.93463			6
2025.10.01	01:10:22.544		0.93464			4
2025.10.01	01:10:24.076		0.93463			4
2025.10.01	01:10:27.262	0.93442				2
2025.10.01	01:10:30.145	0.93439	0.93460			6
2025.10.01	01:10:30.735	0.93440				2
2025.10.01	01:10:32.082	0.93439	0.93461			6
2025.10.01	01:10:36.796		0.93460			4
2025.10.01	01:10:37.428	0.93441				2
2025.10.01	01:10:46.442	0.93440	0.93459			6
2025.10.01	01:10:49.367	0.93443	0.93461			6
2025.10.01	01:10:53.676		0.93462			4
2025.10.01	01:10:58.498	0.93439	0.93464			6
2025.10.01	01:10:58.798	0.93441	0.93463			6
2025.10.01	01:11:00.352	0.93441	0.93464			6
2025.10.01	01:11:01.022	0.93438	0.93461			6
2025.10.01	01:11:01.339	0.93437	0.93458			6
2025.10.01	01:11:02.041	0.93432	0.93457			6
2025.10.01	01:11:02.981	0.93433	0.93456			6
2025.10.01	01:11:03.655	0.93434	0.93459			6
2025.10.01	01:11:04.713	0.93438				2
2025.10.01	01:11:05.161		0.93460			4
2025.10.01	01:11:06.064	0.93439	0.93458			6
2025.10.01	01:11:06.713	0.93437				2
2025.10.01	01:11:07.481		0.93459			4
2025.10.01	01:11:08.847	0.93438				2
2025.10.01	01:11:11.382	0.93437	0.93460			6
2025.10.01	01:11:15.337		0.93459			4
2025.10.01	01:11:15.881		0.93460			4
2025.10.01	01:11:19.781	0.93436	0.93459			6
2025.10.01	01:11:22.782		0.93460			4
2025.10.01	01:11:24.096		0.93459			4
2025.10.01	01:11:24.550		0.93455			4
2025.10.01	01:11:24.884		0.93456			4
2025.10.01	01:11:26.382	0.93435	0.93455			6
2025.10.01	01:11:27.185		0.93457			4
2025.10.01	01:11:27.670	0.93436	0.93455			6
2025.10.01	01:11:29.984	0.93435				2
2025.10.01	01:11:30.318	0.93436				2
2025.10.01	01:11:31.758	0.93437	0.93458			6
2025.10.01	01:11:32.674	0.93435				2
2025.10.01	01:11:39.468		0.93459			4
2025.10.01	01:11:45.378	0.93434				2
2025.10.01	01:11:51.517	0.93438	0.93458			6
2025.10.01	01:11:52.181	0.93437				2
2025.10.01	01:11:52.512		0.93457			4
2025.10.01	01:11:54.626	0.93435				2
2025.10.01	01:11:56.377	0.93434				2
2025.10.01	01:11:59.398	0.93435				2
2025.10.01	01:12:00.053	0.93436				2
2025.10.01	01:12:01.781		0.93456			4
2025.10.01	01:12:03.884		0.93457			4
2025.10.01	01:12:09.300	0.93435	0.93456			6
2025.10.01	01:12:17.987		0.93455			4
2025.10.01	01:12:19.184		0.93456			4
2025.10.01	01:12:27.135	0.93439	0.93459			6
2025.10.01	01:12:27.449		0.93460			4
2025.10.01	01:12:27.768	0.93440	0.93462			6
2025.10.01	01:12:30.030		0.93461			4
2025.10.01	01:12:30.587	0.93439				2
2025.10.01	01:12:35.275	0.93440				2
2025.10.01	01:12:41.685	0.93441				2
2025.10.01	01:12:43.791	0.93440	0.93463			6
2025.10.01	01:12:44.097		0.93462			4
2025.10.01	01:12:44.413	0.93441	0.93461			6
2025.10.01	01:12:45.055	0.93440	0.93463			6
2025.10.01	01:12:45.365		0.93462			4
2025.10.01	01:12:48.828	0.93437	0.93456			6
2025.10.01	01:12:50.443		0.93457			4
2025.10.01	01:12:51.170	0.93438	0.93456			6
2025.10.01	01:12:52.188	0.93437				2
2025.10.01	01:12:52.527		0.93458			4
2025.10.01	01:12:54.239	0.93435	0.93457			6
2025.10.01	01:12:55.265		0.93456			4
2025.10.01	01:12:57.441	0.93433	0.93458			6
2025.10.01	01:12:57.831	0.93434				2
2025.10.01	01:12:58.214	0.93435	0.93455			6
2025.10.01	01:12:58.523		0.93456			4
2025.10.01	01:12:59.147		0.93455			4
2025.10.01	01:13:00.176	0.93433	0.93454			6
2025.10.01	01:13:02.383	0.93434	0.93453			6
2025.10.01	01:13:04.754		0.93454			4
2025.10.01	01:13:10.182		0.93455			4
2025.10.01	01:13:13.781	0.93436	0.93454			6
2025.10.01	01:13:14.084	0.93434	0.93453			6
2025.10.01	01:13:14.389		0.93455			4
2025.10.01	01:13:17.081		0.93456			4
2025.10.01	01:13:18.583		0.93455			4
2025.10.01	01:13:19.561	0.93435	0.93454			6
2025.10.01	01:13:20.465		0.93455			4
2025.10.01	01:13:24.083	0.93436	0.93456			6
2025.10.01	01:13:25.483		0.93457			4
2025.10.01	01:13:30.582	0.93435				2
2025.10.01	01:13:34.718	0.93437	0.93456			6
2025.10.01	01:13:35.224		0.93455			4
2025.10.01	01:13:35.972	0.93436				2
2025.10.01	01:13:36.277		0.93454			4
2025.10.01	01:13:37.481		0.93455			4
2025.10.01	01:13:38.077	0.93437	0.93456			6
2025.10.01	01:13:38.815	0.93436	0.93457			6
2025.10.01	01:13:40.182	0.93437				2
2025.10.01	01:13:43.183		0.93456			4
2025.10.01	01:13:44.385		0.93457			4
2025.10.01	01:13:44.732		0.93455			4
2025.10.01	01:13:45.881	0.93436				2
2025.10.01	01:13:47.683		0.93456			4
2025.10.01	01:13:50.984		0.93455			4
2025.10.01	01:13:53.284		0.93454			4
2025.10.01	01:13:56.986		0.93455			4
2025.10.01	01:13:57.374		0.93454			4
2025.10.01	01:14:00.686	0.93437	0.93456			6
2025.10.01	01:14:02.538		0.93457			4
2025.10.01	01:14:03.402		0.93456			4
2025.10.01	01:14:05.382		0.93457			4
2025.10.01	01:14:05.982		0.93456			4
2025.10.01	01:14:08.574		0.93457			4
2025.10.01	01:14:09.230		0.93456			4
2025.10.01	01:14:09.796		0.93457			4
