<DATE>	<TIME>	<BID>	<ASK>	<LAST>	<VOLUME>	<FLAGS>
2025.10.02	00:03:30.859	0.93390	0.93628			6
2025.10.02	00:03:31.158		0.93614			4
2025.10.02	00:04:00.391	0.93390				2
2025.10.02	00:04:31.157		0.93621			4
2025.10.02	00:05:00.445	0.93389	0.93561			6
2025.10.02	00:06:00.425	0.93389				2
2025.10.02	00:06:01.538		0.93561			4
2025.10.02	00:07:00.436	0.93389				2
2025.10.02	00:07:02.354		0.93561			4
2025.10.02	00:08:02.414	0.93389	0.93561			6
2025.10.02	00:09:00.353	0.93389				2
2025.10.02	00:09:04.725		0.93561			4
2025.10.02	00:10:00.317	0.93389				2
2025.10.02	00:10:04.737		0.93561			4
2025.10.02	00:10:11.352	0.93421	0.93536			6
2025.10.02	00:11:11.957	0.93389	0.93561			6
2025.10.02	00:11:17.788	0.93421	0.93536			6
2025.10.02	00:11:18.743	0.93389	0.93561			6
2025.10.02	00:11:24.537	0.93421	0.93536			6
2025.10.02	00:11:25.429	0.93389	0.93561			6
2025.10.02	00:11:31.190	0.93421	0.93536			6
2025.10.02	00:11:32.081	0.93389	0.93561			6
2025.10.02	00:12:00.683	0.93389				2
2025.10.02	00:12:33.236		0.93561			4
2025.10.02	00:13:00.102	0.93389				2
2025.10.02	00:13:33.534		0.93561			4
2025.10.02	00:14:00.532	0.93389				2
2025.10.02	00:14:34.433		0.93561			4
2025.10.02	00:15:00.550	0.93389				2
2025.10.02	00:15:35.035		0.93561			4
2025.10.02	00:16:00.322	0.93389				2
2025.10.02	00:16:36.233		0.93561			4
2025.10.02	00:17:00.237	0.93389				2
2025.10.02	00:17:37.137		0.93561			4
2025.10.02	00:18:01.435	0.93389				2
2025.10.02	00:18:37.160		0.93561			4
2025.10.02	00:19:00.536	0.93389				2
2025.10.02	00:19:38.336		0.93561			4
2025.10.02	00:20:00.237	0.93389				2
2025.10.02	00:20:40.134		0.93561			4
2025.10.02	00:20:56.634		0.93564			4
2025.10.02	00:20:59.333	0.93390				2
2025.10.02	00:21:00.423	0.93389				2
2025.10.02	00:21:05.116		0.93565			4
2025.10.02	00:21:12.834		0.93564			4
2025.10.02	00:21:41.061		0.93565			4
2025.10.02	00:21:44.632	0.93388	0.93566			6
2025.10.02	00:21:47.333		0.93565			4
2025.10.02	00:21:56.634		0.93566			4
2025.10.02	00:21:58.133		0.93565			4
2025.10.02	00:22:00.532	0.93388				2
2025.10.02	00:22:24.217	0.93393	0.93577			6
2025.10.02	00:22:24.857	0.93395				2
2025.10.02	00:22:27.536	0.93388	0.93567			6
2025.10.02	00:22:27.838		0.93568			4
2025.10.02	00:22:29.335	0.93383				2
2025.10.02	00:22:33.235		0.93567			4
2025.10.02	00:22:37.002		0.93568			4
2025.10.02	00:22:44.332		0.93567			4
2025.10.02	00:22:53.934		0.93566			4
2025.10.02	00:23:00.534	0.93383				2
2025.10.02	00:23:05.334		0.93567			4
2025.10.02	00:23:06.837		0.93566			4
2025.10.02	00:23:13.023		0.93565			4
2025.10.02	00:23:32.035		0.93564			4
2025.10.02	00:23:49.442		0.93563			4
2025.10.02	00:23:58.440		0.93564			4
2025.10.02	00:24:00.356	0.93383				2
2025.10.02	00:24:04.135		0.93563			4
2025.10.02	00:24:14.352		0.93564			4
2025.10.02	00:24:18.536		0.93563			4
2025.10.02	00:24:39.837		0.93562			4
2025.10.02	00:24:41.858		0.93563			4
2025.10.02	00:24:49.734		0.93562			4
2025.10.02	00:25:00.233	0.93383				2
2025.10.02	00:25:04.019		0.93561			4
2025.10.02	00:25:05.009		0.93563			4
2025.10.02	00:25:06.011		0.93561			4
2025.10.02	00:25:14.335		0.93562			4
2025.10.02	00:25:15.971		0.93560			4
2025.10.02	00:26:01.431	0.93383				2
2025.10.02	00:26:03.837		0.93561			4
2025.10.02	00:26:05.337		0.93560			4
2025.10.02	00:26:23.150		0.93558			4
2025.10.02	00:26:24.357		0.93559			4
2025.10.02	00:26:53.633		0.93558			4
2025.10.02	00:27:00.537	0.93383	0.93559			6
2025.10.02	00:27:02.934		0.93558			4
2025.10.02	00:27:14.223		0.93560			4
2025.10.02	00:27:23.336		0.93559			4
2025.10.02	00:27:26.208		0.93558			4
2025.10.02	00:27:29.779		0.93557			4
2025.10.02	00:27:39.322		0.93558			4
2025.10.02	00:27:40.734		0.93557			4
2025.10.02	00:27:58.325		0.93558			4
2025.10.02	00:27:59.932		0.93557			4
2025.10.02	00:28:01.434	0.93383	0.93558			6
2025.10.02	00:28:24.379		0.93557			4
2025.10.02	00:28:32.037		0.93556			4
2025.10.02	00:28:39.235		0.93557			4
2025.10.02	00:28:46.142		0.93556			4
2025.10.02	00:28:47.336		0.93557			4
2025.10.02	00:28:53.282		0.93555			4
2025.10.02	00:28:53.784		0.93559			4
2025.10.02	00:28:57.077		0.93558			4
2025.10.02	00:28:57.951		0.93559			4
2025.10.02	00:28:58.978		0.93558			4
2025.10.02	00:29:00.514	0.93383	0.93560			6
2025.10.02	00:29:00.857		0.93557			4
2025.10.02	00:29:02.038		0.93558			4
2025.10.02	00:29:11.038		0.93557			4
2025.10.02	00:29:12.620		0.93556			4
2025.10.02	00:29:14.936		0.93557			4
2025.10.02	00:29:17.337		0.93556			4
2025.10.02	00:29:23.635		0.93554			4
2025.10.02	00:29:23.940		0.93556			4
2025.10.02	00:29:33.233		0.93557			4
2025.10.02	00:29:34.737		0.93556			4
2025.10.02	00:29:50.335		0.93555			4
2025.10.02	00:29:58.030		0.93556			4
2025.10.02	00:30:00.309	0.93395	0.93558			6
2025.10.02	00:30:00.620		0.93559			4
2025.10.02	00:30:00.953		0.93558			4
2025.10.02	00:30:01.437		0.93559			4
2025.10.02	00:30:01.739	0.93397	0.93561			6
2025.10.02	00:30:04.041		0.93559			4
2025.10.02	00:30:05.530		0.93561			4
2025.10.02	00:30:10.910	0.93406	0.93560			6
2025.10.02	00:30:11.218	0.93400				2
2025.10.02	00:30:11.527	0.93405	0.93552			6
2025.10.02	00:30:11.858	0.93408				2
2025.10.02	00:30:13.798	0.93410	0.93551			6
2025.10.02	00:30:24.991	0.93404	0.93548			6
2025.10.02	00:30:25.625	0.93412	0.93554			6
2025.10.02	00:30:26.728		0.93558			4
2025.10.02	00:30:27.051		0.93559			4
2025.10.02	00:30:28.618	0.93413				2
2025.10.02	00:30:29.633	0.93412				2
2025.10.02	00:30:30.359	0.93417	0.93555			6
2025.10.02	00:30:30.837	0.93416				2
2025.10.02	00:30:31.563	0.93414	0.93557			6
2025.10.02	00:30:32.395		0.93556			4
2025.10.02	00:30:35.532		0.93557			4
2025.10.02	00:30:40.356	0.93411	0.93559			6
2025.10.02	00:30:42.455	0.93414	0.93557			6
2025.10.02	00:30:42.772	0.93415	0.93556			6
2025.10.02	00:30:43.132	0.93414	0.93557			6
2025.10.02	00:30:50.387	0.93412	0.93559			6
2025.10.02	00:30:56.034		0.93560			4
2025.10.02	00:31:00.390	0.93387	0.93558			6
2025.10.02	00:31:05.106	0.93383				2
2025.10.02	00:31:19.393	0.93391	0.93559			6
2025.10.02	00:31:28.933	0.93395				2
2025.10.02	00:32:00.876	0.93395				2
2025.10.02	00:32:19.394		0.93559			4
2025.10.02	00:33:00.836	0.93395				2
2025.10.02	00:33:10.363	0.93386	0.93561			6
2025.10.02	00:33:19.433	0.93399				2
2025.10.02	00:33:45.524	0.93398				2
2025.10.02	00:33:47.033	0.93399				2
2025.10.02	00:33:52.713		0.93562			4
2025.10.02	00:34:00.412	0.93399				2
2025.10.02	00:34:11.337	0.93400				2
2025.10.02	00:34:22.964	0.93404				2
2025.10.02	00:34:37.997	0.93399				2
2025.10.02	00:34:38.343	0.93405				2
2025.10.02	00:34:38.652	0.93421				2
2025.10.02	00:34:44.855	0.93422				2
2025.10.02	00:34:48.154	0.93424				2
2025.10.02	00:34:48.531	0.93398				2
2025.10.02	00:34:48.835	0.93397				2
2025.10.02	00:34:49.998	0.93400				2
2025.10.02	00:34:52.738		0.93562			4
2025.10.02	00:34:53.070	0.93401				2
2025.10.02	00:34:58.644	0.93398	0.93561			6
2025.10.02	00:34:59.646	0.93400	0.93565			6
2025.10.02	00:35:00.305	0.93400				2
2025.10.02	00:35:00.768	0.93397				2
2025.10.02	00:35:08.430	0.93399				2
2025.10.02	00:35:11.404	0.93396				2
2025.10.02	00:35:12.340	0.93427				2
2025.10.02	00:35:14.337	0.93429				2
2025.10.02	00:35:18.568	0.93431				2
2025.10.02	00:35:35.866	0.93432				2
2025.10.02	00:35:36.261	0.93431				2
2025.10.02	00:35:36.721	0.93432	0.93557			6
2025.10.02	00:35:37.866	0.93435				2
2025.10.02	00:35:40.629	0.93436				2
2025.10.02	00:35:47.636	0.93437				2
2025.10.02	00:35:47.954	0.93432				2
2025.10.02	00:35:48.306	0.93431				2
2025.10.02	00:35:49.216	0.93437				2
2025.10.02	00:35:49.531	0.93434				2
2025.10.02	00:35:50.196	0.93435				2
2025.10.02	00:35:50.629	0.93437				2
2025.10.02	00:35:58.754		0.93553			4
2025.10.02	00:35:59.676	0.93438				2
2025.10.02	00:36:00.848	0.93437	0.93560			6
2025.10.02	00:36:02.334	0.93438				2
2025.10.02	00:36:05.034	0.93437				2
2025.10.02	00:36:06.151		0.93553			4
2025.10.02	00:36:11.633	0.93438				2
2025.10.02	00:36:19.402	0.93439				2
2025.10.02	00:36:28.919	0.93438				2
2025.10.02	00:36:35.932	0.93439				2
2025.10.02	00:36:42.235	0.93440				2
2025.10.02	00:36:49.243	0.93439				2
2025.10.02	00:36:49.724	0.93440				2
2025.10.02	00:36:50.482	0.93439				2
2025.10.02	00:36:51.859	0.93440				2
2025.10.02	00:36:56.147	0.93439				2
2025.10.02	00:36:57.217	0.93440				2
2025.10.02	00:36:58.355	0.93439				2
2025.10.02	00:36:58.859	0.93441				2
2025.10.02	00:36:59.795	0.93436				2
2025.10.02	00:37:00.468	0.93439				2
2025.10.02	00:37:00.832	0.93441				2
2025.10.02	00:37:06.232		0.93553			4
2025.10.02	00:37:15.837	0.93440				2
2025.10.02	00:37:16.724	0.93441				2
2025.10.02	00:37:20.033	0.93442				2
2025.10.02	00:37:21.233	0.93441				2
2025.10.02	00:37:24.235	0.93442				2
2025.10.02	00:37:26.981	0.93440				2
2025.10.02	00:37:27.796	0.93442				2
2025.10.02	00:37:29.035	0.93440				2
2025.10.02	00:37:29.393	0.93433				2
2025.10.02	00:37:29.698	0.93416	0.93554			6
2025.10.02	00:37:30.405	0.93412				2
2025.10.02	00:37:32.933	0.93419				2
2025.10.02	00:37:33.238	0.93423				2
2025.10.02	00:37:33.862	0.93420	0.93552			6
2025.10.02	00:37:34.167	0.93426	0.93553			6
2025.10.02	00:37:34.860	0.93424				2
2025.10.02	00:37:35.514	0.93421				2
2025.10.02	00:37:36.534	0.93422				2
2025.10.02	00:37:36.858	0.93420				2
2025.10.02	00:37:40.736	0.93421				2
2025.10.02	00:37:41.799	0.93433				2
2025.10.02	00:37:42.232	0.93435				2
2025.10.02	00:37:44.220	0.93434				2
2025.10.02	00:37:45.152	0.93435				2
2025.10.02	00:37:45.477	0.93431				2
2025.10.02	00:37:48.815	0.93432				2
2025.10.02	00:37:50.036	0.93431				2
2025.10.02	00:37:50.762	0.93433				2
2025.10.02	00:37:55.434	0.93432				2
2025.10.02	00:37:58.137	0.93433				2
2025.10.02	00:38:01.133	0.93433				2
2025.10.02	00:38:05.034	0.93432				2
2025.10.02	00:38:11.935	0.93439	0.93558			6
2025.10.02	00:38:12.859	0.93441				2
2025.10.02	00:38:15.382	0.93395				2
2025.10.02	00:38:17.332	0.93396				2
2025.10.02	00:38:17.906	0.93399				2
2025.10.02	00:38:18.337	0.93397				2
2025.10.02	00:38:18.837	0.93398	0.93557			6
2025.10.02	00:38:19.410	0.93399				2
2025.10.02	00:38:20.274	0.93400	0.93558			6
2025.10.02	00:38:20.580	0.93398				2
2025.10.02	00:38:21.065	0.93400				2
2025.10.02	00:38:21.857	0.93397	0.93557			6
2025.10.02	00:38:23.324	0.93396	0.93562			6
2025.10.02	00:38:25.419	0.93395				2
2025.10.02	00:38:28.921	0.93396				2
2025.10.02	00:38:30.235	0.93397				2
2025.10.02	00:38:32.338	0.93398	0.93561			6
2025.10.02	00:38:33.834	0.93397				2
2025.10.02	00:38:34.137	0.93400	0.93559			6
2025.10.02	00:38:35.334	0.93399	0.93561			6
2025.10.02	00:38:36.684		0.93560			4
2025.10.02	00:38:38.335	0.93398	0.93561			6
2025.10.02	00:38:39.647		0.93562			4
2025.10.02	00:38:40.654	0.93394	0.93561			6
2025.10.02	00:38:41.315	0.93395				2
2025.10.02	00:38:42.239	0.93394				2
2025.10.02	00:38:45.485	0.93395				2
2025.10.02	00:38:48.234	0.93399	0.93560			6
2025.10.02	00:38:48.626	0.93400				2
2025.10.02	00:38:52.135		0.93559			4
2025.10.02	00:38:55.734	0.93401				2
2025.10.02	00:38:56.767	0.93400				2
2025.10.02	00:38:57.858	0.93401				2
2025.10.02	00:38:58.521	0.93398	0.93561			6
2025.10.02	00:38:59.634	0.93400	0.93559			6
2025.10.02	00:39:00.232	0.93401				2
2025.10.02	00:39:05.232	0.93400				2
2025.10.02	00:39:10.352	0.93401				2
2025.10.02	00:39:16.902	0.93403	0.93557			6
2025.10.02	00:39:19.169	0.93404	0.93556			6
2025.10.02	00:39:21.533		0.93555			4
2025.10.02	00:39:22.427	0.93403	0.93557			6
2025.10.02	00:39:23.634		0.93556			4
2025.10.02	00:39:24.676	0.93404	0.93555			6
2025.10.02	00:39:25.134	0.93402	0.93558			6
2025.10.02	00:39:25.438	0.93442	0.93561			6
2025.10.02	00:39:25.773	0.93444				2
2025.10.02	00:39:28.735	0.93443				2
2025.10.02	00:39:30.579	0.93441				2
2025.10.02	00:39:31.191	0.93444				2
2025.10.02	00:39:32.315	0.93445				2
2025.10.02	00:39:32.858	0.93444				2
2025.10.02	00:39:33.991	0.93448	0.93562			6
2025.10.02	00:39:35.934	0.93447				2
2025.10.02	00:39:40.354	0.93446				2
2025.10.02	00:39:41.528	0.93443				2
2025.10.02	00:39:49.133	0.93441	0.93558			6
2025.10.02	00:39:50.034	0.93404	0.93555			6
2025.10.02	00:39:50.338	0.93406	0.93554			6
2025.10.02	00:39:50.726	0.93404	0.93558			6
2025.10.02	00:39:51.833		0.93556			4
2025.10.02	00:39:55.436	0.93406	0.93554			6
2025.10.02	00:39:56.065	0.93403				2
2025.10.02	00:39:57.834	0.93402	0.93555			6
2025.10.02	00:39:59.033	0.93394				2
2025.10.02	00:39:59.860		0.93556			4
2025.10.02	00:40:00.305	0.93394				2
2025.10.02	00:40:00.710	0.93426	0.93553			6
2025.10.02	00:40:01.239		0.93551			4
2025.10.02	00:40:02.033	0.93427				2
2025.10.02	00:40:04.436	0.93425				2
2025.10.02	00:40:05.284	0.93423				2
2025.10.02	00:40:06.834	0.93424				2
2025.10.02	00:40:08.634	0.93423				2
2025.10.02	00:40:10.278	0.93424				2
2025.10.02	00:40:11.538	0.93423				2
2025.10.02	00:40:15.655	0.93420	0.93553			6
2025.10.02	00:40:16.735	0.93421				2
2025.10.02	00:40:17.858	0.93419				2
2025.10.02	00:40:19.433	0.93416				2
2025.10.02	00:40:24.834	0.93407				2
2025.10.02	00:40:34.422	0.93421				2
2025.10.02	00:40:34.743	0.93428				2
2025.10.02	00:40:35.731	0.93427				2
2025.10.02	00:40:36.102	0.93426				2
2025.10.02	00:40:37.005	0.93425				2
2025.10.02	00:40:38.104	0.93426				2
2025.10.02	00:40:38.488	0.93425				2
2025.10.02	00:40:40.015		0.93554			4
2025.10.02	00:40:40.657	0.93426				2
2025.10.02	00:40:41.872	0.93425				2
2025.10.02	00:40:42.533	0.93426				2
2025.10.02	00:40:43.735	0.93427				2
2025.10.02	00:40:46.718	0.93429				2
2025.10.02	00:40:48.001	0.93428				2
2025.10.02	00:40:52.023	0.93427				2
2025.10.02	00:40:53.023	0.93429				2
2025.10.02	00:40:53.489	0.93428				2
2025.10.02	00:40:57.349	0.93427				2
2025.10.02	00:40:57.693	0.93426				2
2025.10.02	00:41:00.518	0.93427				2
2025.10.02	00:41:01.089	0.93426				2
2025.10.02	00:41:02.307	0.93427				2
2025.10.02	00:41:03.533	0.93428				2
2025.10.02	00:41:03.837	0.93427				2
2025.10.02	00:41:05.571	0.93429				2
2025.10.02	00:41:05.877	0.93428				2
2025.10.02	00:41:11.205	0.93429				2
2025.10.02	00:41:16.733	0.93427				2
2025.10.02	00:41:18.878	0.93429				2
2025.10.02	00:41:19.807	0.93427	0.93547			6
2025.10.02	00:41:20.459	0.93421	0.93548			6
2025.10.02	00:41:20.769	0.93423				2
2025.10.02	00:41:21.835	0.93424				2
2025.10.02	00:41:23.443	0.93426	0.93551			6
2025.10.02	00:41:31.445	0.93427				2
2025.10.02	00:41:33.082	0.93425				2
2025.10.02	00:41:33.913	0.93424				2
2025.10.02	00:41:38.522	0.93411				2
2025.10.02	00:42:00.029	0.93428				2
2025.10.02	00:42:00.463	0.93430				2
2025.10.02	00:42:02.413	0.93431				2
2025.10.02	00:42:04.415	0.93433				2
2025.10.02	00:42:04.941	0.93431				2
2025.10.02	00:42:05.300	0.93427	0.93554			6
2025.10.02	00:42:05.605	0.93430				2
2025.10.02	00:42:06.237	0.93429				2
2025.10.02	00:42:06.810		0.93549			4
2025.10.02	00:42:07.119	0.93431				2
2025.10.02	00:42:07.958	0.93430				2
2025.10.02	00:42:08.280	0.93432				2
2025.10.02	00:42:12.834	0.93433				2
2025.10.02	00:42:14.038	0.93432	0.93556			6
2025.10.02	00:42:14.401	0.93431				2
2025.10.02	00:42:14.962	0.93433				2
2025.10.02	00:42:15.915	0.93432				2
2025.10.02	00:42:16.228	0.93431				2
2025.10.02	00:42:17.007	0.93430				2
2025.10.02	00:42:18.112	0.93431				2
2025.10.02	00:42:18.659	0.93428				2
2025.10.02	00:42:18.976	0.93427				2
2025.10.02	00:42:22.323	0.93431				2
2025.10.02	00:42:23.303	0.93430				2
2025.10.02	00:42:23.607	0.93429				2
2025.10.02	00:42:23.918	0.93431				2
2025.10.02	00:42:24.837	0.93432				2
2025.10.02	00:42:25.138	0.93431				2
2025.10.02	00:42:26.396	0.93432				2
2025.10.02	00:42:26.951	0.93429				2
2025.10.02	00:42:27.280	0.93430				2
2025.10.02	00:42:27.901	0.93428				2
2025.10.02	00:42:31.132	0.93427				2
2025.10.02	00:42:31.438	0.93432				2
2025.10.02	00:42:31.965	0.93431				2
2025.10.02	00:42:32.356	0.93430				2
2025.10.02	00:42:32.675	0.93431				2
2025.10.02	00:42:34.126	0.93433	0.93554			6
2025.10.02	00:42:34.655	0.93428	0.93555			6
2025.10.02	00:42:34.959	0.93433				2
2025.10.02	00:42:35.728	0.93432	0.93556			6
2025.10.02	00:42:36.724	0.93429				2
2025.10.02	00:42:37.095	0.93432				2
2025.10.02	00:42:37.404	0.93430				2
2025.10.02	00:42:37.722	0.93431				2
2025.10.02	00:42:38.724	0.93432				2
2025.10.02	00:42:40.504	0.93434	0.93555			6
2025.10.02	00:42:40.922	0.93432	0.93556			6
2025.10.02	00:42:41.240	0.93433				2
2025.10.02	00:42:41.558	0.93434	0.93555			6
2025.10.02	00:42:41.862	0.93437	0.93553			6
2025.10.02	00:42:42.167	0.93434	0.93555			6
2025.10.02	00:42:43.035		0.93556			4
2025.10.02	00:42:43.562	0.93431	0.93557			6
2025.10.02	00:42:43.862		0.93556			4
2025.10.02	00:42:44.916		0.93557			4
2025.10.02	00:42:45.229	0.93432	0.93548			6
2025.10.02	00:42:45.763	0.93429	0.93557			6
2025.10.02	00:42:46.148	0.93430				2
2025.10.02	00:42:46.747	0.93429				2
2025.10.02	00:42:47.184	0.93430				2
2025.10.02	00:42:47.911	0.93431				2
2025.10.02	00:42:48.239		0.93548			4
2025.10.02	00:42:49.038		0.93557			4
2025.10.02	00:42:49.773		0.93556			4
2025.10.02	00:42:50.079	0.93430				2
2025.10.02	00:42:50.408	0.93431				2
2025.10.02	00:42:50.728	0.93429	0.93549			6
2025.10.02	00:42:51.557	0.93431	0.93553			6
2025.10.02	00:42:51.864	0.93430	0.93557			6
2025.10.02	00:42:52.165		0.93549			4
2025.10.02	00:42:52.708		0.93557			4
2025.10.02	00:42:53.229	0.93431	0.93556			6
2025.10.02	00:42:53.555	0.93430				2
2025.10.02	00:42:54.080		0.93548			4
2025.10.02	00:42:54.484	0.93429				2
2025.10.02	00:42:56.858	0.93431	0.93556			6
2025.10.02	00:42:58.811	0.93430				2
2025.10.02	00:43:00.448	0.93432				2
2025.10.02	00:43:01.145	0.93433	0.93555			6
2025.10.02	00:43:01.829		0.93554			4
2025.10.02	00:43:02.142		0.93555			4
2025.10.02	00:43:02.443	0.93432	0.93548			6
2025.10.02	00:43:03.519	0.93433	0.93554			6
2025.10.02	00:43:03.854		0.93555			4
2025.10.02	00:43:04.664	0.93431	0.93548			6
2025.10.02	00:43:05.054	0.93429	0.93556			6
2025.10.02	00:43:05.784	0.93430				2
2025.10.02	00:43:06.834	0.93429				2
2025.10.02	00:43:08.084	0.93431	0.93550			6
2025.10.02	00:43:08.397	0.93433	0.93555			6
2025.10.02	00:43:08.740		0.93548			4
2025.10.02	00:43:10.035	0.93429	0.93557			6
2025.10.02	00:43:11.338	0.93430				2
2025.10.02	00:43:12.228		0.93558			4
2025.10.02	00:43:12.534		0.93557			4
2025.10.02	00:43:13.186	0.93431				2
2025.10.02	00:43:14.896	0.93433	0.93555			6
2025.10.02	00:43:15.247	0.93430				2
2025.10.02	00:43:15.599	0.93431	0.93548			6
2025.10.02	00:43:16.434	0.93430				2
2025.10.02	00:43:16.754		0.93555			4
2025.10.02	00:43:17.071		0.93549			4
2025.10.02	00:43:17.408	0.93433				2
2025.10.02	00:43:17.720	0.93440				2
2025.10.02	00:43:18.339	0.93441	0.93548			6
2025.10.02	00:43:18.651	0.93444	0.93545			6
2025.10.02	00:43:18.954	0.93443	0.93547			6
2025.10.02	00:43:19.408	0.93442	0.93546			6
2025.10.02	00:43:22.229	0.93443				2
2025.10.02	00:43:23.129	0.93399	0.93548			6
2025.10.02	00:43:23.457	0.93402	0.93549			6
2025.10.02	00:43:23.803		0.93544			4
2025.10.02	00:43:24.132		0.93541			4
2025.10.02	00:43:24.474	0.93416	0.93544			6
2025.10.02	00:43:24.777		0.93545			4
2025.10.02	00:43:25.144		0.93547			4
2025.10.02	00:43:25.453		0.93546			4
2025.10.02	00:43:25.770		0.93543			4
2025.10.02	00:43:26.087		0.93546			4
2025.10.02	00:43:26.431		0.93541			4
2025.10.02	00:43:26.736		0.93545			4
2025.10.02	00:43:27.062		0.93546			4
2025.10.02	00:43:27.398		0.93542			4
2025.10.02	00:43:27.816		0.93546			4
2025.10.02	00:43:28.123		0.93543			4
2025.10.02	00:43:28.442		0.93544			4
2025.10.02	00:43:28.792		0.93543			4
2025.10.02	00:43:29.429	0.93415	0.93544			6
2025.10.02	00:43:29.760		0.93545			4
2025.10.02	00:43:30.519	0.93416	0.93548			6
2025.10.02	00:43:31.431		0.93549			4
2025.10.02	00:43:31.735		0.93550			4
2025.10.02	00:43:32.061		0.93548			4
2025.10.02	00:43:32.488		0.93549			4
2025.10.02	00:43:32.910		0.93551			4
2025.10.02	00:43:33.233		0.93546			4
2025.10.02	00:43:33.539		0.93548			4
2025.10.02	00:43:33.886		0.93549			4
2025.10.02	00:43:34.751		0.93547			4
2025.10.02	00:43:35.052		0.93550			4
2025.10.02	00:43:35.359		0.93551			4
2025.10.02	00:43:35.933		0.93552			4
2025.10.02	00:43:36.445		0.93551			4
2025.10.02	00:43:36.821	0.93428	0.93555			6
2025.10.02	00:43:37.126	0.93430	0.93554			6
2025.10.02	00:43:37.563	0.93436	0.93548			6
2025.10.02	00:43:37.886	0.93434	0.93551			6
2025.10.02	00:43:38.855	0.93439	0.93546			6
2025.10.02	00:43:39.158	0.93442	0.93541			6
2025.10.02	00:43:39.602	0.93438	0.93545			6
2025.10.02	00:43:40.285	0.93435	0.93548			6
2025.10.02	00:43:40.630		0.93549			4
2025.10.02	00:43:40.939	0.93442	0.93543			6
2025.10.02	00:43:41.247	0.93440				2
2025.10.02	00:43:41.577	0.93438	0.93545			6
2025.10.02	00:43:41.915	0.93441	0.93544			6
2025.10.02	00:43:42.233	0.93436	0.93547			6
2025.10.02	00:43:42.743	0.93444	0.93539			6
2025.10.02	00:43:43.052	0.93443	0.93541			6
2025.10.02	00:43:43.979	0.93442	0.93543			6
2025.10.02	00:43:44.372		0.93542			4
2025.10.02	00:43:44.857	0.93446	0.93540			6
2025.10.02	00:43:45.168	0.93441	0.93543			6
2025.10.02	00:43:45.487	0.93442	0.93544			6
2025.10.02	00:43:47.032	0.93441				2
2025.10.02	00:43:48.234	0.93442				2
2025.10.02	00:43:48.757	0.93440	0.93543			6
2025.10.02	00:43:49.059	0.93446	0.93538			6
2025.10.02	00:43:49.365	0.93444	0.93540			6
2025.10.02	00:43:49.678		0.93539			4
2025.10.02	00:43:50.023	0.93446	0.93540			6
2025.10.02	00:43:50.328	0.93440	0.93544			6
2025.10.02	00:43:50.704	0.93438	0.93545			6
2025.10.02	00:43:51.073	0.93439				2
2025.10.02	00:43:51.380	0.93441	0.93542			6
2025.10.02	00:43:51.698	0.93440	0.93543			6
2025.10.02	00:43:52.721		0.93544			4
2025.10.02	00:43:53.153	0.93439	0.93545			6
2025.10.02	00:43:53.843		0.93544			4
2025.10.02	00:43:55.433		0.93545			4
2025.10.02	00:43:56.586	0.93438				2
2025.10.02	00:43:56.965		0.93546			4
2025.10.02	00:43:57.751	0.93439				2
2025.10.02	00:43:58.061	0.93436	0.93549			6
2025.10.02	00:43:59.009	0.93438	0.93547			6
2025.10.02	00:44:00.789	0.93437	0.93546			6
2025.10.02	00:44:02.839	0.93436	0.93547			6
2025.10.02	00:44:03.812	0.93440	0.93543			6
2025.10.02	00:44:04.712	0.93441	0.93542			6
2025.10.02	00:44:05.068	0.93440	0.93544			6
2025.10.02	00:44:06.224	0.93439				2
2025.10.02	00:44:06.679	0.93443	0.93540			6
2025.10.02	00:44:06.997	0.93439	0.93544			6
2025.10.02	00:44:07.485	0.93438	0.93545			6
2025.10.02	00:44:08.634		0.93546			4
2025.10.02	00:44:08.938	0.93443	0.93540			6
2025.10.02	00:44:09.318	0.93438	0.93545			6
2025.10.02	00:44:09.629	0.93435	0.93548			6
2025.10.02	00:44:09.945	0.93437	0.93549			6
2025.10.02	00:44:10.410	0.93439	0.93546			6
2025.10.02	00:44:10.718	0.93437	0.93547			6
2025.10.02	00:44:11.024	0.93436	0.93548			6
2025.10.02	00:44:12.235	0.93437	0.93547			6
2025.10.02	00:44:13.982	0.93438	0.93546			6
2025.10.02	00:44:14.635		0.93545			4
2025.10.02	00:44:14.937	0.93440	0.93544			6
2025.10.02	00:44:16.481	0.93439	0.93545			6
2025.10.02	00:44:16.945	0.93440	0.93544			6
2025.10.02	00:44:18.016	0.93436	0.93548			6
2025.10.02	00:44:18.318	0.93440	0.93545			6
2025.10.02	00:44:18.695		0.93544			4
2025.10.02	00:44:19.094	0.93441	0.93543			6
2025.10.02	00:44:20.340	0.93440	0.93544			6
2025.10.02	00:44:21.307	0.93441	0.93543			6
2025.10.02	00:44:21.698		0.93544			4
2025.10.02	00:44:22.416	0.93438	0.93546			6
2025.10.02	00:44:22.721	0.93441	0.93543			6
2025.10.02	00:44:23.461	0.93440	0.93544			6
2025.10.02	00:44:24.765	0.93447	0.93537			6
2025.10.02	00:44:25.723	0.93446	0.93538			6
2025.10.02	00:44:26.153	0.93443	0.93541			6
2025.10.02	00:44:26.538	0.93442	0.93542			6
2025.10.02	00:44:26.846	0.93444	0.93541			6
2025.10.02	00:44:27.162		0.93540			4
2025.10.02	00:44:27.722	0.93439	0.93545			6
2025.10.02	00:44:28.038	0.93443	0.93541			6
2025.10.02	00:44:29.510	0.93442	0.93542			6
2025.10.02	00:44:30.708		0.93541			4
2025.10.02	00:44:31.542	0.93443				2
2025.10.02	00:44:31.911	0.93442	0.93542			6
2025.10.02	00:44:32.868	0.93446	0.93538			6
2025.10.02	00:44:34.296	0.93442	0.93542			6
2025.10.02	00:44:35.924	0.93448	0.93537			6
2025.10.02	00:44:36.656	0.93444	0.93539			6
2025.10.02	00:44:36.957	0.93443	0.93541			6
2025.10.02	00:44:38.974	0.93438	0.93546			6
2025.10.02	00:44:39.302	0.93443	0.93541			6
2025.10.02	00:44:40.338	0.93444				2
2025.10.02	00:44:40.752	0.93442	0.93542			6
2025.10.02	00:44:41.383	0.93438	0.93548			6
2025.10.02	00:44:41.766	0.93439	0.93547			6
2025.10.02	00:44:42.097	0.93440	0.93546			6
2025.10.02	00:44:43.136		0.93547			4
2025.10.02	00:44:43.561	0.93437	0.93549			6
2025.10.02	00:44:43.892	0.93436	0.93550			6
2025.10.02	00:44:44.627	0.93431	0.93549			6
2025.10.02	00:44:44.939	0.93434				2
2025.10.02	00:44:45.811	0.93435	0.93550			6
2025.10.02	00:44:46.132	0.93434				2
2025.10.02	00:44:46.734	0.93435				2
2025.10.02	00:44:47.177	0.93434				2
2025.10.02	00:44:49.338	0.93440	0.93545			6
2025.10.02	00:44:49.643		0.93546			4
2025.10.02	00:44:49.976		0.93545			4
2025.10.02	00:44:50.280		0.93546			4
2025.10.02	00:44:50.589	0.93439				2
2025.10.02	00:44:50.912	0.93440				2
2025.10.02	00:44:51.256		0.93544			4
2025.10.02	00:44:51.587	0.93439	0.93546			6
2025.10.02	00:44:51.893	0.93440				2
2025.10.02	00:44:52.216	0.93432	0.93551			6
2025.10.02	00:44:53.817	0.93431	0.93550			6
2025.10.02	00:44:54.117	0.93432	0.93551			6
2025.10.02	00:44:55.074	0.93431	0.93550			6
2025.10.02	00:44:55.423	0.93435	0.93554			6
2025.10.02	00:44:55.724	0.93436	0.93548			6
2025.10.02	00:44:56.038	0.93438				2
2025.10.02	00:44:56.429	0.93437	0.93549			6
2025.10.02	00:44:56.736		0.93548			4
2025.10.02	00:44:57.159	0.93438	0.93547			6
2025.10.02	00:44:58.049	0.93439	0.93546			6
2025.10.02	00:44:58.434		0.93547			4
2025.10.02	00:44:59.333	0.93438				2
2025.10.02	00:45:00.306	0.93439	0.93546			6
2025.10.02	00:45:00.633	0.93438	0.93547			6
2025.10.02	00:45:00.963		0.93548			4
2025.10.02	00:45:03.236		0.93557			4
2025.10.02	00:45:06.768		0.93548			4
2025.10.02	00:45:08.423	0.93441	0.93545			6
2025.10.02	00:45:10.964	0.93459	0.93527			6
2025.10.02	00:45:13.579	0.93457				2
2025.10.02	00:45:15.234	0.93456				2
2025.10.02	00:45:16.432	0.93455	0.93529			6
2025.10.02	00:45:16.750	0.93459	0.93525			6
2025.10.02	00:45:17.335	0.93457	0.93527			6
2025.10.02	00:45:17.705	0.93459	0.93525			6
2025.10.02	00:45:18.013	0.93460	0.93524			6
2025.10.02	00:45:18.332	0.93459	0.93525			6
2025.10.02	00:45:19.361	0.93458				2
2025.10.02	00:45:19.784	0.93460	0.93523			6
2025.10.02	00:45:20.156	0.93459	0.93525			6
2025.10.02	00:45:21.834	0.93458				2
2025.10.02	00:45:25.753		0.93524			4
2025.10.02	00:45:26.581	0.93457	0.93525			6
2025.10.02	00:45:28.049	0.93458	0.93524			6
2025.10.02	00:45:29.035	0.93459	0.93523			6
2025.10.02	00:45:29.970	0.93458	0.93524			6
2025.10.02	00:45:41.286	0.93456	0.93526			6
2025.10.02	00:45:43.426	0.93458	0.93525			6
2025.10.02	00:45:45.298	0.93459	0.93523			6
2025.10.02	00:45:45.604	0.93458	0.93524			6
2025.10.02	00:45:46.736	0.93459				2
2025.10.02	00:45:47.041	0.93458	0.93525			6
2025.10.02	00:45:53.278	0.93462	0.93521			6
2025.10.02	00:45:53.650	0.93460	0.93523			6
2025.10.02	00:45:53.957	0.93459				2
2025.10.02	00:45:55.038	0.93458	0.93524			6
2025.10.02	00:45:56.175	0.93461	0.93522			6
2025.10.02	00:45:56.536	0.93460	0.93523			6
2025.10.02	00:45:57.067	0.93459	0.93524			6
2025.10.02	00:45:57.387	0.93458				2
2025.10.02	00:46:00.386	0.93460				2
2025.10.02	00:46:02.034	0.93459	0.93525			6
2025.10.02	00:46:03.700	0.93460	0.93524			6
2025.10.02	00:46:05.034	0.93459	0.93525			6
2025.10.02	00:46:10.412	0.93461	0.93523			6
2025.10.02	00:46:11.038	0.93458	0.93525			6
2025.10.02	00:46:12.237	0.93457				2
2025.10.02	00:46:12.883	0.93459	0.93523			6
2025.10.02	00:46:13.205	0.93461				2
2025.10.02	00:46:13.528	0.93458	0.93524			6
2025.10.02	00:46:14.233		0.93525			4
2025.10.02	00:46:16.352	0.93459	0.93524			6
2025.10.02	00:46:16.725	0.93458	0.93525			6
2025.10.02	00:46:17.277		0.93526			4
2025.10.02	00:46:21.421	0.93463	0.93538			6
2025.10.02	00:46:21.737	0.93462	0.93530			6
2025.10.02	00:46:22.039	0.93460	0.93537			6
2025.10.02	00:46:22.352	0.93463	0.93538			6
2025.10.02	00:46:22.730	0.93462	0.93530			6
2025.10.02	00:46:23.048	0.93461	0.93538			6
2025.10.02	00:46:23.368	0.93462	0.93536			6
2025.10.02	00:46:23.684	0.93460	0.93538			6
2025.10.02	00:46:24.012	0.93461				2
2025.10.02	00:46:24.347	0.93460				2
2025.10.02	00:46:24.977	0.93459				2
2025.10.02	00:46:25.291	0.93461				2
2025.10.02	00:46:25.970	0.93460				2
2025.10.02	00:46:26.277	0.93462				2
2025.10.02	00:46:26.597	0.93461				2
2025.10.02	00:46:26.901	0.93460				2
2025.10.02	00:46:27.225	0.93461				2
2025.10.02	00:46:28.183	0.93460				2
2025.10.02	00:46:28.487	0.93461				2
2025.10.02	00:46:29.125	0.93463				2
2025.10.02	00:46:29.478	0.93461				2
2025.10.02	00:46:30.161	0.93463				2
2025.10.02	00:46:30.480	0.93462				2
2025.10.02	00:46:30.784	0.93461				2
2025.10.02	00:46:31.094	0.93462				2
2025.10.02	00:46:31.485	0.93461				2
2025.10.02	00:46:32.983	0.93462				2
2025.10.02	00:46:35.635	0.93463				2
2025.10.02	00:46:37.881		0.93539			4
2025.10.02	00:46:38.359	0.93465	0.93536			6
2025.10.02	00:46:38.687	0.93464				2
2025.10.02	00:46:40.277	0.93463				2
2025.10.02	00:46:41.335	0.93464				2
2025.10.02	00:46:42.346	0.93463				2
2025.10.02	00:46:43.057	0.93462				2
2025.10.02	00:46:44.333	0.93463				2
2025.10.02	00:46:45.833	0.93462				2
2025.10.02	00:46:49.032	0.93463				2
2025.10.02	00:46:50.376	0.93464				2
2025.10.02	00:46:51.073	0.93466				2
2025.10.02	00:46:52.736	0.93465				2
2025.10.02	00:46:56.333	0.93466				2
2025.10.02	00:46:57.362	0.93465				2
2025.10.02	00:46:57.711	0.93466				2
2025.10.02	00:46:58.060	0.93465				2
2025.10.02	00:46:59.632	0.93466				2
2025.10.02	00:47:00.516	0.93466				2
2025.10.02	00:47:02.898	0.93452	0.93535			6
2025.10.02	00:47:03.210	0.93451	0.93534			6
2025.10.02	00:47:03.910	0.93452	0.93535			6
2025.10.02	00:47:04.864	0.93451	0.93534			6
2025.10.02	00:47:05.214	0.93452	0.93535			6
2025.10.02	00:47:05.517	0.93451	0.93534			6
2025.10.02	00:47:06.472	0.93465	0.93536			6
2025.10.02	00:47:06.820	0.93468				2
2025.10.02	00:47:07.559	0.93469	0.93535			6
2025.10.02	00:47:08.032	0.93470				2
2025.10.02	00:47:13.577	0.93472				2
2025.10.02	00:47:14.648	0.93471				2
2025.10.02	00:47:16.725	0.93472				2
2025.10.02	00:47:17.935	0.93471				2
2025.10.02	00:47:18.527	0.93472				2
2025.10.02	00:47:21.428	0.93473	0.93540			6
2025.10.02	00:47:23.034	0.93474				2
2025.10.02	00:47:23.820	0.93473	0.93539			6
2025.10.02	00:47:25.436	0.93474				2
2025.10.02	00:47:28.051	0.93473				2
2025.10.02	00:47:32.483	0.93474				2
2025.10.02	00:47:34.434	0.93473				2
2025.10.02	00:47:39.238	0.93472				2
2025.10.02	00:47:40.717		0.93541			4
2025.10.02	00:47:41.054		0.93548			4
2025.10.02	00:47:41.634	0.93473				2
2025.10.02	00:47:42.180	0.93472	0.93540			6
2025.10.02	00:47:43.640	0.93473				2
2025.10.02	00:47:45.535	0.93472				2
2025.10.02	00:47:48.827	0.93471				2
2025.10.02	00:47:53.046	0.93470				2
2025.10.02	00:47:54.125	0.93471				2
2025.10.02	00:47:57.277	0.93472				2
2025.10.02	00:47:59.823	0.93471				2
2025.10.02	00:48:00.173	0.93472				2
2025.10.02	00:48:07.032	0.93470				2
2025.10.02	00:48:12.811	0.93471				2
2025.10.02	00:48:14.470	0.93472				2
2025.10.02	00:48:16.135	0.93471				2
2025.10.02	00:48:16.756	0.93472				2
2025.10.02	00:48:26.935	0.93471				2
2025.10.02	00:48:28.432	0.93472				2
2025.10.02	00:48:30.239	0.93467				2
2025.10.02	00:48:30.691	0.93469				2
2025.10.02	00:48:31.023	0.93467				2
2025.10.02	00:48:34.136	0.93468				2
2025.10.02	00:48:42.534	0.93467	0.93540			6
2025.10.02	00:48:46.381	0.93466	0.93543			6
2025.10.02	00:48:47.868	0.93467				2
2025.10.02	00:48:48.326	0.93464				2
2025.10.02	00:48:48.641	0.93467				2
2025.10.02	00:48:49.042	0.93464				2
2025.10.02	00:48:56.313	0.93466	0.93537			6
2025.10.02	00:48:57.164	0.93449	0.93524			6
2025.10.02	00:48:57.537	0.93450	0.93523			6
2025.10.02	00:48:58.056	0.93453	0.93524			6
2025.10.02	00:48:58.356		0.93527			4
2025.10.02	00:48:58.674	0.93447	0.93528			6
2025.10.02	00:48:59.227	0.93453	0.93529			6
2025.10.02	00:48:59.636	0.93441	0.93527			6
2025.10.02	00:48:59.938	0.93451	0.93529			6
2025.10.02	00:49:00.318	0.93447	0.93528			6
2025.10.02	00:49:00.970	0.93454	0.93529			6
2025.10.02	00:49:01.469	0.93441	0.93525			6
2025.10.02	00:49:01.874	0.93453	0.93531			6
2025.10.02	00:49:02.228	0.93446	0.93528			6
2025.10.02	00:49:02.725	0.93453	0.93530			6
2025.10.02	00:49:03.166	0.93446	0.93525			6
2025.10.02	00:49:03.478	0.93454	0.93534			6
2025.10.02	00:49:04.115		0.93529			4
2025.10.02	00:49:04.604		0.93527			4
2025.10.02	00:49:04.918		0.93519			4
2025.10.02	00:49:06.265		0.93517			4
2025.10.02	00:49:06.728		0.93530			4
2025.10.02	00:49:08.185		0.93528			4
2025.10.02	00:49:08.727		0.93527			4
2025.10.02	00:49:09.554		0.93530			4
2025.10.02	00:49:10.563		0.93529			4
2025.10.02	00:49:11.862		0.93527			4
2025.10.02	00:49:12.206	0.93459	0.93538			6
2025.10.02	00:49:13.307	0.93462	0.93535			6
2025.10.02	00:49:13.615	0.93463				2
2025.10.02	00:49:14.335		0.93534			4
2025.10.02	00:49:14.842	0.93459	0.93526			6
2025.10.02	00:49:15.233	0.93453	0.93528			6
2025.10.02	00:49:15.541	0.93455	0.93524			6
2025.10.02	00:49:15.860	0.93451	0.93529			6
2025.10.02	00:49:16.340	0.93453	0.93525			6
2025.10.02	00:49:18.774	0.93455	0.93523			6
2025.10.02	00:49:19.085	0.93454	0.93525			6
2025.10.02	00:49:19.734	0.93453	0.93526			6
2025.10.02	00:49:20.165		0.93527			4
2025.10.02	00:49:20.999	0.93455	0.93523			6
2025.10.02	00:49:21.402	0.93453	0.93526			6
2025.10.02	00:49:23.266	0.93456	0.93525			6
2025.10.02	00:49:23.599	0.93453	0.93526			6
2025.10.02	00:49:23.912	0.93450	0.93528			6
2025.10.02	00:49:24.296	0.93458	0.93526			6
2025.10.02	00:49:24.922	0.93452	0.93527			6
2025.10.02	00:49:25.423	0.93457	0.93526			6
2025.10.02	00:49:25.924	0.93451	0.93527			6
2025.10.02	00:49:26.407	0.93448	0.93530			6
2025.10.02	00:49:26.712	0.93455	0.93526			6
2025.10.02	00:49:27.030	0.93452	0.93528			6
2025.10.02	00:49:27.742	0.93458	0.93527			6
2025.10.02	00:49:28.058	0.93453				2
2025.10.02	00:49:28.740	0.93455	0.93526			6
2025.10.02	00:49:29.045	0.93450	0.93528			6
2025.10.02	00:49:29.545	0.93459	0.93526			6
2025.10.02	00:49:30.044	0.93451	0.93527			6
2025.10.02	00:49:30.684	0.93459	0.93526			6
2025.10.02	00:49:31.134	0.93452				2
2025.10.02	00:49:31.758	0.93451	0.93528			6
2025.10.02	00:49:32.078	0.93459				2
2025.10.02	00:49:32.418	0.93454				2
2025.10.02	00:49:32.720	0.93452	0.93526			6
2025.10.02	00:49:33.214	0.93460	0.93525			6
2025.10.02	00:49:33.518	0.93448	0.93529			6
2025.10.02	00:49:33.845	0.93451	0.93527			6
2025.10.02	00:49:34.274	0.93456	0.93524			6
2025.10.02	00:49:34.944	0.93452	0.93528			6
2025.10.02	00:49:35.577	0.93458	0.93525			6
2025.10.02	00:49:36.077	0.93455	0.93528			6
2025.10.02	00:49:36.379	0.93450				2
2025.10.02	00:49:36.799	0.93459	0.93527			6
2025.10.02	00:49:37.276	0.93456	0.93538			6
2025.10.02	00:49:39.324	0.93455	0.93543			6
2025.10.02	00:49:39.741		0.93549			4
2025.10.02	00:49:40.112	0.93456	0.93538			6
2025.10.02	00:49:40.855	0.93447	0.93527			6
2025.10.02	00:49:41.157	0.93441	0.93524			6
2025.10.02	00:49:41.478	0.93443				2
2025.10.02	00:49:42.196		0.93527			4
2025.10.02	00:49:42.504	0.93457				2
2025.10.02	00:49:42.934	0.93456	0.93524			6
2025.10.02	00:49:43.240	0.93452	0.93523			6
2025.10.02	00:49:43.717	0.93438	0.93517			6
2025.10.02	00:49:44.106	0.93446	0.93521			6
2025.10.02	00:49:45.032	0.93440	0.93526			6
2025.10.02	00:49:45.335	0.93441	0.93521			6
2025.10.02	00:49:45.806	0.93442				2
2025.10.02	00:49:46.698	0.93455	0.93526			6
2025.10.02	00:49:47.607	0.93441	0.93521			6
2025.10.02	00:49:47.917		0.93522			4
2025.10.02	00:49:48.221	0.93454				2
2025.10.02	00:49:48.588	0.93452				2
2025.10.02	00:49:50.148		0.93523			4
2025.10.02	00:49:55.714	0.93434	0.93518			6
2025.10.02	00:49:56.138	0.93454	0.93523			6
2025.10.02	00:49:56.438	0.93455				2
2025.10.02	00:49:56.934		0.93518			4
2025.10.02	00:49:57.237	0.93434				2
2025.10.02	00:49:57.672	0.93446	0.93522			6
2025.10.02	00:49:57.977	0.93454	0.93526			6
2025.10.02	00:49:59.874		0.93529			4
2025.10.02	00:50:00.311	0.93441	0.93525			6
2025.10.02	00:50:00.620	0.93437				2
2025.10.02	00:50:01.416	0.93447				2
2025.10.02	00:50:01.741	0.93456	0.93531			6
2025.10.02	00:50:02.177	0.93455				2
2025.10.02	00:50:02.697	0.93456				2
2025.10.02	00:50:03.170	0.93455				2
2025.10.02	00:50:03.643	0.93456				2
2025.10.02	00:50:04.095		0.93532			4
2025.10.02	00:50:05.546	0.93440				2
2025.10.02	00:50:05.901	0.93456				2
2025.10.02	00:50:07.908		0.93533			4
2025.10.02	00:50:08.863		0.93534			4
2025.10.02	00:50:09.410		0.93532			4
2025.10.02	00:50:09.873		0.93533			4
2025.10.02	00:50:11.621	0.93436	0.93528			6
2025.10.02	00:50:12.584		0.93529			4
2025.10.02	00:50:14.617		0.93530			4
2025.10.02	00:50:15.042		0.93529			4
2025.10.02	00:50:15.542		0.93530			4
2025.10.02	00:50:15.908		0.93536			4
2025.10.02	00:50:20.632		0.93533			4
2025.10.02	00:50:20.938		0.93536			4
2025.10.02	00:50:22.358		0.93534			4
2025.10.02	00:50:23.333		0.93535			4
2025.10.02	00:50:25.127		0.93534			4
2025.10.02	00:50:25.619		0.93535			4
2025.10.02	00:50:26.118		0.93536			4
2025.10.02	00:50:26.687		0.93530			4
2025.10.02	00:50:26.992	0.93456	0.93536			6
2025.10.02	00:50:27.310	0.93437	0.93530			6
2025.10.02	00:50:28.041	0.93456	0.93535			6
2025.10.02	00:50:28.418		0.93533			4
2025.10.02	00:50:28.725	0.93437	0.93531			6
2025.10.02	00:50:30.204		0.93530			4
2025.10.02	00:50:31.000		0.93536			4
2025.10.02	00:50:31.321	0.93456	0.93535			6
2025.10.02	00:50:31.762		0.93536			4
2025.10.02	00:50:33.441	0.93426	0.93535			6
2025.10.02	00:50:34.297	0.93437				2
2025.10.02	00:50:34.765	0.93456				2
2025.10.02	00:50:35.599	0.93437	0.93531			6
2025.10.02	00:50:35.908		0.93535			4
2025.10.02	00:50:36.216	0.93456	0.93536			6
2025.10.02	00:50:36.710		0.93534			4
2025.10.02	00:50:37.052	0.93437	0.93530			6
2025.10.02	00:50:37.355		0.93529			4
2025.10.02	00:50:39.218		0.93530			4
2025.10.02	00:50:40.120		0.93525			4
2025.10.02	00:50:40.463		0.93529			4
2025.10.02	00:50:40.793		0.93530			4
2025.10.02	00:50:42.472		0.93531			4
2025.10.02	00:50:43.413		0.93532			4
2025.10.02	00:50:44.490	0.93434				2
2025.10.02	00:50:45.233		0.93531			4
2025.10.02	00:50:48.554		0.93530			4
2025.10.02	00:50:49.736		0.93531			4
2025.10.02	00:50:50.231		0.93530			4
2025.10.02	00:50:50.882		0.93527			4
2025.10.02	00:50:51.244		0.93530			4
2025.10.02	00:50:56.315	0.93437				2
2025.10.02	00:51:00.357	0.93437	0.93531			6
2025.10.02	00:51:02.392	0.93431	0.93530			6
2025.10.02	00:51:10.065		0.93527			4
2025.10.02	00:51:10.465		0.93530			4
2025.10.02	00:51:11.334		0.93529			4
2025.10.02	00:51:12.390		0.93531			4
2025.10.02	00:51:13.313		0.93529			4
2025.10.02	00:51:14.820		0.93530			4
2025.10.02	00:51:15.183		0.93531			4
2025.10.02	00:51:15.495		0.93529			4
2025.10.02	00:51:15.818		0.93530			4
2025.10.02	00:51:17.928		0.93529			4
2025.10.02	00:51:18.347		0.93531			4
2025.10.02	00:51:19.315		0.93530			4
2025.10.02	00:51:20.791		0.93529			4
2025.10.02	00:51:22.210		0.93530			4
2025.10.02	00:51:22.598		0.93527			4
2025.10.02	00:51:23.315		0.93530			4
2025.10.02	00:51:23.724		0.93529			4
2025.10.02	00:51:25.177		0.93530			4
2025.10.02	00:51:25.482	0.93444	0.93539			6
2025.10.02	00:51:25.894	0.93431	0.93531			6
2025.10.02	00:51:27.300		0.93528			4
2025.10.02	00:51:27.607		0.93531			4
2025.10.02	00:51:28.064		0.93530			4
2025.10.02	00:51:28.392		0.93528			4
2025.10.02	00:51:28.824		0.93532			4
2025.10.02	00:51:29.322	0.93443	0.93539			6
2025.10.02	00:51:29.900	0.93431	0.93530			6
2025.10.02	00:51:30.413		0.93527			4
2025.10.02	00:51:30.718		0.93529			4
2025.10.02	00:51:34.244		0.93527			4
2025.10.02	00:51:34.782		0.93528			4
2025.10.02	00:51:35.101		0.93527			4
2025.10.02	00:51:35.481		0.93526			4
2025.10.02	00:51:36.712		0.93529			4
2025.10.02	00:51:37.219		0.93528			4
2025.10.02	00:51:37.542		0.93529			4
2025.10.02	00:51:38.447		0.93528			4
2025.10.02	00:51:38.860		0.93529			4
2025.10.02	00:51:39.426		0.93528			4
2025.10.02	00:51:40.071		0.93527			4
2025.10.02	00:51:40.823		0.93528			4
2025.10.02	00:51:41.451		0.93530			4
2025.10.02	00:51:44.041		0.93532			4
2025.10.02	00:51:44.397		0.93531			4
2025.10.02	00:51:46.038		0.93532			4
2025.10.02	00:51:46.863		0.93530			4
2025.10.02	00:51:47.278		0.93533			4
2025.10.02	00:51:47.733		0.93530			4
2025.10.02	00:51:48.305		0.93528			4
2025.10.02	00:51:49.160		0.93529			4
2025.10.02	00:51:50.317		0.93531			4
2025.10.02	00:51:50.624		0.93529			4
2025.10.02	00:51:52.042		0.93530			4
2025.10.02	00:51:52.346		0.93529			4
2025.10.02	00:51:52.668		0.93531			4
2025.10.02	00:51:53.414	0.93427	0.93530			6
2025.10.02	00:51:54.537		0.93528			4
2025.10.02	00:51:54.862	0.93428	0.93529			6
2025.10.02	00:51:55.178		0.93528			4
2025.10.02	00:51:55.510		0.93530			4
2025.10.02	00:51:55.847		0.93527			4
2025.10.02	00:51:56.274	0.93430	0.93529			6
2025.10.02	00:51:56.860		0.93528			4
2025.10.02	00:51:57.384		0.93529			4
2025.10.02	00:51:58.319		0.93532			4
2025.10.02	00:51:58.666		0.93529			4
2025.10.02	00:51:59.050		0.93531			4
2025.10.02	00:52:00.040	0.93430	0.93530			6
2025.10.02	00:52:00.356		0.93528			4
2025.10.02	00:52:00.953		0.93529			4
2025.10.02	00:52:01.287		0.93528			4
2025.10.02	00:52:01.598		0.93529			4
2025.10.02	00:52:02.329		0.93530			4
2025.10.02	00:52:04.394		0.93529			4
2025.10.02	00:52:05.636		0.93527			4
2025.10.02	00:52:06.320		0.93529			4
2025.10.02	00:52:07.703		0.93531			4
2025.10.02	00:52:08.708		0.93530			4
2025.10.02	00:52:09.281		0.93529			4
2025.10.02	00:52:10.614		0.93527			4
2025.10.02	00:52:10.954		0.93529			4
2025.10.02	00:52:11.915		0.93528			4
2025.10.02	00:52:12.561		0.93531			4
2025.10.02	00:52:13.342		0.93530			4
2025.10.02	00:52:13.843		0.93529			4
2025.10.02	00:52:14.325		0.93530			4
2025.10.02	00:52:16.817		0.93529			4
2025.10.02	00:52:17.721		0.93530			4
2025.10.02	00:52:18.409		0.93531			4
2025.10.02	00:52:19.434		0.93530			4
2025.10.02	00:52:20.419		0.93527			4
2025.10.02	00:52:20.916		0.93530			4
2025.10.02	00:52:21.403		0.93531			4
2025.10.02	00:52:23.624		0.93529			4
2025.10.02	00:52:24.349		0.93528			4
2025.10.02	00:52:24.703		0.93527			4
2025.10.02	00:52:25.397		0.93530			4
2025.10.02	00:52:25.820		0.93528			4
2025.10.02	00:52:26.303		0.93529			4
2025.10.02	00:52:26.628		0.93530			4
2025.10.02	00:52:26.956		0.93528			4
2025.10.02	00:52:28.320		0.93527			4
2025.10.02	00:52:28.983		0.93529			4
2025.10.02	00:52:29.322		0.93528			4
2025.10.02	00:52:30.038		0.93526			4
2025.10.02	00:52:31.133		0.93527			4
2025.10.02	00:52:31.460		0.93528			4
2025.10.02	00:52:31.821		0.93529			4
2025.10.02	00:52:32.123		0.93527			4
2025.10.02	00:52:32.921		0.93528			4
2025.10.02	00:52:35.279		0.93527			4
2025.10.02	00:52:35.778		0.93529			4
2025.10.02	00:52:36.087		0.93528			4
2025.10.02	00:52:36.414		0.93529			4
2025.10.02	00:52:36.723		0.93528			4
2025.10.02	00:52:37.977		0.93530			4
2025.10.02	00:52:38.779		0.93527			4
2025.10.02	00:52:39.152		0.93528			4
2025.10.02	00:52:40.141		0.93527			4
2025.10.02	00:52:40.864		0.93526			4
2025.10.02	00:52:45.388		0.93528			4
2025.10.02	00:52:46.238		0.93530			4
2025.10.02	00:52:47.859		0.93529			4
2025.10.02	00:52:48.880		0.93527			4
2025.10.02	00:52:49.918		0.93528			4
2025.10.02	00:52:52.435		0.93529			4
2025.10.02	00:52:53.391		0.93528			4
2025.10.02	00:52:54.041	0.93427				2
2025.10.02	00:52:54.358		0.93524			4
2025.10.02	00:52:55.038		0.93527			4
2025.10.02	00:52:55.359		0.93525			4
2025.10.02	00:52:55.828		0.93527			4
2025.10.02	00:52:56.501	0.93424	0.93525			6
2025.10.02	00:52:59.333		0.93527			4
2025.10.02	00:52:59.724	0.93428	0.93526			6
2025.10.02	00:53:00.649	0.93428				2
2025.10.02	00:53:01.938		0.93525			4
2025.10.02	00:53:02.451		0.93527			4
2025.10.02	00:53:02.791	0.93425	0.93523			6
2025.10.02	00:53:03.324		0.93525			4
2025.10.02	00:53:03.742		0.93526			4
2025.10.02	00:53:04.233		0.93527			4
2025.10.02	00:53:05.064		0.93526			4
2025.10.02	00:53:05.385		0.93528			4
2025.10.02	00:53:05.695		0.93529			4
2025.10.02	00:53:08.339		0.93528			4
2025.10.02	00:53:09.016		0.93527			4
2025.10.02	00:53:11.414	0.93426	0.93531			6
2025.10.02	00:53:13.225		0.93532			4
2025.10.02	00:53:14.920	0.93408	0.93515			6
2025.10.02	00:53:15.226		0.93530			4
2025.10.02	00:53:16.720	0.93412	0.93534			6
2025.10.02	00:53:17.155	0.93416	0.93531			6
2025.10.02	00:53:17.495		0.93534			4
2025.10.02	00:53:19.135		0.93535			4
2025.10.02	00:53:20.446	0.93412				2
2025.10.02	00:53:21.234	0.93416				2
2025.10.02	00:53:22.476		0.93534			4
2025.10.02	00:53:22.857		0.93531			4
2025.10.02	00:53:23.196		0.93533			4
2025.10.02	00:53:23.526		0.93535			4
2025.10.02	00:53:24.088		0.93536			4
2025.10.02	00:53:24.389		0.93537			4
2025.10.02	00:53:27.658		0.93542			4
2025.10.02	00:53:30.015		0.93541			4
2025.10.02	00:53:30.321		0.93542			4
2025.10.02	00:53:35.649		0.93541			4
2025.10.02	00:53:37.437		0.93542			4
2025.10.02	00:53:38.527		0.93539			4
2025.10.02	00:53:38.858		0.93542			4
2025.10.02	00:53:47.938		0.93541			4
2025.10.02	00:53:48.813	0.93417	0.93542			6
2025.10.02	00:53:49.858		0.93541			4
2025.10.02	00:53:52.877		0.93534			4
2025.10.02	00:53:53.343		0.93542			4
2025.10.02	00:53:53.878		0.93541			4
2025.10.02	00:53:54.564		0.93542			4
2025.10.02	00:53:55.641		0.93543			4
2025.10.02	00:53:56.330		0.93542			4
2025.10.02	00:53:57.965		0.93543			4
2025.10.02	00:53:59.636		0.93540			4
2025.10.02	00:53:59.949		0.93542			4
2025.10.02	00:54:00.900	0.93417	0.93541			6
2025.10.02	00:54:01.541		0.93543			4
2025.10.02	00:54:02.511		0.93541			4
2025.10.02	00:54:03.121		0.93539			4
2025.10.02	00:54:04.237	0.93425	0.93543			6
2025.10.02	00:54:05.144		0.93541			4
2025.10.02	00:54:06.731		0.93542			4
2025.10.02	00:54:07.364		0.93543			4
2025.10.02	00:54:08.304		0.93542			4
2025.10.02	00:54:10.668		0.93540			4
2025.10.02	00:54:12.735		0.93539			4
2025.10.02	00:54:13.769		0.93537			4
2025.10.02	00:54:16.134		0.93539			4
2025.10.02	00:54:17.399		0.93540			4
2025.10.02	00:54:18.137		0.93539			4
2025.10.02	00:54:19.343	0.93420	0.93543			6
2025.10.02	00:54:19.655		0.93542			4
2025.10.02	00:54:19.984	0.93421	0.93543			6
2025.10.02	00:54:20.294	0.93410	0.93542			6
2025.10.02	00:54:20.599	0.93421	0.93543			6
2025.10.02	00:54:20.916		0.93542			4
2025.10.02	00:54:21.218		0.93543			4
2025.10.02	00:54:21.519		0.93540			4
2025.10.02	00:54:21.821		0.93541			4
2025.10.02	00:54:22.497		0.93540			4
2025.10.02	00:54:22.811	0.93409	0.93542			6
2025.10.02	00:54:23.117	0.93410				2
2025.10.02	00:54:23.421	0.93413				2
2025.10.02	00:54:23.756	0.93431	0.93541			6
2025.10.02	00:54:24.059	0.93433				2
2025.10.02	00:54:24.508	0.93432	0.93540			6
2025.10.02	00:54:24.817	0.93433				2
2025.10.02	00:54:25.173		0.93539			4
2025.10.02	00:54:25.503	0.93434				2
2025.10.02	00:54:25.860	0.93432	0.93540			6
2025.10.02	00:54:27.840	0.93431	0.93541			6
2025.10.02	00:54:29.403	0.93427	0.93542			6
2025.10.02	00:54:29.858		0.93543			4
2025.10.02	00:54:32.034		0.93542			4
2025.10.02	00:54:33.522		0.93541			4
2025.10.02	00:54:36.702		0.93540			4
2025.10.02	00:54:37.280	0.93426				2
2025.10.02	00:54:40.190	0.93435	0.93542			6
2025.10.02	00:54:45.453	0.93429				2
2025.10.02	00:54:47.333		0.93543			4
2025.10.02	00:54:50.433		0.93542			4
2025.10.02	00:54:51.704		0.93543			4
2025.10.02	00:54:53.033		0.93542			4
2025.10.02	00:54:56.384	0.93426	0.93540			6
2025.10.02	00:55:00.448	0.93426				2
2025.10.02	00:55:04.865	0.93430	0.93543			6
2025.10.02	00:55:14.422		0.93542			4
2025.10.02	00:55:14.923	0.93429				2
2025.10.02	00:55:15.751	0.93430				2
2025.10.02	00:55:16.731	0.93426	0.93546			6
2025.10.02	00:55:17.135	0.93427	0.93547			6
2025.10.02	00:55:18.237		0.93544			4
2025.10.02	00:55:20.785		0.93546			4
2025.10.02	00:55:21.448	0.93429				2
2025.10.02	00:55:22.858		0.93544			4
2025.10.02	00:55:26.830		0.93543			4
2025.10.02	00:55:27.138		0.93544			4
2025.10.02	00:55:28.223		0.93543			4
2025.10.02	00:55:29.418		0.93544			4
2025.10.02	00:55:30.533		0.93543			4
2025.10.02	00:55:31.037		0.93542			4
2025.10.02	00:55:32.415	0.93422	0.93538			6
2025.10.02	00:55:33.116	0.93420	0.93536			6
2025.10.02	00:55:35.035		0.93540			4
2025.10.02	00:55:35.374		0.93542			4
2025.10.02	00:55:36.143		0.93540			4
2025.10.02	00:55:38.336		0.93541			4
2025.10.02	00:55:42.491	0.93427				2
2025.10.02	00:55:45.076		0.93534			4
2025.10.02	00:55:45.433		0.93539			4
2025.10.02	00:55:46.336		0.93540			4
2025.10.02	00:55:50.497	0.93423	0.93536			6
2025.10.02	00:55:54.837		0.93535			4
2025.10.02	00:55:55.382		0.93534			4
2025.10.02	00:55:56.023		0.93540			4
2025.10.02	00:55:58.770		0.93541			4
2025.10.02	00:56:00.049	0.93423	0.93540			6
2025.10.02	00:56:02.330	0.93421	0.93535			6
2025.10.02	00:56:04.347	0.93424	0.93532			6
2025.10.02	00:56:05.014	0.93426	0.93530			6
2025.10.02	00:56:05.854	0.93427	0.93529			6
2025.10.02	00:56:08.121	0.93433	0.93539			6
2025.10.02	00:56:09.096	0.93432				2
2025.10.02	00:56:09.437	0.93440	0.93531			6
2025.10.02	00:56:09.756	0.93435	0.93537			6
2025.10.02	00:56:10.322	0.93439	0.93533			6
2025.10.02	00:56:12.123	0.93438	0.93534			6
2025.10.02	00:56:13.162	0.93433	0.93538			6
2025.10.02	00:56:13.502	0.93432	0.93540			6
2025.10.02	00:56:13.845	0.93434	0.93538			6
2025.10.02	00:56:14.232	0.93433				2
2025.10.02	00:56:15.541	0.93434				2
2025.10.02	00:56:16.059	0.93437	0.93534			6
2025.10.02	00:56:17.349	0.93432	0.93540			6
2025.10.02	00:56:17.702	0.93431				2
2025.10.02	00:56:18.692	0.93437	0.93535			6
2025.10.02	00:56:21.350	0.93438				2
2025.10.02	00:56:21.658	0.93441	0.93530			6
2025.10.02	00:56:22.802	0.93432	0.93540			6
2025.10.02	00:56:23.118	0.93431	0.93541			6
2025.10.02	00:56:24.344	0.93440	0.93532			6
2025.10.02	00:56:25.642	0.93434	0.93537			6
2025.10.02	00:56:26.537	0.93433	0.93539			6
2025.10.02	00:56:27.338	0.93439	0.93533			6
2025.10.02	00:56:28.490	0.93437	0.93535			6
2025.10.02	00:56:28.903	0.93441	0.93530			6
2025.10.02	00:56:30.255	0.93433	0.93538			6
2025.10.02	00:56:30.821	0.93432	0.93542			6
2025.10.02	00:56:31.561	0.93435	0.93536			6
2025.10.02	00:56:32.036	0.93429	0.93543			6
2025.10.02	00:56:34.813	0.93437	0.93535			6
2025.10.02	00:56:35.649	0.93436	0.93536			6
2025.10.02	00:56:35.988	0.93437	0.93534			6
2025.10.02	00:56:36.654	0.93433	0.93538			6
2025.10.02	00:56:37.068	0.93437	0.93534			6
2025.10.02	00:56:37.774	0.93430	0.93541			6
2025.10.02	00:56:38.109	0.93436	0.93535			6
2025.10.02	00:56:38.857	0.93435	0.93536			6
2025.10.02	00:56:39.683	0.93440	0.93531			6
2025.10.02	00:56:40.294		0.93532			4
2025.10.02	00:56:44.349		0.93531			4
2025.10.02	00:56:45.206		0.93532			4
2025.10.02	00:56:47.340		0.93531			4
2025.10.02	00:56:52.118	0.93439	0.93532			6
2025.10.02	00:56:53.401	0.93440	0.93531			6
2025.10.02	00:56:53.803	0.93441	0.93530			6
2025.10.02	00:56:54.731		0.93531			4
2025.10.02	00:56:56.182	0.93439	0.93533			6
2025.10.02	00:56:59.637	0.93438				2
2025.10.02	00:57:00.447	0.93438				2
2025.10.02	00:57:02.349	0.93439				2
2025.10.02	00:57:03.398	0.93441	0.93530			6
2025.10.02	00:57:03.804	0.93439	0.93532			6
2025.10.02	00:57:04.297	0.93440	0.93531			6
2025.10.02	00:57:05.305	0.93439	0.93532			6
2025.10.02	00:57:11.337	0.93440				2
2025.10.02	00:57:13.118	0.93442	0.93531			6
2025.10.02	00:57:13.430	0.93443	0.93530			6
2025.10.02	00:57:14.545	0.93441	0.93532			6
2025.10.02	00:57:14.850	0.93442	0.93531			6
2025.10.02	00:57:15.880	0.93439	0.93533			6
2025.10.02	00:57:17.115	0.93440	0.93532			6
2025.10.02	00:57:24.862	0.93439	0.93533			6
2025.10.02	00:57:25.366	0.93437	0.93534			6
2025.10.02	00:57:26.348	0.93439	0.93532			6
2025.10.02	00:57:26.662		0.93533			4
2025.10.02	00:57:28.337	0.93437	0.93534			6
2025.10.02	00:57:31.041	0.93436	0.93535			6
2025.10.02	00:57:32.340	0.93438	0.93534			6
2025.10.02	00:57:32.802	0.93436	0.93535			6
2025.10.02	00:57:33.398	0.93439	0.93533			6
2025.10.02	00:57:34.339		0.93532			4
2025.10.02	00:57:36.405		0.93533			4
2025.10.02	00:57:38.096	0.93440	0.93532			6
2025.10.02	00:57:39.132	0.93441	0.93530			6
2025.10.02	00:57:39.509	0.93442				2
2025.10.02	00:57:41.039	0.93441				2
2025.10.02	00:57:41.664	0.93415				2
2025.10.02	00:57:42.682	0.93424				2
2025.10.02	00:57:43.337		0.93532			4
2025.10.02	00:57:46.337		0.93531			4
2025.10.02	00:57:48.018		0.93532			4
2025.10.02	00:57:49.956		0.93533			4
2025.10.02	00:57:52.348		0.93532			4
2025.10.02	00:57:52.657	0.93420	0.93533			6
2025.10.02	00:57:56.336	0.93416	0.93531			6
2025.10.02	00:57:56.709		0.93533			4
2025.10.02	00:57:59.353		0.93531			4
2025.10.02	00:57:59.725		0.93533			4
2025.10.02	00:58:00.748	0.93416	0.93529			6
2025.10.02	00:58:01.058		0.93528			4
2025.10.02	00:58:01.492		0.93530			4
2025.10.02	00:58:02.976		0.93529			4
2025.10.02	00:58:04.272	0.93420	0.93531			6
2025.10.02	00:58:07.232		0.93530			4
2025.10.02	00:58:08.340	0.93424				2
2025.10.02	00:58:10.172		0.93531			4
2025.10.02	00:58:11.626		0.93530			4
2025.10.02	00:58:14.641		0.93529			4
2025.10.02	00:58:16.039		0.93528			4
2025.10.02	00:58:16.917	0.93430	0.93524			6
2025.10.02	00:58:17.720	0.93432	0.93523			6
2025.10.02	00:58:20.037	0.93430				2
2025.10.02	00:58:20.477	0.93434				2
2025.10.02	00:58:21.010	0.93430	0.93526			6
2025.10.02	00:58:21.421	0.93431	0.93525			6
2025.10.02	00:58:21.728	0.93432				2
2025.10.02	00:58:23.357	0.93431	0.93526			6
2025.10.02	00:58:25.192		0.93525			4
2025.10.02	00:58:26.038		0.93526			4
2025.10.02	00:58:30.356	0.93430				2
2025.10.02	00:58:30.754	0.93431	0.93525			6
2025.10.02	00:58:34.208	0.93436				2
2025.10.02	00:58:34.644		0.93524			4
2025.10.02	00:58:36.376	0.93434	0.93526			6
2025.10.02	00:58:37.407	0.93439	0.93554			6
2025.10.02	00:58:38.863	0.93438				2
2025.10.02	00:58:39.560	0.93437				2
2025.10.02	00:58:40.034	0.93443	0.93553			6
2025.10.02	00:58:43.951	0.93442	0.93554			6
2025.10.02	00:58:44.823	0.93443				2
2025.10.02	00:58:45.205		0.93553			4
2025.10.02	00:58:52.520		0.93554			4
2025.10.02	00:58:53.807	0.93444				2
2025.10.02	00:58:58.882		0.93550			4
2025.10.02	00:58:59.724		0.93551			4
2025.10.02	00:59:00.089	0.93444				2
2025.10.02	00:59:03.012	0.93443	0.93553			6
2025.10.02	00:59:03.314	0.93442	0.93554			6
2025.10.02	00:59:04.348	0.93441				2
2025.10.02	00:59:04.688	0.93442				2
2025.10.02	00:59:05.131	0.93441				2
2025.10.02	00:59:06.041	0.93439				2
2025.10.02	00:59:06.357		0.93531			4
2025.10.02	00:59:06.721	0.93438	0.93532			6
2025.10.02	00:59:07.298	0.93439	0.93531			6
2025.10.02	00:59:08.415		0.93530			4
2025.10.02	00:59:08.715	0.93441	0.93554			6
2025.10.02	00:59:09.083	0.93440				2
2025.10.02	00:59:09.764	0.93441				2
2025.10.02	00:59:11.275	0.93436	0.93531			6
2025.10.02	00:59:11.741	0.93437	0.93530			6
2025.10.02	00:59:12.408	0.93435	0.93532			6
2025.10.02	00:59:13.352	0.93441	0.93549			6
2025.10.02	00:59:13.661	0.93434	0.93531			6
2025.10.02	00:59:14.728	0.93435				2
2025.10.02	00:59:15.118	0.93436				2
2025.10.02	00:59:16.734	0.93435				2
2025.10.02	00:59:17.037	0.93437				2
2025.10.02	00:59:20.338	0.93435	0.93532			6
2025.10.02	00:59:20.643		0.93531			4
2025.10.02	00:59:21.407		0.93532			4
2025.10.02	00:59:23.172	0.93434				2
2025.10.02	00:59:24.835	0.93435				2
2025.10.02	00:59:28.432	0.93434				2
2025.10.02	00:59:30.580	0.93440	0.93552			6
2025.10.02	00:59:35.636	0.93439				2
2025.10.02	00:59:37.422	0.93436	0.93534			6
2025.10.02	00:59:39.832	0.93435				2
2025.10.02	00:59:40.315	0.93437	0.93532			6
2025.10.02	00:59:40.959		0.93533			4
2025.10.02	00:59:53.730	0.93435	0.93535			6
2025.10.02	00:59:55.733	0.93434				2
2025.10.02	00:59:58.830		0.93536			4
2025.10.02	01:00:00.003	0.93433	0.93530			6
2025.10.02	01:00:00.306	0.93449	0.93547			6
2025.10.02	01:00:00.611	0.93453	0.93550			6
2025.10.02	01:00:00.946	0.93445	0.93552			6
2025.10.02	01:00:01.258	0.93444				2
2025.10.02	01:00:01.620	0.93457				2
2025.10.02	01:00:01.962	0.93451	0.93553			6
2025.10.02	01:00:02.290	0.93450				2
2025.10.02	01:00:02.621	0.93448	0.93554			6
2025.10.02	01:00:03.426	0.93446	0.93556			6
2025.10.02	01:00:04.052	0.93440	0.93549			6
2025.10.02	01:00:04.403	0.93435	0.93542			6
2025.10.02	01:00:05.006	0.93436	0.93543			6
2025.10.02	01:00:05.657	0.93437				2
2025.10.02	01:00:06.006	0.93438				2
2025.10.02	01:00:06.310		0.93542			4
2025.10.02	01:00:06.917	0.93457	0.93539			6
2025.10.02	01:00:07.247		0.93531			4
2025.10.02	01:00:07.750		0.93524			4
2025.10.02	01:00:14.597		0.93529			4
2025.10.02	01:00:35.521	0.93458				2
2025.10.02	01:00:37.464	0.93464				2
2025.10.02	01:00:37.833	0.93468				2
2025.10.02	01:00:38.756	0.93476				2
2025.10.02	01:00:39.082	0.93458				2
2025.10.02	01:00:39.691	0.93461				2
2025.10.02	01:00:40.010	0.93468				2
2025.10.02	01:00:40.369	0.93466				2
2025.10.02	01:00:40.859	0.93465				2
2025.10.02	01:00:45.449	0.93466				2
2025.10.02	01:00:53.157	0.93458				2
2025.10.02	01:01:00.306	0.93458				2
2025.10.02	01:01:01.142	0.93460				2
2025.10.02	01:01:01.459	0.93457				2
2025.10.02	01:01:14.101	0.93456				2
2025.10.02	01:01:14.440	0.93459				2
2025.10.02	01:01:14.768		0.93529			4
2025.10.02	01:01:15.533	0.93477				2
2025.10.02	01:01:19.018		0.93519			4
2025.10.02	01:01:24.700		0.93518			4
2025.10.02	01:01:32.382		0.93521			4
2025.10.02	01:01:33.486		0.93519			4
2025.10.02	01:01:33.799	0.93481	0.93517			6
2025.10.02	01:01:34.105	0.93483	0.93518			6
2025.10.02	01:01:34.423		0.93517			4
2025.10.02	01:01:34.766	0.93485				2
2025.10.02	01:01:35.077	0.93483				2
2025.10.02	01:01:36.021	0.93485				2
2025.10.02	01:01:36.345	0.93482				2
2025.10.02	01:01:36.649	0.93484				2
2025.10.02	01:01:36.994	0.93479				2
2025.10.02	01:01:37.299	0.93485				2
2025.10.02	01:01:37.701	0.93482				2
2025.10.02	01:01:38.009	0.93485				2
2025.10.02	01:01:38.318	0.93481	0.93518			6
2025.10.02	01:01:38.632	0.93484				2
2025.10.02	01:01:38.942	0.93481				2
2025.10.02	01:01:39.257	0.93483				2
2025.10.02	01:01:39.579	0.93481				2
2025.10.02	01:01:39.905	0.93484				2
2025.10.02	01:01:40.220	0.93482				2
2025.10.02	01:01:40.884	0.93483				2
2025.10.02	01:01:41.257	0.93481				2
2025.10.02	01:01:41.871	0.93483				2
2025.10.02	01:01:42.179	0.93481				2
2025.10.02	01:01:42.521	0.93482	0.93519			6
2025.10.02	01:01:42.864	0.93484	0.93518			6
2025.10.02	01:01:43.169	0.93482				2
2025.10.02	01:01:43.488	0.93483				2
2025.10.02	01:01:43.799	0.93482				2
2025.10.02	01:01:44.116	0.93485				2
2025.10.02	01:01:44.418	0.93484				2
2025.10.02	01:01:44.735	0.93479				2
2025.10.02	01:01:45.038	0.93484				2
2025.10.02	01:01:45.368	0.93482	0.93515			6
2025.10.02	01:01:45.682	0.93484				2
2025.10.02	01:01:45.996	0.93479				2
2025.10.02	01:01:46.299	0.93470				2
2025.10.02	01:01:47.519	0.93471				2
2025.10.02	01:01:47.840	0.93470				2
2025.10.02	01:01:48.761	0.93466				2
2025.10.02	01:01:49.079		0.93514			4
2025.10.02	01:01:49.390	0.93464				2
2025.10.02	01:01:50.029		0.93510			4
2025.10.02	01:01:50.659	0.93465				2
2025.10.02	01:01:50.978	0.93468				2
2025.10.02	01:01:51.283	0.93464				2
2025.10.02	01:01:51.599		0.93515			4
2025.10.02	01:01:51.933	0.93468				2
2025.10.02	01:01:52.347	0.93464				2
2025.10.02	01:01:52.713	0.93469				2
2025.10.02	01:01:53.019	0.93464	0.93514			6
2025.10.02	01:01:53.338	0.93469	0.93515			6
2025.10.02	01:01:53.957	0.93464	0.93514			6
2025.10.02	01:01:54.267	0.93468				2
2025.10.02	01:01:54.580		0.93510			4
2025.10.02	01:01:54.909	0.93464				2
2025.10.02	01:01:55.244		0.93514			4
2025.10.02	01:01:55.559	0.93466	0.93510			6
2025.10.02	01:01:55.955	0.93464				2
2025.10.02	01:01:56.265	0.93469				2
2025.10.02	01:01:56.900	0.93464				2
2025.10.02	01:01:57.527	0.93468	0.93513			6
2025.10.02	01:01:57.838		0.93516			4
2025.10.02	01:01:58.194	0.93464	0.93512			6
2025.10.02	01:01:58.507	0.93460	0.93509			6
2025.10.02	01:01:58.819	0.93466				2
2025.10.02	01:01:59.911	0.93468				2
2025.10.02	01:02:00.294	0.93468				2
2025.10.02	01:02:01.979	0.93467				2
2025.10.02	01:02:02.347		0.93506			4
2025.10.02	01:02:03.298	0.93468				2
2025.10.02	01:02:04.349	0.93467				2
2025.10.02	01:02:04.728	0.93468				2
2025.10.02	01:02:07.061	0.93469	0.93509			6
2025.10.02	01:02:13.734	0.93470				2
2025.10.02	01:02:14.350	0.93469				2
2025.10.02	01:02:16.349	0.93470				2
2025.10.02	01:02:22.786	0.93469	0.93505			6
2025.10.02	01:02:23.099		0.93508			4
2025.10.02	01:02:23.644		0.93505			4
2025.10.02	01:02:31.472	0.93468				2
2025.10.02	01:02:31.904	0.93469				2
2025.10.02	01:02:32.368	0.93470	0.93507			6
2025.10.02	01:02:44.303	0.93469				2
2025.10.02	01:02:45.365	0.93470				2
2025.10.02	01:02:45.859	0.93469				2
2025.10.02	01:02:50.979		0.93505			4
2025.10.02	01:02:54.759	0.93470				2
2025.10.02	01:02:55.952	0.93469				2
2025.10.02	01:02:57.234	0.93470				2
2025.10.02	01:03:00.373	0.93470				2
2025.10.02	01:03:00.679	0.93468				2
2025.10.02	01:03:01.012	0.93469	0.93507			6
2025.10.02	01:03:05.934	0.93470				2
2025.10.02	01:03:10.183		0.93505			4
2025.10.02	01:03:10.520		0.93504			4
2025.10.02	01:03:11.934	0.93471				2
2025.10.02	01:03:14.738	0.93475	0.93507			6
2025.10.02	01:03:17.466	0.93481	0.93510			6
2025.10.02	01:03:17.916	0.93485	0.93515			6
2025.10.02	01:03:18.220		0.93520			4
2025.10.02	01:03:19.017	0.93486	0.93515			6
2025.10.02	01:03:28.354		0.93521			4
2025.10.02	01:03:28.983	0.93489	0.93524			6
2025.10.02	01:03:29.693		0.93523			4
2025.10.02	01:03:30.014	0.93490				2
2025.10.02	01:03:38.699	0.93496	0.93528			6
2025.10.02	01:03:39.631	0.93498				2
2025.10.02	01:03:40.337		0.93536			4
2025.10.02	01:03:42.671	0.93496	0.93528			6
2025.10.02	01:03:43.383	0.93494				2
2025.10.02	01:03:44.377	0.93495				2
2025.10.02	01:03:45.393	0.93491	0.93523			6
2025.10.02	01:03:47.352	0.93493	0.93522			6
2025.10.02	01:03:47.658		0.93523			4
2025.10.02	01:03:48.685		0.93524			4
2025.10.02	01:03:50.924	0.93494				2
2025.10.02	01:03:52.600	0.93493	0.93522			6
2025.10.02	01:03:55.780	0.93491	0.93518			6
2025.10.02	01:04:00.354	0.93491				2
2025.10.02	01:04:01.353	0.93489	0.93509			6
2025.10.02	01:04:01.658	0.93487	0.93516			6
2025.10.02	01:04:03.312		0.93517			4
2025.10.02	01:04:03.766	0.93479	0.93508			6
2025.10.02	01:04:06.106	0.93477	0.93507			6
2025.10.02	01:04:06.428	0.93476	0.93505			6
2025.10.02	01:04:07.181	0.93475	0.93507			6
2025.10.02	01:04:09.353	0.93476	0.93506			6
2025.10.02	01:04:09.670	0.93477				2
2025.10.02	01:04:09.991		0.93507			4
2025.10.02	01:04:10.675	0.93480				2
2025.10.02	01:04:11.011	0.93481	0.93508			6
2025.10.02	01:04:12.237	0.93480				2
2025.10.02	01:04:13.182	0.93479	0.93507			6
2025.10.02	01:04:13.522	0.93480				2
2025.10.02	01:04:14.347		0.93509			4
2025.10.02	01:04:15.533	0.93481				2
2025.10.02	01:04:19.433	0.93480				2
2025.10.02	01:04:24.027	0.93481				2
2025.10.02	01:04:24.356	0.93480				2
2025.10.02	01:04:24.658	0.93479				2
2025.10.02	01:04:25.672	0.93487				2
2025.10.02	01:04:36.799		0.93507			4
2025.10.02	01:04:43.387		0.93506			4
2025.10.02	01:04:50.169	0.93490				2
2025.10.02	01:04:51.488		0.93507			4
2025.10.02	01:05:00.096	0.93490				2
2025.10.02	01:05:01.223		0.93506			4
2025.10.02	01:05:08.664	0.93488				2
2025.10.02	01:05:20.657	0.93483	0.93505			6
2025.10.02	01:05:20.963		0.93510			4
2025.10.02	01:05:21.595		0.93506			4
2025.10.02	01:05:45.990	0.93481				2
2025.10.02	01:06:00.534	0.93481				2
2025.10.02	01:06:01.326	0.93485	0.93510			6
2025.10.02	01:06:01.632		0.93513			4
2025.10.02	01:06:02.038		0.93512			4
2025.10.02	01:06:02.353	0.93483	0.93514			6
2025.10.02	01:06:03.360		0.93513			4
2025.10.02	01:06:07.433		0.93514			4
2025.10.02	01:06:08.548	0.93482	0.93506			6
2025.10.02	01:06:08.860		0.93505			4
2025.10.02	01:06:16.733	0.93485	0.93512			6
2025.10.02	01:06:20.333		0.93513			4
2025.10.02	01:06:21.533		0.93512			4
2025.10.02	01:06:22.701	0.93484				2
2025.10.02	01:06:25.671	0.93485				2
2025.10.02	01:06:27.157	0.93484	0.93514			6
2025.10.02	01:06:31.734		0.93513			4
2025.10.02	01:06:34.346	0.93485				2
2025.10.02	01:06:37.376		0.93514			4
2025.10.02	01:06:47.933		0.93513			4
2025.10.02	01:06:49.449	0.93487	0.93514			6
2025.10.02	01:06:57.234	0.93486				2
2025.10.02	01:07:00.913	0.93484	0.93513			6
2025.10.02	01:07:01.562	0.93482	0.93505			6
2025.10.02	01:07:14.441	0.93483				2
2025.10.02	01:07:16.595	0.93482	0.93506			6
2025.10.02	01:08:00.012	0.93482				2
2025.10.02	01:08:05.932	0.93483				2
2025.10.02	01:08:08.759	0.93482	0.93505			6
2025.10.02	01:08:09.080	0.93478				2
2025.10.02	01:08:10.979	0.93474				2
2025.10.02	01:08:12.349	0.93471				2
2025.10.02	01:08:12.678	0.93481	0.93506			6
2025.10.02	01:08:13.512	0.93482				2
2025.10.02	01:08:14.301	0.93473				2
2025.10.02	01:08:16.598	0.93472				2
2025.10.02	01:08:19.773		0.93505			4
2025.10.02	01:08:21.950		0.93506			4
2025.10.02	01:09:00.860	0.93472				2
2025.10.02	01:09:01.973	0.93473				2
2025.10.02	01:09:07.740	0.93474				2
2025.10.02	01:09:12.390		0.93505			4
2025.10.02	01:09:14.337	0.93473				2
2025.10.02	01:09:37.381	0.93474				2
2025.10.02	01:09:38.371	0.93473				2
2025.10.02	01:10:00.375	0.93474				2
2025.10.02	01:10:02.373	0.93473				2
2025.10.02	01:10:11.371	0.93474				2
2025.10.02	01:10:12.416		0.93505			4
2025.10.02	01:10:28.733		0.93504			4
2025.10.02	01:10:33.234		0.93505			4
2025.10.02	01:10:43.434		0.93504			4
2025.10.02	01:10:45.439	0.93475	0.93505			6
2025.10.02	01:10:49.329	0.93479				2
2025.10.02	01:10:52.134	0.93478				2
2025.10.02	01:10:53.908	0.93479	0.93504			6
2025.10.02	01:10:56.614	0.93474	0.93503			6
2025.10.02	01:10:59.633	0.93473	0.93502			6
2025.10.02	01:11:01.595	0.93472				2
2025.10.02	01:11:02.720	0.93474	0.93503			6
2025.10.02	01:11:05.576	0.93478	0.93499			6
2025.10.02	01:11:06.739	0.93475				2
2025.10.02	01:11:11.983	0.93480				2
2025.10.02	01:11:27.455	0.93476				2
2025.10.02	01:11:28.392	0.93478				2
2025.10.02	01:11:33.834	0.93477				2
2025.10.02	01:11:39.227	0.93474				2
2025.10.02	01:11:39.540	0.93489	0.93506			6
2025.10.02	01:11:39.857	0.93488	0.93505			6
2025.10.02	01:11:40.875		0.93504			4
2025.10.02	01:11:43.734		0.93503			4
2025.10.02	01:11:44.113	0.93487				2
2025.10.02	01:11:44.471		0.93504			4
2025.10.02	01:11:45.738		0.93503			4
2025.10.02	01:11:59.021	0.93486	0.93502			6
2025.10.02	01:12:00.053	0.93486				2
2025.10.02	01:12:01.571		0.93503			4
2025.10.02	01:12:03.575	0.93487	0.93502			6
2025.10.02	01:12:04.350	0.93486				2
2025.10.02	01:12:05.670		0.93503			4
2025.10.02	01:12:06.774		0.93502			4
2025.10.02	01:12:07.834		0.93503			4
2025.10.02	01:12:08.985	0.93487	0.93504			6
2025.10.02	01:12:10.999		0.93505			4
2025.10.02	01:12:14.993		0.93503			4
2025.10.02	01:12:15.315		0.93505			4
2025.10.02	01:12:15.643		0.93504			4
2025.10.02	01:12:17.191	0.93486				2
2025.10.02	01:12:18.381	0.93490				2
2025.10.02	01:12:19.079		0.93505			4
2025.10.02	01:12:19.532		0.93504			4
2025.10.02	01:12:19.858	0.93492				2
2025.10.02	01:12:20.171		0.93505			4
2025.10.02	01:12:22.245		0.93504			4
2025.10.02	01:12:22.558		0.93505			4
2025.10.02	01:12:28.387		0.93506			4
2025.10.02	01:12:29.273		0.93505			4
2025.10.02	01:12:32.321	0.93490				2
2025.10.02	01:12:34.353	0.93489	0.93504			6
2025.10.02	01:12:35.410		0.93505			4
2025.10.02	01:12:36.372	0.93488	0.93502			6
2025.10.02	01:12:37.392		0.93505			4
2025.10.02	01:12:37.698	0.93493	0.93510			6
2025.10.02	01:12:39.833		0.93514			4
2025.10.02	01:12:40.393	0.93494				2
2025.10.02	01:12:47.608	0.93490				2
2025.10.02	01:12:53.946	0.93492	0.93515			6
2025.10.02	01:12:54.354	0.93491	0.93514			6
2025.10.02	01:12:56.858	0.93490				2
2025.10.02	01:12:57.833	0.93491				2
2025.10.02	01:13:00.177	0.93491				2
2025.10.02	01:13:00.711	0.93489				2
2025.10.02	01:13:01.859	0.93488				2
2025.10.02	01:13:10.734	0.93487				2
2025.10.02	01:13:14.637	0.93488				2
2025.10.02	01:13:16.400	0.93494				2
2025.10.02	01:13:19.266	0.93492	0.93515			6
2025.10.02	01:13:19.704	0.93491				2
2025.10.02	01:13:20.834		0.93516			4
2025.10.02	01:13:22.732	0.93490				2
2025.10.02	01:13:25.881	0.93491	0.93517			6
2025.10.02	01:13:27.858	0.93492				2
2025.10.02	01:13:30.233	0.93491				2
2025.10.02	01:13:31.733	0.93492				2
2025.10.02	01:13:33.234	0.93491				2
2025.10.02	01:13:35.672	0.93499	0.93524			6
2025.10.02	01:13:45.355		0.93523			4
2025.10.02	01:14:00.463	0.93499	0.93520			6
2025.10.02	01:14:03.270		0.93522			4
2025.10.02	01:14:11.537	0.93500				2
2025.10.02	01:14:26.036		0.93521			4
2025.10.02	01:14:33.877		0.93522			4
2025.10.02	01:14:34.820		0.93521			4
2025.10.02	01:14:39.344		0.93522			4
2025.10.02	01:14:58.735		0.93521			4
2025.10.02	01:15:00.233	0.93500				2
2025.10.02	01:15:01.435		0.93522			4
2025.10.02	01:15:01.829	0.93499	0.93521			6
2025.10.02	01:15:02.143		0.93517			4
2025.10.02	01:15:02.503		0.93515			4
2025.10.02	01:15:02.919	0.93500	0.93521			6
2025.10.02	01:15:18.250	0.93502	0.93523			6
2025.10.02	01:15:50.595		0.93522			4
2025.10.02	01:15:52.135		0.93523			4
2025.10.02	01:15:54.835		0.93522			4
2025.10.02	01:15:56.335		0.93523			4
2025.10.02	01:16:00.364	0.93502				2
2025.10.02	01:16:04.737		0.93522			4
2025.10.02	01:16:10.231	0.93503	0.93523			6
2025.10.02	01:16:16.237	0.93502	0.93522			6
2025.10.02	01:16:16.550	0.93503				2
2025.10.02	01:16:17.032	0.93502				2
2025.10.02	01:16:17.423	0.93503				2
2025.10.02	01:16:18.233	0.93502				2
2025.10.02	01:16:18.586	0.93503				2
2025.10.02	01:16:20.332	0.93504	0.93524			6
2025.10.02	01:16:41.374	0.93505				2
2025.10.02	01:16:51.093	0.93504	0.93523			6
2025.10.02	01:16:52.162	0.93505	0.93525			6
2025.10.02	01:16:52.732		0.93524			4
2025.10.02	01:17:00.408	0.93505	0.93523			6
2025.10.02	01:17:00.726		0.93524			4
2025.10.02	01:17:09.838		0.93523			4
2025.10.02	01:17:11.682		0.93524			4
2025.10.02	01:17:16.182		0.93523			4
2025.10.02	01:17:16.601		0.93524			4
2025.10.02	01:17:17.217		0.93523			4
2025.10.02	01:17:17.638		0.93524			4
2025.10.02	01:17:18.253		0.93523			4
2025.10.02	01:17:18.559		0.93524			4
2025.10.02	01:17:19.289		0.93523			4
2025.10.02	01:17:19.709		0.93524			4
2025.10.02	01:17:27.579		0.93523			4
2025.10.02	01:17:28.920		0.93524			4
2025.10.02	01:17:35.814		0.93522			4
2025.10.02	01:17:37.939	0.93503				2
2025.10.02	01:17:42.237	0.93505	0.93523			6
2025.10.02	01:17:46.145		0.93525			4
2025.10.02	01:17:46.476	0.93507				2
2025.10.02	01:17:47.226	0.93508				2
2025.10.02	01:17:52.301		0.93524			4
2025.10.02	01:17:52.713		0.93525			4
2025.10.02	01:18:00.728	0.93508	0.93524			6
2025.10.02	01:18:01.283	0.93506				2
2025.10.02	01:18:09.033		0.93523			4
2025.10.02	01:18:09.538		0.93524			4
2025.10.02	01:18:12.138	0.93508	0.93525			6
2025.10.02	01:18:14.341		0.93524			4
2025.10.02	01:18:15.976		0.93525			4
2025.10.02	01:18:16.276	0.93507				2
2025.10.02	01:18:17.739		0.93524			4
2025.10.02	01:18:19.125		0.93525			4
2025.10.02	01:18:19.772		0.93524			4
2025.10.02	01:18:21.194		0.93525			4
2025.10.02	01:18:21.832		0.93524			4
2025.10.02	01:18:27.234		0.93525			4
2025.10.02	01:18:30.986		0.93524			4
2025.10.02	01:18:32.056	0.93506				2
2025.10.02	01:18:32.411		0.93523			4
2025.10.02	01:18:33.623		0.93524			4
2025.10.02	01:18:35.311		0.93523			4
2025.10.02	01:18:37.298		0.93524			4
2025.10.02	01:18:38.713		0.93523			4
2025.10.02	01:18:40.483		0.93524			4
2025.10.02	01:18:41.339		0.93523			4
2025.10.02	01:18:41.650		0.93524			4
2025.10.02	01:18:44.656		0.93523			4
2025.10.02	01:18:45.348	0.93508	0.93524			6
2025.10.02	01:18:45.660	0.93507				2
2025.10.02	01:18:49.432	0.93508				2
2025.10.02	01:18:50.384	0.93506				2
2025.10.02	01:18:51.376	0.93507				2
2025.10.02	01:18:51.685	0.93508	0.93523			6
2025.10.02	01:18:52.785	0.93507				2
2025.10.02	01:18:53.332	0.93508				2
2025.10.02	01:18:53.831		0.93524			4
2025.10.02	01:18:55.385		0.93523			4
2025.10.02	01:18:56.451	0.93509				2
2025.10.02	01:18:56.938	0.93508				2
2025.10.02	01:19:00.315	0.93508				2
2025.10.02	01:19:00.712	0.93506				2
2025.10.02	01:19:01.509	0.93507	0.93522			6
2025.10.02	01:19:02.110	0.93508	0.93523			6
2025.10.02	01:19:02.541	0.93506				2
2025.10.02	01:19:03.141	0.93508				2
2025.10.02	01:19:03.577	0.93507	0.93522			6
2025.10.02	01:19:03.954	0.93506	0.93523			6
2025.10.02	01:19:04.377	0.93507				2
2025.10.02	01:19:04.740		0.93522			4
2025.10.02	01:19:05.173	0.93506	0.93523			6
2025.10.02	01:19:05.872		0.93524			4
2025.10.02	01:19:06.250	0.93508	0.93522			6
2025.10.02	01:19:06.979	0.93506				2
2025.10.02	01:19:07.365		0.93523			4
2025.10.02	01:19:08.379	0.93508				2
2025.10.02	01:19:09.404	0.93507				2
2025.10.02	01:19:11.474		0.93522			4
2025.10.02	01:19:12.200		0.93524			4
2025.10.02	01:19:12.527		0.93522			4
2025.10.02	01:19:13.245		0.93524			4
2025.10.02	01:19:13.561		0.93523			4
2025.10.02	01:19:17.425	0.93508				2
2025.10.02	01:19:17.769	0.93507				2
2025.10.02	01:19:22.646		0.93524			4
2025.10.02	01:19:22.966		0.93522			4
2025.10.02	01:19:23.685		0.93524			4
2025.10.02	01:19:24.001		0.93522			4
2025.10.02	01:19:24.411	0.93508	0.93523			6
2025.10.02	01:19:24.730	0.93507				2
2025.10.02	01:19:28.254		0.93524			4
2025.10.02	01:19:28.587		0.93523			4
2025.10.02	01:19:32.319	0.93509				2
2025.10.02	01:19:33.696		0.93524			4
2025.10.02	01:19:37.836		0.93523			4
2025.10.02	01:19:39.539		0.93524			4
2025.10.02	01:19:39.909		0.93523			4
2025.10.02	01:19:41.903	0.93506				2
2025.10.02	01:19:42.219		0.93522			4
2025.10.02	01:19:42.623	0.93505				2
2025.10.02	01:19:42.971	0.93506				2
2025.10.02	01:19:44.975		0.93521			4
2025.10.02	01:19:45.372		0.93522			4
2025.10.02	01:19:45.675		0.93523			4
2025.10.02	01:19:45.988	0.93508				2
2025.10.02	01:19:46.307	0.93507	0.93520			6
2025.10.02	01:19:46.642	0.93506				2
2025.10.02	01:19:47.111	0.93507	0.93519			6
2025.10.02	01:19:48.350	0.93506				2
2025.10.02	01:19:51.537	0.93507	0.93520			6
2025.10.02	01:19:51.847	0.93506	0.93519			6
2025.10.02	01:19:52.261	0.93505	0.93521			6
2025.10.02	01:19:53.627		0.93520			4
2025.10.02	01:19:53.937		0.93521			4
2025.10.02	01:19:55.701		0.93520			4
2025.10.02	01:19:56.033	0.93506	0.93521			6
2025.10.02	01:19:56.338	0.93505	0.93520			6
2025.10.02	01:20:00.522	0.93504				2
2025.10.02	01:20:00.943	0.93506	0.93521			6
2025.10.02	01:20:01.301	0.93505				2
2025.10.02	01:20:02.003		0.93522			4
2025.10.02	01:20:02.323	0.93506				2
2025.10.02	01:20:03.596		0.93523			4
2025.10.02	01:20:16.108		0.93522			4
2025.10.02	01:20:17.809	0.93513	0.93527			6
2025.10.02	01:20:18.270	0.93512				2
2025.10.02	01:20:18.580	0.93509	0.93526			6
2025.10.02	01:20:19.472		0.93527			4
2025.10.02	01:20:21.402	0.93510				2
2025.10.02	01:20:23.171	0.93512				2
2025.10.02	01:20:33.833	0.93511				2
2025.10.02	01:20:34.991	0.93512				2
2025.10.02	01:20:35.633	0.93511				2
2025.10.02	01:20:36.994	0.93512				2
2025.10.02	01:20:38.334	0.93508	0.93522			6
2025.10.02	01:20:38.639	0.93507				2
2025.10.02	01:20:40.134	0.93508	0.93521			6
2025.10.02	01:20:44.145	0.93504				2
2025.10.02	01:20:46.221	0.93505	0.93520			6
2025.10.02	01:20:52.338	0.93503	0.93518			6
2025.10.02	01:20:52.639	0.93502	0.93519			6
2025.10.02	01:20:54.731	0.93503				2
2025.10.02	01:20:56.561	0.93502				2
2025.10.02	01:20:58.649	0.93503				2
2025.10.02	01:21:00.737	0.93503				2
2025.10.02	01:21:01.540	0.93502				2
2025.10.02	01:21:02.338	0.93503	0.93518			6
2025.10.02	01:21:02.662	0.93502	0.93519			6
2025.10.02	01:21:10.100	0.93501				2
2025.10.02	01:21:13.642	0.93502				2
2025.10.02	01:21:14.877	0.93501				2
2025.10.02	01:21:15.834	0.93502				2
2025.10.02	01:21:16.968		0.93518			4
2025.10.02	01:21:21.142	0.93505	0.93522			6
2025.10.02	01:21:22.320	0.93506				2
2025.10.02	01:21:46.517		0.93523			4
2025.10.02	01:21:47.333		0.93522			4
2025.10.02	01:21:51.267	0.93505				2
2025.10.02	01:21:55.435		0.93523			4
2025.10.02	01:21:56.097		0.93522			4
2025.10.02	01:21:57.007		0.93523			4
2025.10.02	01:21:57.396		0.93522			4
2025.10.02	01:21:58.700		0.93521			4
2025.10.02	01:22:00.097	0.93505				2
2025.10.02	01:22:00.464		0.93522			4
2025.10.02	01:22:00.845		0.93521			4
2025.10.02	01:22:01.795		0.93522			4
2025.10.02	01:22:02.333		0.93521			4
2025.10.02	01:22:04.903		0.93522			4
2025.10.02	01:22:06.070		0.93521			4
2025.10.02	01:22:06.972		0.93522			4
2025.10.02	01:22:07.733		0.93521			4
2025.10.02	01:22:10.080		0.93522			4
2025.10.02	01:22:12.832		0.93521			4
2025.10.02	01:22:15.258		0.93522			4
2025.10.02	01:22:16.732		0.93521			4
2025.10.02	01:22:25.735		0.93522			4
2025.10.02	01:22:26.634		0.93521			4
2025.10.02	01:22:30.276		0.93522			4
2025.10.02	01:22:31.831		0.93521			4
2025.10.02	01:22:32.320		0.93522			4
2025.10.02	01:22:32.933		0.93521			4
2025.10.02	01:22:33.515	0.93506				2
2025.10.02	01:22:34.550		0.93522			4
2025.10.02	01:22:35.032		0.93521			4
2025.10.02	01:22:35.633		0.93522			4
2025.10.02	01:22:44.332		0.93521			4
2025.10.02	01:22:45.379		0.93522			4
2025.10.02	01:22:46.134		0.93521			4
2025.10.02	01:22:47.494		0.93522			4
2025.10.02	01:22:48.232		0.93521			4
2025.10.02	01:22:50.537		0.93522			4
2025.10.02	01:22:52.805		0.93521			4
2025.10.02	01:22:55.524		0.93522			4
2025.10.02	01:22:57.730		0.93521			4
2025.10.02	01:22:59.925		0.93522			4
2025.10.02	01:23:00.317	0.93506	0.93521			6
2025.10.02	01:23:04.587		0.93522			4
2025.10.02	01:23:04.973		0.93521			4
2025.10.02	01:23:06.834		0.93522			4
2025.10.02	01:23:26.149	0.93505				2
2025.10.02	01:23:42.256		0.93521			4
2025.10.02	01:23:43.293		0.93522			4
2025.10.02	01:23:43.732		0.93521			4
2025.10.02	01:23:48.472		0.93522			4
2025.10.02	01:23:49.765	0.93504	0.93521			6
2025.10.02	01:23:50.116	0.93505				2
2025.10.02	01:23:52.321	0.93506				2
2025.10.02	01:23:53.032		0.93522			4
2025.10.02	01:23:57.224		0.93521			4
2025.10.02	01:24:00.234	0.93506	0.93522			6
2025.10.02	01:24:02.064		0.93521			4
2025.10.02	01:24:13.929		0.93522			4
2025.10.02	01:24:17.634		0.93521			4
2025.10.02	01:24:19.133		0.93522			4
2025.10.02	01:24:25.203		0.93521			4
2025.10.02	01:24:25.518	0.93507	0.93520			6
2025.10.02	01:24:26.444	0.93506	0.93521			6
2025.10.02	01:24:27.406	0.93507	0.93520			6
2025.10.02	01:24:28.908	0.93506	0.93521			6
2025.10.02	01:24:30.560		0.93522			4
2025.10.02	01:24:34.433		0.93521			4
2025.10.02	01:24:43.164		0.93522			4
2025.10.02	01:24:47.037		0.93521			4
2025.10.02	01:24:48.383		0.93522			4
2025.10.02	01:24:50.114	0.93505	0.93521			6
2025.10.02	01:24:53.608		0.93522			4
2025.10.02	01:24:55.443		0.93521			4
2025.10.02	01:25:00.916	0.93505				2
2025.10.02	01:25:01.957	0.93506				2
2025.10.02	01:25:02.333		0.93522			4
2025.10.02	01:25:09.917		0.93521			4
2025.10.02	01:25:10.720		0.93522			4
2025.10.02	01:25:11.796		0.93521			4
2025.10.02	01:25:12.766		0.93522			4
2025.10.02	01:25:44.077		0.93521			4
2025.10.02	01:25:45.906		0.93522			4
2025.10.02	01:25:46.827		0.93521			4
2025.10.02	01:25:47.977		0.93522			4
2025.10.02	01:25:49.145		0.93521			4
2025.10.02	01:25:51.087		0.93522			4
2025.10.02	01:25:52.196		0.93521			4
2025.10.02	01:25:54.194		0.93522			4
2025.10.02	01:25:55.433		0.93521			4
2025.10.02	01:25:57.301		0.93522			4
2025.10.02	01:25:58.594		0.93521			4
2025.10.02	01:25:59.369		0.93522			4
2025.10.02	01:26:00.666	0.93506	0.93521			6
2025.10.02	01:26:01.446		0.93522			4
2025.10.02	01:26:06.535		0.93521			4
2025.10.02	01:26:12.835		0.93522			4
2025.10.02	01:26:16.514		0.93521			4
2025.10.02	01:26:20.333		0.93522			4
2025.10.02	01:26:21.593	0.93508				2
2025.10.02	01:26:22.175	0.93507				2
2025.10.02	01:26:23.256		0.93523			4
2025.10.02	01:26:24.487		0.93522			4
2025.10.02	01:26:25.297		0.93523			4
2025.10.02	01:26:26.636		0.93522			4
2025.10.02	01:26:27.248		0.93523			4
2025.10.02	01:26:27.597		0.93522			4
2025.10.02	01:26:28.404		0.93523			4
2025.10.02	01:26:29.928		0.93522			4
2025.10.02	01:26:32.634		0.93523			4
2025.10.02	01:26:33.038		0.93522			4
2025.10.02	01:26:33.596		0.93523			4
2025.10.02	01:26:34.072		0.93522			4
2025.10.02	01:26:34.628		0.93523			4
2025.10.02	01:26:35.108		0.93522			4
2025.10.02	01:26:35.657		0.93523			4
2025.10.02	01:26:37.141		0.93522			4
2025.10.02	01:26:39.803		0.93523			4
2025.10.02	01:26:40.287		0.93522			4
2025.10.02	01:26:41.209	0.93506				2
2025.10.02	01:26:46.148		0.93521			4
2025.10.02	01:26:48.187		0.93522			4
2025.10.02	01:26:48.976		0.93521			4
2025.10.02	01:26:50.379		0.93522			4
2025.10.02	01:27:00.665	0.93506				2
2025.10.02	01:27:01.959		0.93520			4
2025.10.02	01:27:51.349	0.93504				2
2025.10.02	01:27:52.394		0.93519			4
2025.10.02	01:27:53.558		0.93520			4
2025.10.02	01:27:54.535		0.93519			4
2025.10.02	01:27:55.733		0.93520			4
2025.10.02	01:27:56.632		0.93519			4
2025.10.02	01:27:58.736		0.93520			4
2025.10.02	01:27:59.643		0.93519			4
2025.10.02	01:28:00.832	0.93504	0.93520			6
2025.10.02	01:28:01.787		0.93519			4
2025.10.02	01:28:02.637		0.93520			4
2025.10.02	01:28:19.002		0.93517			4
2025.10.02	01:28:25.366	0.93506	0.93520			6
2025.10.02	01:28:27.236		0.93521			4
2025.10.02	01:28:29.090	0.93507				2
2025.10.02	01:28:31.132	0.93506				2
2025.10.02	01:28:35.528	0.93507	0.93520			6
2025.10.02	01:28:37.781	0.93506				2
2025.10.02	01:28:42.537		0.93521			4
2025.10.02	01:28:45.032		0.93520			4
2025.10.02	01:28:46.732		0.93521			4
2025.10.02	01:28:57.533		0.93520			4
2025.10.02	01:28:58.182	0.93507	0.93521			6
2025.10.02	01:29:00.660	0.93508	0.93522			6
2025.10.02	01:29:02.445	0.93509	0.93523			6
2025.10.02	01:29:03.128		0.93522			4
2025.10.02	01:29:13.361	0.93508				2
2025.10.02	01:29:35.638	0.93507				2
2025.10.02	01:29:36.745		0.93523			4
2025.10.02	01:29:38.757		0.93522			4
2025.10.02	01:29:39.853		0.93523			4
2025.10.02	01:29:40.891		0.93522			4
2025.10.02	01:29:41.933		0.93523			4
2025.10.02	01:29:42.832		0.93522			4
2025.10.02	01:29:43.997		0.93523			4
2025.10.02	01:29:45.044		0.93522			4
2025.10.02	01:29:47.101		0.93523			4
2025.10.02	01:29:47.935		0.93522			4
2025.10.02	01:29:49.173		0.93523			4
2025.10.02	01:29:51.246	0.93508				2
2025.10.02	01:30:00.379	0.93509				2
2025.10.02	01:30:03.187	0.93515	0.93520			6
2025.10.02	01:30:05.390	0.93514	0.93521			6
2025.10.02	01:30:05.697	0.93513	0.93520			6
2025.10.02	01:30:06.325	0.93512				2
2025.10.02	01:30:06.628	0.93510	0.93524			6
2025.10.02	01:30:07.356		0.93523			4
2025.10.02	01:30:09.409	0.93508				2
2025.10.02	01:30:11.332		0.93522			4
2025.10.02	01:30:12.869		0.93523			4
2025.10.02	01:30:14.334		0.93522			4
2025.10.02	01:30:15.377	0.93507				2
2025.10.02	01:30:15.974		0.93523			4
2025.10.02	01:30:17.009		0.93522			4
2025.10.02	01:30:17.879	0.93509	0.93523			6
2025.10.02	01:30:18.375	0.93511	0.93524			6
2025.10.02	01:30:18.836	0.93509				2
2025.10.02	01:30:19.734	0.93510	0.93523			6
2025.10.02	01:30:20.770	0.93509	0.93524			6
2025.10.02	01:30:21.122	0.93510	0.93523			6
2025.10.02	01:30:23.066		0.93524			4
2025.10.02	01:30:24.102	0.93507	0.93522			6
2025.10.02	01:30:24.474	0.93508				2
2025.10.02	01:30:25.193		0.93523			4
2025.10.02	01:30:25.685		0.93522			4
2025.10.02	01:30:30.470		0.93523			4
2025.10.02	01:30:30.868		0.93522			4
2025.10.02	01:30:32.530		0.93523			4
2025.10.02	01:30:32.937		0.93522			4
2025.10.02	01:30:52.263		0.93523			4
2025.10.02	01:30:52.615		0.93522			4
2025.10.02	01:30:54.104	0.93506	0.93520			6
2025.10.02	01:30:55.098	0.93508				2
2025.10.02	01:30:55.850	0.93507				2
2025.10.02	01:31:00.123	0.93507				2
2025.10.02	01:31:02.589		0.93521			4
2025.10.02	01:31:03.192	0.93508	0.93520			6
2025.10.02	01:31:05.690	0.93507				2
2025.10.02	01:31:06.536	0.93508				2
2025.10.02	01:31:07.762	0.93507				2
2025.10.02	01:31:08.633	0.93508				2
2025.10.02	01:31:09.369	0.93506				2
2025.10.02	01:31:11.033		0.93519			4
2025.10.02	01:31:12.549		0.93520			4
2025.10.02	01:31:13.133		0.93519			4
2025.10.02	01:31:14.620		0.93520			4
2025.10.02	01:31:15.592		0.93519			4
2025.10.02	01:31:16.694		0.93520			4
2025.10.02	01:31:17.858		0.93519			4
2025.10.02	01:31:19.803		0.93520			4
2025.10.02	01:31:20.963		0.93519			4
2025.10.02	01:31:21.871		0.93520			4
2025.10.02	01:31:22.732		0.93519			4
2025.10.02	01:31:26.010		0.93520			4
2025.10.02	01:31:26.934		0.93519			4
2025.10.02	01:31:28.081		0.93520			4
2025.10.02	01:31:29.247		0.93519			4
2025.10.02	01:31:30.232	0.93507				2
2025.10.02	01:31:31.128		0.93520			4
2025.10.02	01:31:32.228		0.93521			4
2025.10.02	01:31:33.236		0.93520			4
2025.10.02	01:31:34.297		0.93521			4
2025.10.02	01:31:35.334		0.93520			4
2025.10.02	01:31:36.368		0.93521			4
2025.10.02	01:31:37.136		0.93520			4
2025.10.02	01:31:38.209		0.93519			4
2025.10.02	01:31:42.233	0.93506				2
2025.10.02	01:32:00.190	0.93507				2
2025.10.02	01:32:01.373	0.93509	0.93520			6
2025.10.02	01:32:02.260	0.93508				2
2025.10.02	01:32:07.282	0.93509	0.93519			6
2025.10.02	01:32:08.478	0.93508	0.93520			6
2025.10.02	01:32:09.089		0.93521			4
2025.10.02	01:32:11.335		0.93522			4
2025.10.02	01:32:16.374		0.93521			4
2025.10.02	01:32:27.459	0.93507	0.93520			6
2025.10.02	01:32:30.297	0.93508	0.93521			6
2025.10.02	01:32:30.687	0.93507				2
2025.10.02	01:32:31.143	0.93508				2
2025.10.02	01:32:32.932		0.93522			4
2025.10.02	01:32:38.307		0.93521			4
2025.10.02	01:32:40.327		0.93522			4
2025.10.02	01:32:43.432	0.93507				2
2025.10.02	01:32:44.669	0.93508				2
2025.10.02	01:32:45.069	0.93507	0.93519			6
2025.10.02	01:32:45.506		0.93520			4
2025.10.02	01:32:48.533		0.93519			4
2025.10.02	01:32:50.674		0.93520			4
2025.10.02	01:32:51.037		0.93519			4
2025.10.02	01:32:53.791	0.93506				2
2025.10.02	01:32:54.825		0.93520			4
2025.10.02	01:32:55.219		0.93519			4
2025.10.02	01:33:00.393	0.93507				2
2025.10.02	01:33:02.333		0.93520			4
2025.10.02	01:33:11.376		0.93519			4
2025.10.02	01:33:13.082		0.93520			4
2025.10.02	01:33:14.246		0.93519			4
2025.10.02	01:33:16.088	0.93509	0.93521			6
2025.10.02	01:33:17.307	0.93510	0.93522			6
2025.10.02	01:33:17.932		0.93523			4
2025.10.02	01:33:18.242		0.93522			4
2025.10.02	01:33:18.859	0.93511				2
2025.10.02	01:33:23.633		0.93521			4
2025.10.02	01:33:30.494	0.93510				2
2025.10.02	01:33:33.206	0.93508				2
2025.10.02	01:33:45.443		0.93520			4
2025.10.02	01:33:46.734		0.93521			4
2025.10.02	01:33:52.732	0.93507				2
2025.10.02	01:34:00.398	0.93507				2
2025.10.02	01:34:02.332	0.93508	0.93520			6
2025.10.02	01:34:03.533	0.93507				2
2025.10.02	01:34:04.861		0.93521			4
2025.10.02	01:34:05.676		0.93520			4
2025.10.02	01:34:07.677		0.93521			4
2025.10.02	01:34:07.994	0.93506	0.93519			6
2025.10.02	01:34:15.532	0.93507				2
2025.10.02	01:34:18.016	0.93508				2
2025.10.02	01:34:20.634	0.93507				2
2025.10.02	01:34:30.234	0.93508				2
2025.10.02	01:34:33.222	0.93507				2
2025.10.02	01:34:35.873	0.93510	0.93522			6
2025.10.02	01:34:36.199		0.93521			4
2025.10.02	01:34:39.327		0.93520			4
2025.10.02	01:34:41.335	0.93509	0.93521			6
2025.10.02	01:34:42.412	0.93510	0.93520			6
2025.10.02	01:34:45.265	0.93509	0.93521			6
2025.10.02	01:34:59.636	0.93510	0.93522			6
2025.10.02	01:35:00.064	0.93511	0.93521			6
2025.10.02	01:35:00.929		0.93522			4
2025.10.02	01:35:02.137		0.93521			4
2025.10.02	01:35:02.836		0.93522			4
2025.10.02	01:35:06.042		0.93521			4
2025.10.02	01:35:09.213		0.93522			4
2025.10.02	01:35:14.883		0.93521			4
2025.10.02	01:35:17.432	0.93512				2
2025.10.02	01:35:17.804		0.93520			4
2025.10.02	01:35:20.940	0.93509	0.93519			6
2025.10.02	01:35:36.762	0.93508				2
2025.10.02	01:35:39.273		0.93518			4
2025.10.02	01:35:40.035		0.93519			4
2025.10.02	01:35:40.337		0.93518			4
2025.10.02	01:35:44.232		0.93519			4
2025.10.02	01:35:45.056		0.93518			4
2025.10.02	01:35:45.386	0.93507	0.93517			6
2025.10.02	01:35:46.308		0.93516			4
2025.10.02	01:35:49.246		0.93517			4
2025.10.02	01:35:52.436		0.93516			4
2025.10.02	01:36:00.719	0.93507				2
2025.10.02	01:36:01.578	0.93508	0.93518			6
2025.10.02	01:36:38.036	0.93509				2
2025.10.02	01:36:38.932		0.93519			4
2025.10.02	01:36:39.317		0.93518			4
2025.10.02	01:36:41.003		0.93519			4
2025.10.02	01:36:42.039		0.93518			4
2025.10.02	01:36:45.146		0.93519			4
2025.10.02	01:36:45.456		0.93518			4
2025.10.02	01:36:49.586		0.93519			4
2025.10.02	01:36:50.632		0.93518			4
2025.10.02	01:36:51.729		0.93519			4
2025.10.02	01:36:52.419		0.93518			4
2025.10.02	01:36:54.992	0.93512				2
2025.10.02	01:36:57.192		0.93519			4
2025.10.02	01:37:00.301	0.93512				2
2025.10.02	01:37:00.629	0.93511	0.93521			6
2025.10.02	01:37:00.938	0.93512	0.93522			6
2025.10.02	01:37:08.984		0.93523			4
2025.10.02	01:37:10.136		0.93522			4
2025.10.02	01:37:13.436		0.93523			4
2025.10.02	01:37:14.375		0.93522			4
2025.10.02	01:37:16.544		0.93523			4
2025.10.02	01:37:17.331		0.93522			4
2025.10.02	01:37:18.619		0.93523			4
2025.10.02	01:37:20.334		0.93522			4
2025.10.02	01:37:21.538		0.93523			4
2025.10.02	01:37:22.374		0.93522			4
2025.10.02	01:37:22.765		0.93523			4
2025.10.02	01:37:23.219		0.93522			4
2025.10.02	01:37:23.796		0.93523			4
2025.10.02	01:37:24.374		0.93522			4
2025.10.02	01:37:24.831		0.93523			4
2025.10.02	01:37:26.385		0.93522			4
2025.10.02	01:37:27.461		0.93523			4
2025.10.02	01:37:29.554		0.93522			4
2025.10.02	01:37:30.349		0.93523			4
2025.10.02	01:37:33.374		0.93522			4
2025.10.02	01:37:33.698		0.93523			4
2025.10.02	01:37:34.373		0.93522			4
2025.10.02	01:37:34.736		0.93523			4
2025.10.02	01:37:35.375		0.93522			4
2025.10.02	01:37:35.704		0.93523			4
2025.10.02	01:37:36.374		0.93522			4
2025.10.02	01:37:36.808		0.93523			4
2025.10.02	01:37:37.374		0.93522			4
2025.10.02	01:37:37.841		0.93523			4
2025.10.02	01:37:38.372		0.93522			4
2025.10.02	01:37:45.358		0.93523			4
2025.10.02	01:38:00.896	0.93512				2
2025.10.02	01:38:05.366		0.93522			4
2025.10.02	01:38:07.496		0.93523			4
2025.10.02	01:38:08.933		0.93522			4
2025.10.02	01:38:10.476		0.93523			4
2025.10.02	01:38:11.635		0.93522			4
2025.10.02	01:38:12.413		0.93523			4
2025.10.02	01:38:12.736		0.93522			4
2025.10.02	01:38:15.655		0.93523			4
2025.10.02	01:38:17.334		0.93522			4
2025.10.02	01:38:18.833		0.93523			4
2025.10.02	01:38:20.091	0.93511				2
2025.10.02	01:38:36.500		0.93522			4
2025.10.02	01:38:37.932		0.93523			4
2025.10.02	01:38:42.834		0.93522			4
2025.10.02	01:38:45.866	0.93510				2
2025.10.02	01:38:47.320		0.93521			4
2025.10.02	01:38:51.580		0.93522			4
2025.10.02	01:38:53.652		0.93521			4
2025.10.02	01:39:00.573	0.93510				2
2025.10.02	01:39:26.155	0.93511				2
2025.10.02	01:39:28.600		0.93522			4
2025.10.02	01:39:38.128		0.93521			4
2025.10.02	01:40:00.308	0.93508				2
2025.10.02	01:40:00.716	0.93509	0.93522			6
2025.10.02	01:40:17.305		0.93521			4
2025.10.02	01:40:20.202		0.93522			4
2025.10.02	01:40:46.136		0.93523			4
2025.10.02	01:40:48.375		0.93522			4
2025.10.02	01:40:55.555	0.93511				2
2025.10.02	01:41:01.132	0.93511				2
2025.10.02	01:41:03.709		0.93523			4
2025.10.02	01:41:06.422		0.93522			4
2025.10.02	01:41:08.888		0.93523			4
2025.10.02	01:41:11.332		0.93522			4
2025.10.02	01:41:23.032		0.93521			4
2025.10.02	01:41:25.542	0.93510				2
2025.10.02	01:41:26.375	0.93511				2
2025.10.02	01:41:27.560	0.93512	0.93522			6
2025.10.02	01:41:30.616	0.93510	0.93521			6
2025.10.02	01:41:31.853	0.93512				2
2025.10.02	01:41:32.210	0.93510				2
2025.10.02	01:41:38.017	0.93511				2
2025.10.02	01:41:38.465	0.93512	0.93522			6
2025.10.02	01:41:39.085	0.93510	0.93521			6
2025.10.02	01:41:44.550		0.93522			4
2025.10.02	01:41:45.410	0.93511				2
2025.10.02	01:41:50.762	0.93510				2
2025.10.02	01:41:54.222	0.93511				2
2025.10.02	01:42:00.425	0.93511				2
2025.10.02	01:42:06.254	0.93510				2
2025.10.02	01:42:07.734	0.93511	0.93521			6
2025.10.02	01:42:08.805	0.93512	0.93522			6
2025.10.02	01:42:11.935	0.93510				2
2025.10.02	01:42:12.301	0.93511	0.93521			6
2025.10.02	01:42:12.923	0.93510	0.93522			6
2025.10.02	01:42:16.133		0.93521			4
2025.10.02	01:42:20.311	0.93511				2
2025.10.02	01:42:22.562		0.93522			4
2025.10.02	01:42:43.650	0.93512				2
2025.10.02	01:42:45.719	0.93510	0.93521			6
2025.10.02	01:43:00.415	0.93512	0.93522			6
2025.10.02	01:43:01.743	0.93511	0.93521			6
2025.10.02	01:43:12.322	0.93510				2
2025.10.02	01:43:14.333		0.93522			4
2025.10.02	01:43:41.636		0.93521			4
2025.10.02	01:43:51.060	0.93511	0.93522			6
2025.10.02	01:43:53.937		0.93521			4
2025.10.02	01:44:01.759	0.93511	0.93523			6
2025.10.02	01:44:06.874	0.93510				2
2025.10.02	01:44:14.563	0.93511				2
2025.10.02	01:44:14.932		0.93522			4
2025.10.02	01:44:24.370	0.93509				2
2025.10.02	01:44:25.601	0.93510	0.93521			6
2025.10.02	01:44:28.715		0.93522			4
2025.10.02	01:44:31.723		0.93521			4
2025.10.02	01:44:32.442	0.93508				2
2025.10.02	01:44:44.358		0.93520			4
2025.10.02	01:44:45.321		0.93521			4
2025.10.02	01:44:53.205	0.93506	0.93519			6
2025.10.02	01:44:59.919		0.93520			4
2025.10.02	01:45:01.481	0.93506				2
2025.10.02	01:45:15.308		0.93519			4
2025.10.02	01:45:22.434	0.93507				2
2025.10.02	01:45:24.236	0.93506	0.93520			6
2025.10.02	01:45:33.308	0.93507	0.93519			6
2025.10.02	01:45:41.033	0.93508				2
2025.10.02	01:45:49.633	0.93507				2
2025.10.02	01:45:53.933		0.93518			4
2025.10.02	01:45:57.348		0.93519			4
2025.10.02	01:45:57.933	0.93508				2
2025.10.02	01:46:00.456	0.93508				2
2025.10.02	01:46:01.030	0.93507				2
2025.10.02	01:46:04.433	0.93508				2
2025.10.02	01:46:08.332	0.93507				2
2025.10.02	01:46:09.849	0.93508	0.93518			6
2025.10.02	01:46:13.459		0.93519			4
2025.10.02	01:46:17.639		0.93518			4
2025.10.02	01:46:23.637	0.93507				2
2025.10.02	01:46:27.813	0.93508	0.93519			6
2025.10.02	01:46:29.902	0.93507				2
2025.10.02	01:46:30.206		0.93518			4
2025.10.02	01:46:35.123	0.93508	0.93519			6
2025.10.02	01:46:46.347	0.93507	0.93521			6
2025.10.02	01:46:54.353	0.93508				2
2025.10.02	01:47:00.373	0.93508				2
2025.10.02	01:47:02.391	0.93509	0.93522			6
2025.10.02	01:48:00.418	0.93508	0.93520			6
2025.10.02	01:48:00.720	0.93506	0.93519			6
2025.10.02	01:48:02.632	0.93507				2
2025.10.02	01:48:26.633	0.93506				2
2025.10.02	01:48:36.533	0.93507				2
2025.10.02	01:48:36.963	0.93506				2
2025.10.02	01:48:59.938	0.93507				2
2025.10.02	01:49:02.301	0.93507	0.93519			6
2025.10.02	01:49:12.292	0.93505	0.93517			6
2025.10.02	01:49:13.267		0.93516			4
2025.10.02	01:49:35.091		0.93517			4
2025.10.02	01:49:36.171	0.93506	0.93518			6
2025.10.02	01:49:37.277	0.93505	0.93519			6
2025.10.02	01:49:38.460		0.93518			4
2025.10.02	01:49:40.447	0.93509				2
2025.10.02	01:49:49.436	0.93508				2
2025.10.02	01:50:01.538	0.93508				2
2025.10.02	01:50:08.565	0.93507	0.93519			6
2025.10.02	01:50:13.132		0.93518			4
2025.10.02	01:50:16.581	0.93506				2
2025.10.02	01:50:22.733	0.93507				2
2025.10.02	01:50:28.007		0.93517			4
2025.10.02	01:50:37.837	0.93506				2
2025.10.02	01:50:42.392	0.93507				2
2025.10.02	01:50:51.233	0.93506				2
2025.10.02	01:51:00.430	0.93507				2
2025.10.02	01:51:07.555	0.93506				2
2025.10.02	01:51:07.857	0.93507	0.93518			6
2025.10.02	01:51:08.159		0.93517			4
2025.10.02	01:51:10.136		0.93516			4
2025.10.02	01:51:50.332		0.93517			4
2025.10.02	01:51:54.936		0.93516			4
2025.10.02	01:52:00.308	0.93507				2
2025.10.02	01:52:07.403	0.93506	0.93515			6
2025.10.02	01:52:17.844	0.93505				2
2025.10.02	01:52:20.725	0.93504	0.93516			6
2025.10.02	01:52:23.536		0.93517			4
2025.10.02	01:52:26.258		0.93519			4
2025.10.02	01:52:38.690		0.93518			4
2025.10.02	01:52:46.849		0.93519			4
2025.10.02	01:52:50.333		0.93518			4
2025.10.02	01:52:53.552	0.93502	0.93517			6
2025.10.02	01:53:00.678	0.93503	0.93518			6
2025.10.02	01:53:10.628		0.93519			4
2025.10.02	01:53:11.699	0.93504	0.93521			6
2025.10.02	01:53:15.533		0.93522			4
2025.10.02	01:53:22.054		0.93521			4
2025.10.02	01:53:35.034		0.93522			4
2025.10.02	01:53:51.537	0.93505				2
2025.10.02	01:54:04.395	0.93505	0.93521			6
2025.10.02	01:54:23.810		0.93522			4
2025.10.02	01:54:30.049		0.93521			4
2025.10.02	01:54:34.432		0.93522			4
2025.10.02	01:54:52.295	0.93502	0.93520			6
2025.10.02	01:55:00.079	0.93502	0.93519			6
2025.10.02	01:55:28.978	0.93503	0.93520			6
2025.10.02	01:55:29.513	0.93504				2
2025.10.02	01:55:33.000	0.93505	0.93522			6
2025.10.02	01:55:47.934		0.93521			4
2025.10.02	01:55:50.033		0.93522			4
2025.10.02	01:56:01.537	0.93505				2
2025.10.02	01:56:03.976	0.93504	0.93520			6
2025.10.02	01:56:20.032		0.93519			4
2025.10.02	01:56:22.732		0.93520			4
2025.10.02	01:56:57.754	0.93502				2
2025.10.02	01:57:00.381	0.93502				2
2025.10.02	01:57:02.034		0.93519			4
2025.10.02	01:57:05.865		0.93520			4
2025.10.02	01:57:06.512	0.93503				2
2025.10.02	01:57:06.869		0.93519			4
2025.10.02	01:57:10.608	0.93502				2
2025.10.02	01:57:24.278		0.93518			4
2025.10.02	01:57:24.848		0.93517			4
2025.10.02	01:57:25.311	0.93501				2
2025.10.02	01:57:32.303		0.93516			4
2025.10.02	01:57:39.867	0.93502	0.93518			6
2025.10.02	01:57:40.611		0.93519			4
2025.10.02	01:57:47.827	0.93501	0.93517			6
2025.10.02	01:57:50.587		0.93516			4
2025.10.02	01:57:51.571		0.93517			4
2025.10.02	01:57:55.390		0.93516			4
2025.10.02	01:57:56.833		0.93517			4
2025.10.02	01:58:00.052	0.93501				2
2025.10.02	01:58:01.386		0.93515			4
2025.10.02	01:58:03.261	0.93500	0.93516			6
2025.10.02	01:58:10.133		0.93515			4
2025.10.02	01:59:02.396	0.93500				2
2025.10.02	01:59:15.832		0.93515			4
2025.10.02	01:59:47.574		0.93516			4
2025.10.02	01:59:53.932		0.93515			4
2025.10.02	02:00:00.383	0.93500				2
2025.10.02	02:00:01.389		0.93516			4
2025.10.02	02:00:05.927	0.93501				2
2025.10.02	02:00:06.274	0.93503	0.93518			6
2025.10.02	02:00:08.453	0.93501	0.93517			6
2025.10.02	02:00:11.086		0.93518			4
2025.10.02	02:00:13.315	0.93504	0.93519			6
2025.10.02	02:00:54.179		0.93520			4
2025.10.02	02:00:54.534		0.93519			4
2025.10.02	02:00:59.459		0.93518			4
2025.10.02	02:01:00.397	0.93504	0.93519			6
2025.10.02	02:01:13.604	0.93500	0.93515			6
2025.10.02	02:01:18.291		0.93516			4
2025.10.02	02:01:20.371		0.93515			4
2025.10.02	02:01:26.271		0.93514			4
2025.10.02	02:01:32.273		0.93515			4
2025.10.02	02:01:33.774		0.93514			4
2025.10.02	02:01:34.625	0.93499				2
2025.10.02	02:01:39.591	0.93497	0.93512			6
2025.10.02	02:01:40.397		0.93513			4
2025.10.02	02:01:51.555	0.93498				2
2025.10.02	02:01:55.904	0.93499	0.93514			6
2025.10.02	02:02:02.264	0.93499				2
2025.10.02	02:02:16.321	0.93500				2
2025.10.02	02:02:28.307	0.93507	0.93512			6
2025.10.02	02:02:31.745	0.93500	0.93514			6
2025.10.02	02:03:00.387	0.93500				2
2025.10.02	02:03:20.933		0.93513			4
2025.10.02	02:03:26.149	0.93499				2
2025.10.02	02:03:28.709		0.93514			4
2025.10.02	02:03:35.018		0.93513			4
2025.10.02	02:03:35.338	0.93498	0.93511			6
2025.10.02	02:03:55.334	0.93496				2
2025.10.02	02:04:01.356	0.93496				2
2025.10.02	02:04:04.026	0.93500	0.93514			6
2025.10.02	02:04:04.384		0.93513			4
2025.10.02	02:04:13.537	0.93498	0.93512			6
2025.10.02	02:04:21.171	0.93497	0.93511			6
2025.10.02	02:04:22.148	0.93498	0.93512			6
2025.10.02	02:04:35.016		0.93510			4
2025.10.02	02:04:35.342		0.93511			4
2025.10.02	02:04:38.937		0.93512			4
2025.10.02	02:04:58.810		0.93513			4
2025.10.02	02:05:01.538	0.93498				2
2025.10.02	02:05:02.320		0.93512			4
