<DATE>	<TIME>	<BID>	<ASK>	<LAST>	<VOLUME>	<FLAGS>
2025.06.26	00:03:30.599	0.93723	0.93880			6
2025.06.26	00:04:00.613	0.93723				2
2025.06.26	00:04:11.892	0.93722				2
2025.06.26	00:04:47.792		0.93880			4
2025.06.26	00:05:06.008	0.93722				2
2025.06.26	00:05:11.890	0.93720				2
2025.06.26	00:05:48.356		0.93880			4
2025.06.26	00:06:00.691	0.93720				2
2025.06.26	00:06:11.890	0.93716				2
2025.06.26	00:07:00.943	0.93716	0.93880			6
2025.06.26	00:07:11.735	0.93717				2
2025.06.26	00:08:04.317	0.93717	0.93880			6
2025.06.26	00:09:01.737	0.93717				2
2025.06.26	00:09:07.234		0.93880			4
2025.06.26	00:10:00.324	0.93729				2
2025.06.26	00:10:02.368	0.93730				2
2025.06.26	00:10:07.429	0.93729	0.93880			6
2025.06.26	00:10:08.454	0.93730				2
2025.06.26	00:10:12.464	0.93716	0.93869			6
2025.06.26	00:10:14.315	0.93714	0.93868			6
2025.06.26	00:10:15.829		0.93871			4
2025.06.26	00:10:53.443	0.93728	0.93895			6
2025.06.26	00:10:55.001	0.93729	0.93880			6
2025.06.26	00:10:59.910	0.93714	0.93871			6
2025.06.26	00:11:00.265	0.93714				2
2025.06.26	00:11:00.871	0.93729	0.93880			6
2025.06.26	00:11:06.963	0.93712	0.93870			6
2025.06.26	00:11:07.885	0.93729	0.93880			6
2025.06.26	00:11:14.243	0.93712	0.93870			6
2025.06.26	00:11:14.861	0.93729	0.93880			6
2025.06.26	00:11:21.273	0.93712	0.93870			6
2025.06.26	00:11:22.183	0.93729	0.93880			6
2025.06.26	00:11:26.473	0.93731				2
2025.06.26	00:11:28.110	0.93712	0.93870			6
2025.06.26	00:11:29.054	0.93732	0.93880			6
2025.06.26	00:11:29.814	0.93729				2
2025.06.26	00:11:44.461	0.93727				2
2025.06.26	00:11:46.022	0.93726				2
2025.06.26	00:11:48.810	0.93725				2
2025.06.26	00:11:54.628	0.93723				2
2025.06.26	00:11:59.017	0.93724				2
2025.06.26	00:12:01.162	0.93724				2
2025.06.26	00:12:05.010	0.93720				2
2025.06.26	00:12:06.128	0.93721				2
2025.06.26	00:12:08.233	0.93720				2
2025.06.26	00:12:15.253	0.93719				2
2025.06.26	00:12:17.013	0.93718				2
2025.06.26	00:12:18.812	0.93719				2
2025.06.26	00:12:31.117	0.93718	0.93880			6
2025.06.26	00:12:33.710	0.93719				2
2025.06.26	00:12:41.740		0.93875			4
2025.06.26	00:13:00.564	0.93719				2
2025.06.26	00:13:03.813	0.93720				2
2025.06.26	00:13:07.114	0.93719				2
2025.06.26	00:13:24.512	0.93720				2
2025.06.26	00:13:30.288	0.93726				2
2025.06.26	00:13:36.740		0.93880			4
2025.06.26	00:13:40.352	0.93727				2
2025.06.26	00:13:54.953	0.93728				2
2025.06.26	00:13:57.811	0.93727				2
2025.06.26	00:13:59.585	0.93729				2
2025.06.26	00:14:00.318	0.93729				2
2025.06.26	00:14:01.817	0.93732				2
2025.06.26	00:14:03.175	0.93731				2
2025.06.26	00:14:06.219	0.93736				2
2025.06.26	00:14:15.486	0.93756	0.93904			6
2025.06.26	00:14:16.622	0.93757	0.93909			6
2025.06.26	00:14:17.605	0.93760	0.93904			6
2025.06.26	00:14:20.253	0.93762				2
2025.06.26	00:14:24.419	0.93764	0.93903			6
2025.06.26	00:14:25.505	0.93766				2
2025.06.26	00:14:28.424		0.93909			4
2025.06.26	00:14:30.493	0.93750	0.93897			6
2025.06.26	00:14:31.380	0.93746				2
2025.06.26	00:14:32.283	0.93745				2
2025.06.26	00:14:32.832	0.93746				2
2025.06.26	00:14:37.114	0.93747				2
2025.06.26	00:14:40.791	0.93748				2
2025.06.26	00:14:46.418	0.93747				2
2025.06.26	00:14:48.523	0.93748				2
2025.06.26	00:14:53.896		0.93880			4
2025.06.26	00:15:00.304	0.93748				2
2025.06.26	00:15:04.415	0.93749				2
2025.06.26	00:16:19.339	0.93750	0.93880			6
2025.06.26	00:16:21.364	0.93752				2
2025.06.26	00:16:22.125	0.93750				2
2025.06.26	00:16:31.683	0.93751				2
2025.06.26	00:16:32.131	0.93752				2
2025.06.26	00:16:32.878	0.93750				2
2025.06.26	00:16:38.911	0.93751				2
2025.06.26	00:16:42.883	0.93753				2
2025.06.26	00:16:43.896	0.93751				2
2025.06.26	00:16:53.907	0.93753				2
2025.06.26	00:16:54.956	0.93751				2
2025.06.26	00:16:58.413	0.93752				2
2025.06.26	00:17:00.666	0.93751				2
2025.06.26	00:17:04.951	0.93753				2
2025.06.26	00:17:16.410	0.93754				2
2025.06.26	00:17:21.420		0.93880			4
2025.06.26	00:17:30.629	0.93753				2
2025.06.26	00:17:33.293	0.93754				2
2025.06.26	00:17:34.482	0.93753				2
2025.06.26	00:17:44.484	0.93754				2
2025.06.26	00:17:49.415	0.93755				2
2025.06.26	00:17:50.504	0.93760				2
2025.06.26	00:17:52.112	0.93761				2
2025.06.26	00:17:52.418	0.93762				2
2025.06.26	00:17:53.016	0.93763	0.93878			6
2025.06.26	00:17:53.651	0.93764	0.93880			6
2025.06.26	00:17:54.150	0.93765	0.93878			6
2025.06.26	00:17:54.651	0.93767	0.93880			6
2025.06.26	00:17:55.150	0.93765	0.93877			6
2025.06.26	00:17:55.651		0.93880			4
2025.06.26	00:17:56.150		0.93879			4
2025.06.26	00:17:56.651		0.93880			4
2025.06.26	00:17:56.972	0.93745	0.93870			6
2025.06.26	00:17:57.484	0.93741	0.93880			6
2025.06.26	00:18:00.814	0.93741				2
2025.06.26	00:18:03.293	0.93740				2
2025.06.26	00:18:06.544	0.93761	0.93882			6
2025.06.26	00:18:07.044	0.93764	0.93874			6
2025.06.26	00:18:07.545	0.93766	0.93880			6
2025.06.26	00:18:08.353		0.93887			4
2025.06.26	00:18:09.280	0.93770				2
2025.06.26	00:18:12.421		0.93895			4
2025.06.26	00:18:12.926	0.93771	0.93883			6
2025.06.26	00:18:13.418		0.93895			4
2025.06.26	00:18:13.919	0.93773	0.93884			6
2025.06.26	00:18:14.358		0.93895			4
2025.06.26	00:18:14.922		0.93884			4
2025.06.26	00:18:15.420		0.93895			4
2025.06.26	00:18:15.919	0.93744	0.93880			6
2025.06.26	00:18:17.915	0.93743				2
2025.06.26	00:18:30.434	0.93745				2
2025.06.26	00:18:31.092	0.93746				2
2025.06.26	00:18:32.479	0.93744				2
2025.06.26	00:19:00.444	0.93743				2
2025.06.26	00:19:02.963	0.93744				2
2025.06.26	00:19:12.956	0.93743				2
2025.06.26	00:19:17.312	0.93742	0.93880			6
2025.06.26	00:19:19.113	0.93743				2
2025.06.26	00:19:23.488	0.93742				2
2025.06.26	00:19:42.955	0.93743				2
2025.06.26	00:20:02.010	0.93743				2
2025.06.26	00:20:05.379	0.93742				2
2025.06.26	00:20:07.413	0.93743				2
2025.06.26	00:20:17.684		0.93880			4
2025.06.26	00:20:34.754	0.93742				2
2025.06.26	00:20:39.877	0.93743				2
2025.06.26	00:20:49.646	0.93741				2
2025.06.26	00:20:52.410	0.93744				2
2025.06.26	00:20:52.754	0.93746				2
2025.06.26	00:20:58.268	0.93743				2
2025.06.26	00:21:00.840	0.93743				2
2025.06.26	00:21:04.653	0.93744				2
2025.06.26	00:21:16.085	0.93743				2
2025.06.26	00:21:17.912		0.93880			4
2025.06.26	00:21:19.650	0.93744				2
2025.06.26	00:21:39.944	0.93746				2
2025.06.26	00:21:53.011	0.93747				2
2025.06.26	00:22:00.339	0.93747				2
2025.06.26	00:22:02.315	0.93746				2
2025.06.26	00:22:04.650	0.93744				2
2025.06.26	00:22:06.302	0.93743				2
2025.06.26	00:22:19.115		0.93880			4
2025.06.26	00:22:24.797	0.93745				2
2025.06.26	00:22:31.410	0.93746				2
2025.06.26	00:22:34.646	0.93743				2
2025.06.26	00:22:43.725	0.93742				2
2025.06.26	00:22:56.276	0.93744				2
2025.06.26	00:22:58.113	0.93743				2
2025.06.26	00:23:01.119	0.93743				2
2025.06.26	00:23:16.110	0.93744				2
2025.06.26	00:23:20.566		0.93880			4
2025.06.26	00:23:23.841	0.93747				2
2025.06.26	00:23:27.110	0.93748				2
2025.06.26	00:23:38.310		0.93883			4
2025.06.26	00:23:58.902	0.93749				2
2025.06.26	00:24:00.367	0.93749				2
2025.06.26	00:24:25.411	0.93748				2
2025.06.26	00:24:27.112	0.93749				2
2025.06.26	00:24:33.588		0.93880			4
2025.06.26	00:24:51.816	0.93748				2
2025.06.26	00:25:00.309	0.93748				2
2025.06.26	00:25:11.511	0.93747				2
2025.06.26	00:25:11.940	0.93748				2
2025.06.26	00:25:22.063	0.93749				2
2025.06.26	00:25:26.839	0.93750				2
2025.06.26	00:25:43.416		0.93880			4
2025.06.26	00:25:43.823	0.93751				2
2025.06.26	00:26:00.320	0.93751				2
2025.06.26	00:26:11.309	0.93752				2
2025.06.26	00:26:23.350	0.93751				2
2025.06.26	00:26:27.901	0.93750				2
2025.06.26	00:26:42.855	0.93751				2
2025.06.26	00:26:44.911	0.93750	0.93880			6
2025.06.26	00:27:00.336	0.93750				2
2025.06.26	00:27:01.412	0.93749				2
2025.06.26	00:27:07.113	0.93747				2
2025.06.26	00:27:08.105	0.93748				2
2025.06.26	00:27:29.193	0.93745				2
2025.06.26	00:27:35.092	0.93744				2
2025.06.26	00:27:35.692	0.93743	0.93873			6
2025.06.26	00:27:36.214		0.93882			4
2025.06.26	00:27:39.217		0.93887			4
2025.06.26	00:27:43.608	0.93744				2
2025.06.26	00:27:46.646	0.93746				2
2025.06.26	00:27:56.410	0.93744	0.93873			6
2025.06.26	00:27:56.912		0.93887			4
2025.06.26	00:27:57.496	0.93743	0.93885			6
2025.06.26	00:27:58.723	0.93745				2
2025.06.26	00:28:00.263	0.93745				2
2025.06.26	00:28:21.994	0.93744	0.93873			6
2025.06.26	00:28:22.350		0.93879			4
2025.06.26	00:28:27.124	0.93745				2
2025.06.26	00:28:48.993	0.93741	0.93880			6
2025.06.26	00:28:51.851	0.93739				2
2025.06.26	00:28:52.652	0.93742				2
2025.06.26	00:28:53.094	0.93741				2
2025.06.26	00:28:56.454	0.93742				2
2025.06.26	00:29:02.011	0.93742				2
2025.06.26	00:29:13.412	0.93743				2
2025.06.26	00:29:18.145	0.93742				2
2025.06.26	00:29:25.413	0.93743				2
2025.06.26	00:29:26.326	0.93744	0.93894			6
2025.06.26	00:29:44.908	0.93745				2
2025.06.26	00:29:45.511	0.93746				2
2025.06.26	00:29:47.651		0.93887			4
2025.06.26	00:30:00.376	0.93745				2
2025.06.26	00:30:00.913	0.93744				2
2025.06.26	00:30:11.362	0.93743				2
2025.06.26	00:30:13.112	0.93739				2
2025.06.26	00:30:15.374		0.93882			4
2025.06.26	00:30:29.596		0.93878			4
2025.06.26	00:30:32.883	0.93738				2
2025.06.26	00:30:38.764	0.93739				2
2025.06.26	00:30:50.977	0.93738				2
2025.06.26	00:31:00.391	0.93739				2
2025.06.26	00:31:04.500	0.93738	0.93877			6
2025.06.26	00:31:13.185	0.93739				2
2025.06.26	00:31:18.228	0.93740	0.93885			6
2025.06.26	00:31:18.531	0.93739				2
2025.06.26	00:31:25.745		0.93880			4
2025.06.26	00:31:26.366	0.93740				2
2025.06.26	00:31:26.709	0.93741				2
2025.06.26	00:31:40.431	0.93740	0.93882			6
2025.06.26	00:31:45.374	0.93741				2
2025.06.26	00:32:00.379	0.93741	0.93880			6
2025.06.26	00:32:06.053	0.93740				2
2025.06.26	00:32:17.343	0.93739				2
2025.06.26	00:32:29.309	0.93740				2
2025.06.26	00:32:30.380	0.93741				2
2025.06.26	00:32:40.410	0.93743				2
2025.06.26	00:32:40.718	0.93741				2
2025.06.26	00:32:42.810	0.93742				2
2025.06.26	00:32:51.120	0.93740				2
2025.06.26	00:33:00.388	0.93741	0.93880			6
2025.06.26	00:33:08.613	0.93740	0.93878			6
2025.06.26	00:33:11.011	0.93741				2
2025.06.26	00:33:21.525	0.93740				2
2025.06.26	00:33:25.429	0.93739				2
2025.06.26	00:33:27.191	0.93740	0.93880			6
2025.06.26	00:33:27.512	0.93741				2
2025.06.26	00:33:44.610	0.93740				2
2025.06.26	00:33:50.615	0.93741	0.93886			6
2025.06.26	00:33:52.096	0.93740	0.93879			6
2025.06.26	00:33:52.540	0.93741	0.93886			6
2025.06.26	00:33:57.692	0.93742				2
2025.06.26	00:34:03.510	0.93741	0.93878			6
2025.06.26	00:34:09.716		0.93879			4
2025.06.26	00:34:13.112	0.93740	0.93884			6
2025.06.26	00:34:18.684	0.93741				2
2025.06.26	00:34:27.513	0.93740				2
2025.06.26	00:34:58.648		0.93885			4
2025.06.26	00:35:09.212	0.93740				2
2025.06.26	00:35:10.271	0.93741				2
2025.06.26	00:35:11.313	0.93740				2
2025.06.26	00:35:12.692	0.93741				2
2025.06.26	00:35:35.643	0.93736	0.93886			6
2025.06.26	00:35:35.961	0.93734	0.93882			6
2025.06.26	00:35:36.438	0.93737				2
2025.06.26	00:35:38.310	0.93736				2
2025.06.26	00:35:42.693		0.93880			4
2025.06.26	00:35:43.205	0.93746	0.93879			6
2025.06.26	00:35:47.012	0.93747				2
2025.06.26	00:36:00.379	0.93748				2
2025.06.26	00:36:01.416	0.93750	0.93878			6
2025.06.26	00:36:09.713		0.93880			4
2025.06.26	00:36:12.694		0.93878			4
2025.06.26	00:36:17.138	0.93751				2
2025.06.26	00:36:24.714		0.93879			4
2025.06.26	00:36:27.711		0.93878			4
2025.06.26	00:36:34.515		0.93879			4
2025.06.26	00:36:35.009	0.93750				2
2025.06.26	00:36:49.510		0.93877			4
2025.06.26	00:36:53.615	0.93749	0.93878			6
2025.06.26	00:37:00.447	0.93749				2
2025.06.26	00:37:09.805	0.93751				2
2025.06.26	00:37:13.106	0.93743				2
2025.06.26	00:37:15.379	0.93751	0.93877			6
2025.06.26	00:37:16.712		0.93879			4
2025.06.26	00:37:19.512	0.93749	0.93877			6
2025.06.26	00:37:22.641	0.93750				2
2025.06.26	00:37:30.120		0.93881			4
2025.06.26	00:37:34.432	0.93751	0.93880			6
2025.06.26	00:37:35.914	0.93744				2
2025.06.26	00:37:46.874		0.93881			4
2025.06.26	00:37:49.510	0.93745	0.93880			6
2025.06.26	00:38:00.364	0.93744	0.93881			6
2025.06.26	00:38:12.715		0.93882			4
2025.06.26	00:38:14.359	0.93745				2
2025.06.26	00:38:15.512		0.93880			4
2025.06.26	00:38:22.290	0.93744				2
2025.06.26	00:38:27.681		0.93882			4
2025.06.26	00:38:30.379		0.93877			4
2025.06.26	00:38:43.087		0.93879			4
2025.06.26	00:38:51.522		0.93880			4
2025.06.26	00:38:54.509	0.93745				2
2025.06.26	00:39:00.514	0.93744	0.93878			6
2025.06.26	00:39:01.541	0.93743				2
2025.06.26	00:39:05.462	0.93744				2
2025.06.26	00:39:12.718		0.93879			4
2025.06.26	00:39:15.402	0.93750	0.93880			6
2025.06.26	00:39:22.513		0.93882			4
2025.06.26	00:39:24.210	0.93749				2
2025.06.26	00:39:30.390	0.93751	0.93879			6
2025.06.26	00:39:35.616	0.93750				2
2025.06.26	00:39:38.592		0.93883			4
2025.06.26	00:39:39.017	0.93745	0.93882			6
2025.06.26	00:39:39.504	0.93751				2
2025.06.26	00:39:45.195	0.93742				2
2025.06.26	00:39:45.563	0.93743				2
2025.06.26	00:39:46.343	0.93742				2
2025.06.26	00:39:54.966	0.93745				2
2025.06.26	00:39:57.716		0.93883			4
2025.06.26	00:40:00.196	0.93747				2
2025.06.26	00:40:02.011	0.93748				2
2025.06.26	00:40:04.383	0.93753				2
2025.06.26	00:40:15.141		0.93882			4
2025.06.26	00:40:27.369	0.93747				2
2025.06.26	00:40:27.710		0.93883			4
2025.06.26	00:40:30.303	0.93746	0.93882			6
2025.06.26	00:40:42.380	0.93753				2
2025.06.26	00:40:45.198		0.93879			4
2025.06.26	00:40:50.911	0.93754				2
2025.06.26	00:40:56.925	0.93745				2
2025.06.26	00:41:00.299	0.93746	0.93880			6
2025.06.26	00:41:12.714		0.93881			4
2025.06.26	00:41:15.302		0.93880			4
2025.06.26	00:41:16.796	0.93754				2
2025.06.26	00:41:18.426		0.93886			4
2025.06.26	00:41:22.353	0.93753				2
2025.06.26	00:41:29.898	0.93746	0.93888			6
2025.06.26	00:41:30.666	0.93754	0.93886			6
2025.06.26	00:41:39.507		0.93887			4
2025.06.26	00:41:41.583	0.93746	0.93888			6
2025.06.26	00:41:42.052	0.93745				2
2025.06.26	00:41:45.382	0.93746				2
2025.06.26	00:41:48.448	0.93745				2
2025.06.26	00:41:48.926		0.93882			4
2025.06.26	00:41:54.510	0.93746				2
2025.06.26	00:41:56.355		0.93881			4
2025.06.26	00:41:56.689		0.93880			4
2025.06.26	00:42:00.377	0.93746				2
2025.06.26	00:42:07.457	0.93754	0.93881			6
2025.06.26	00:42:11.642		0.93880			4
2025.06.26	00:42:20.913	0.93753				2
2025.06.26	00:42:23.183	0.93745				2
2025.06.26	00:42:23.714		0.93881			4
2025.06.26	00:42:26.642		0.93880			4
2025.06.26	00:42:27.974	0.93753				2
2025.06.26	00:42:33.513	0.93741				2
2025.06.26	00:42:36.660	0.93742				2
2025.06.26	00:42:37.001	0.93750				2
2025.06.26	00:42:37.594		0.93883			4
2025.06.26	00:42:38.711		0.93884			4
2025.06.26	00:42:39.029	0.93751				2
2025.06.26	00:42:41.588		0.93887			4
2025.06.26	00:42:42.812	0.93750				2
2025.06.26	00:42:52.003	0.93741				2
2025.06.26	00:42:53.711		0.93888			4
2025.06.26	00:42:56.654	0.93745				2
2025.06.26	00:43:00.213	0.93745				2
2025.06.26	00:43:07.001	0.93754				2
2025.06.26	00:43:08.350		0.93881			4
2025.06.26	00:43:21.786	0.93745				2
2025.06.26	00:43:43.620	0.93753				2
2025.06.26	00:44:00.511	0.93753				2
2025.06.26	00:44:01.510	0.93751				2
2025.06.26	00:44:03.430		0.93880			4
2025.06.26	00:44:21.464	0.93743				2
2025.06.26	00:44:23.923		0.93883			4
2025.06.26	00:44:26.229	0.93741				2
2025.06.26	00:44:26.652	0.93740	0.93884			6
2025.06.26	00:44:30.381	0.93741				2
2025.06.26	00:44:34.350	0.93744	0.93889			6
2025.06.26	00:44:41.645		0.93884			4
2025.06.26	00:44:42.711		0.93885			4
2025.06.26	00:44:45.381		0.93884			4
2025.06.26	00:44:50.564	0.93743				2
2025.06.26	00:44:51.288	0.93744				2
2025.06.26	00:44:53.721		0.93885			4
2025.06.26	00:44:56.451		0.93884			4
2025.06.26	00:44:57.537		0.93885			4
2025.06.26	00:45:00.378	0.93745	0.93884			6
2025.06.26	00:45:02.198	0.93741	0.93892			6
2025.06.26	00:45:04.631	0.93745	0.93889			6
2025.06.26	00:45:06.712	0.93752				2
2025.06.26	00:45:09.778	0.93769	0.93870			6
2025.06.26	00:45:13.221	0.93770	0.93869			6
2025.06.26	00:45:17.978		0.93858			4
2025.06.26	00:45:18.439	0.93762				2
2025.06.26	00:45:27.710		0.93859			4
2025.06.26	00:45:30.196	0.93763				2
2025.06.26	00:45:34.353	0.93764				2
2025.06.26	00:45:35.953	0.93762				2
2025.06.26	00:45:45.716		0.93860			4
2025.06.26	00:45:47.983		0.93862			4
2025.06.26	00:45:54.690		0.93861			4
2025.06.26	00:46:00.076	0.93762	0.93862			6
2025.06.26	00:46:00.380	0.93763				2
2025.06.26	00:46:02.980		0.93869			4
2025.06.26	00:46:04.369	0.93770				2
2025.06.26	00:46:13.067	0.93771				2
2025.06.26	00:46:45.513	0.93770				2
2025.06.26	00:47:00.131	0.93770				2
2025.06.26	00:47:02.205	0.93758	0.93871			6
2025.06.26	00:47:04.641	0.93770	0.93869			6
2025.06.26	00:47:15.380	0.93771	0.93868			6
2025.06.26	00:48:00.206	0.93771				2
2025.06.26	00:48:16.357		0.93868			4
2025.06.26	00:48:43.664	0.93772				2
2025.06.26	00:49:00.383	0.93772				2
2025.06.26	00:49:15.384		0.93875			4
2025.06.26	00:49:18.813		0.93876			4
2025.06.26	00:49:53.663		0.93875			4
2025.06.26	00:50:00.222	0.93772				2
2025.06.26	00:50:25.136	0.93775				2
2025.06.26	00:50:26.138	0.93773				2
2025.06.26	00:50:27.507	0.93775				2
2025.06.26	00:50:29.119	0.93776				2
2025.06.26	00:50:29.758	0.93775				2
2025.06.26	00:50:30.362	0.93776				2
2025.06.26	00:50:39.495	0.93763	0.93871			6
2025.06.26	00:50:43.110	0.93764	0.93870			6
2025.06.26	00:50:43.663	0.93765	0.93869			6
2025.06.26	00:50:44.904	0.93763				2
2025.06.26	00:50:46.712		0.93870			4
2025.06.26	00:50:53.953	0.93762				2
2025.06.26	00:50:54.592	0.93763				2
2025.06.26	00:50:57.538	0.93766	0.93871			6
2025.06.26	00:50:58.357	0.93765				2
2025.06.26	00:51:00.026	0.93765				2
2025.06.26	00:51:00.365	0.93762	0.93873			6
2025.06.26	00:51:00.683	0.93765				2
2025.06.26	00:51:03.781	0.93766	0.93872			6
2025.06.26	00:51:05.962	0.93763				2
2025.06.26	00:51:14.442	0.93766				2
2025.06.26	00:51:18.976		0.93878			4
2025.06.26	00:51:23.981	0.93764				2
2025.06.26	00:51:29.739		0.93877			4
2025.06.26	00:51:30.366	0.93767				2
2025.06.26	00:51:33.785	0.93768				2
2025.06.26	00:51:45.380		0.93876			4
2025.06.26	00:51:46.354		0.93877			4
2025.06.26	00:51:49.903	0.93767				2
2025.06.26	00:51:59.908	0.93768				2
2025.06.26	00:52:00.381	0.93768				2
2025.06.26	00:52:01.511		0.93876			4
2025.06.26	00:52:02.622		0.93869			4
2025.06.26	00:52:06.027	0.93766				2
2025.06.26	00:52:12.711		0.93870			4
2025.06.26	00:52:21.751		0.93869			4
2025.06.26	00:52:30.383	0.93768	0.93870			6
2025.06.26	00:52:42.716		0.93879			4
2025.06.26	00:52:45.809	0.93767				2
2025.06.26	00:52:46.515		0.93878			4
2025.06.26	00:52:49.672		0.93877			4
2025.06.26	00:52:50.165	0.93766				2
2025.06.26	00:52:52.112	0.93765				2
2025.06.26	00:52:52.550	0.93766				2
2025.06.26	00:52:54.255	0.93764				2
2025.06.26	00:52:58.669		0.93880			4
2025.06.26	00:52:59.732	0.93766	0.93878			6
2025.06.26	00:53:00.381	0.93768				2
2025.06.26	00:53:01.578		0.93875			4
2025.06.26	00:53:13.713		0.93876			4
2025.06.26	00:53:15.317	0.93770	0.93875			6
2025.06.26	00:53:16.512	0.93771	0.93877			6
2025.06.26	00:53:29.051		0.93879			4
2025.06.26	00:53:30.065	0.93770				2
2025.06.26	00:53:30.381	0.93769	0.93878			6
2025.06.26	00:53:39.532		0.93874			4
2025.06.26	00:53:42.717		0.93875			4
2025.06.26	00:53:49.946	0.93768				2
2025.06.26	00:53:52.904	0.93765	0.93879			6
2025.06.26	00:53:59.909	0.93769	0.93878			6
2025.06.26	00:54:00.213	0.93770				2
2025.06.26	00:54:06.431		0.93874			4
2025.06.26	00:54:12.714		0.93875			4
2025.06.26	00:54:15.050		0.93874			4
2025.06.26	00:54:20.915	0.93768				2
2025.06.26	00:54:27.711		0.93875			4
2025.06.26	00:54:45.067	0.93767				2
2025.06.26	00:54:45.385	0.93770	0.93874			6
2025.06.26	00:54:57.714		0.93876			4
2025.06.26	00:55:00.066	0.93770	0.93875			6
2025.06.26	00:55:00.384		0.93874			4
2025.06.26	00:55:01.111	0.93769				2
2025.06.26	00:55:07.018		0.93879			4
2025.06.26	00:55:08.019	0.93759				2
2025.06.26	00:55:12.712	0.93764				2
2025.06.26	00:55:15.381	0.93762				2
2025.06.26	00:55:16.712	0.93761				2
2025.06.26	00:55:23.973		0.93877			4
2025.06.26	00:55:24.601	0.93762				2
2025.06.26	00:55:27.712	0.93763				2
2025.06.26	00:55:30.066	0.93764				2
2025.06.26	00:55:30.380	0.93762				2
2025.06.26	00:55:42.210	0.93763				2
2025.06.26	00:55:44.540	0.93764				2
2025.06.26	00:55:45.384	0.93763				2
2025.06.26	00:55:59.312	0.93765				2
2025.06.26	00:56:00.386	0.93764				2
2025.06.26	00:56:18.964		0.93876			4
2025.06.26	00:56:20.319	0.93762				2
2025.06.26	00:56:27.712	0.93763				2
2025.06.26	00:56:29.574	0.93764				2
2025.06.26	00:56:30.066	0.93767				2
2025.06.26	00:56:34.003	0.93768				2
2025.06.26	00:56:35.938	0.93763				2
2025.06.26	00:56:45.381	0.93764				2
2025.06.26	00:56:58.057	0.93762				2
2025.06.26	00:56:59.722	0.93763				2
2025.06.26	00:57:00.385	0.93761				2
2025.06.26	00:57:12.600	0.93766				2
2025.06.26	00:57:13.966		0.93881			4
2025.06.26	00:57:21.591	0.93764				2
2025.06.26	00:57:26.892	0.93765				2
2025.06.26	00:57:28.812	0.93769				2
2025.06.26	00:57:30.354	0.93770				2
2025.06.26	00:57:42.713	0.93776				2
2025.06.26	00:57:45.384	0.93774				2
2025.06.26	00:57:46.411	0.93773				2
2025.06.26	00:57:59.723	0.93775				2
2025.06.26	00:58:00.388	0.93773				2
2025.06.26	00:58:08.811		0.93883			4
2025.06.26	00:58:09.836	0.93774				2
2025.06.26	00:58:17.545	0.93771	0.93868			6
2025.06.26	00:58:19.707	0.93765				2
2025.06.26	00:58:21.681	0.93759	0.93867			6
2025.06.26	00:58:22.877	0.93761				2
2025.06.26	00:58:25.717		0.93869			4
2025.06.26	00:58:26.913	0.93759				2
2025.06.26	00:58:27.419	0.93755	0.93862			6
2025.06.26	00:58:28.820	0.93756	0.93863			6
2025.06.26	00:58:29.911	0.93755				2
2025.06.26	00:58:32.354	0.93758				2
2025.06.26	00:58:33.713		0.93864			4
2025.06.26	00:58:36.693		0.93863			4
2025.06.26	00:58:39.501	0.93756	0.93864			6
2025.06.26	00:58:39.935	0.93755	0.93865			6
2025.06.26	00:58:40.772	0.93756				2
2025.06.26	00:58:42.438		0.93862			4
2025.06.26	00:58:42.797	0.93755				2
2025.06.26	00:58:44.912	0.93761	0.93873			6
2025.06.26	00:58:47.080	0.93764	0.93871			6
2025.06.26	00:58:48.353	0.93760	0.93873			6
2025.06.26	00:58:49.122	0.93764				2
2025.06.26	00:58:51.510	0.93763				2
2025.06.26	00:58:51.822	0.93758	0.93867			6
2025.06.26	00:58:54.813	0.93757	0.93872			6
2025.06.26	00:58:55.120	0.93753	0.93871			6
2025.06.26	00:58:55.438	0.93758	0.93873			6
2025.06.26	00:58:55.747	0.93751	0.93863			6
2025.06.26	00:58:57.067	0.93756				2
2025.06.26	00:58:57.587		0.93862			4
2025.06.26	00:58:59.812		0.93864			4
2025.06.26	00:59:01.711	0.93756				2
2025.06.26	00:59:02.363	0.93757				2
2025.06.26	00:59:03.713		0.93867			4
2025.06.26	00:59:11.911	0.93756				2
2025.06.26	00:59:12.585		0.93866			4
2025.06.26	00:59:17.581	0.93758				2
2025.06.26	00:59:18.300		0.93864			4
2025.06.26	00:59:19.111	0.93759				2
2025.06.26	00:59:24.716	0.93758	0.93865			6
2025.06.26	00:59:30.714		0.93867			4
2025.06.26	00:59:31.609		0.93861			4
2025.06.26	00:59:32.356	0.93759	0.93863			6
2025.06.26	00:59:32.798	0.93762	0.93869			6
2025.06.26	00:59:36.271	0.93767	0.93873			6
2025.06.26	00:59:36.694	0.93768	0.93871			6
2025.06.26	00:59:37.001	0.93767	0.93876			6
2025.06.26	00:59:37.454	0.93763	0.93872			6
2025.06.26	00:59:37.801	0.93764				2
2025.06.26	00:59:39.121	0.93762	0.93870			6
2025.06.26	00:59:39.456	0.93765	0.93877			6
2025.06.26	00:59:41.608	0.93762	0.93876			6
2025.06.26	00:59:41.919	0.93767	0.93874			6
2025.06.26	00:59:42.587	0.93765				2
2025.06.26	00:59:44.270	0.93766				2
2025.06.26	00:59:45.865	0.93759	0.93875			6
2025.06.26	00:59:54.378	0.93762				2
2025.06.26	00:59:55.373	0.93756	0.93877			6
2025.06.26	00:59:55.681	0.93760	0.93873			6
2025.06.26	00:59:55.987	0.93761	0.93880			6
2025.06.26	00:59:57.217	0.93757	0.93874			6
2025.06.26	00:59:57.904	0.93761				2
2025.06.26	01:00:00.304	0.93760	0.93880			6
2025.06.26	01:00:00.651	0.93758				2
2025.06.26	01:00:01.068	0.93757				2
2025.06.26	01:00:01.376	0.93761				2
2025.06.26	01:00:01.724	0.93762	0.93898			6
2025.06.26	01:00:02.096	0.93763				2
2025.06.26	01:00:02.417	0.93737	0.93902			6
2025.06.26	01:00:03.345	0.93738	0.93900			6
2025.06.26	01:00:03.952	0.93739	0.93899			6
2025.06.26	01:00:04.254	0.93721	0.93883			6
2025.06.26	01:00:04.558	0.93720				2
2025.06.26	01:00:04.859	0.93760	0.93834			6
2025.06.26	01:00:05.215		0.93833			4
2025.06.26	01:00:05.587		0.93829			4
2025.06.26	01:00:06.122		0.93831			4
2025.06.26	01:00:06.517		0.93836			4
2025.06.26	01:00:07.144		0.93833			4
2025.06.26	01:00:08.203		0.93851			4
2025.06.26	01:00:09.511	0.93761				2
2025.06.26	01:00:13.851	0.93776				2
2025.06.26	01:00:14.190	0.93762				2
2025.06.26	01:00:15.466	0.93763	0.93849			6
2025.06.26	01:00:16.421	0.93768				2
2025.06.26	01:00:16.753		0.93853			4
2025.06.26	01:00:18.378	0.93786				2
2025.06.26	01:00:19.412	0.93770	0.93849			6
2025.06.26	01:00:19.719	0.93774	0.93857			6
2025.06.26	01:00:20.022	0.93773				2
2025.06.26	01:00:20.362		0.93860			4
2025.06.26	01:00:22.053	0.93772				2
2025.06.26	01:00:22.436	0.93770	0.93852			6
2025.06.26	01:00:22.833		0.93850			4
2025.06.26	01:00:25.623	0.93783	0.93849			6
2025.06.26	01:00:26.338	0.93777	0.93850			6
2025.06.26	01:00:27.793	0.93776				2
2025.06.26	01:00:29.327		0.93842			4
2025.06.26	01:00:30.857		0.93839			4
2025.06.26	01:00:31.389		0.93838			4
2025.06.26	01:00:32.304	0.93774	0.93840			6
2025.06.26	01:00:35.914		0.93838			4
2025.06.26	01:00:36.358	0.93780				2
2025.06.26	01:00:37.111	0.93779	0.93837			6
2025.06.26	01:00:37.419	0.93777	0.93838			6
2025.06.26	01:00:37.734	0.93779				2
2025.06.26	01:00:38.057	0.93768				2
2025.06.26	01:00:39.690	0.93764	0.93835			6
2025.06.26	01:00:40.185		0.93834			4
2025.06.26	01:00:41.314	0.93767	0.93835			6
2025.06.26	01:00:41.621	0.93766	0.93836			6
2025.06.26	01:00:42.520	0.93779	0.93837			6
2025.06.26	01:00:46.354	0.93780				2
2025.06.26	01:00:47.006		0.93839			4
2025.06.26	01:00:48.043	0.93779				2
2025.06.26	01:00:53.373	0.93778				2
2025.06.26	01:00:58.111	0.93779				2
2025.06.26	01:00:58.473	0.93783	0.93843			6
2025.06.26	01:01:00.305	0.93782	0.93844			6
2025.06.26	01:01:00.710		0.93841			4
2025.06.26	01:01:02.245	0.93783				2
2025.06.26	01:01:02.957		0.93844			4
2025.06.26	01:01:08.354	0.93785	0.93841			6
2025.06.26	01:01:09.865	0.93784	0.93844			6
2025.06.26	01:01:10.328	0.93785	0.93842			6
2025.06.26	01:01:11.288	0.93786	0.93844			6
2025.06.26	01:01:12.714	0.93787	0.93845			6
2025.06.26	01:01:15.213	0.93788	0.93846			6
2025.06.26	01:01:20.311	0.93787	0.93845			6
2025.06.26	01:01:22.270		0.93848			4
2025.06.26	01:01:23.377		0.93845			4
2025.06.26	01:01:24.317		0.93847			4
2025.06.26	01:01:25.388	0.93784	0.93856			6
2025.06.26	01:01:27.222	0.93785				2
2025.06.26	01:01:27.812	0.93784	0.93855			6
2025.06.26	01:01:28.870	0.93783				2
2025.06.26	01:01:29.265	0.93784				2
2025.06.26	01:01:30.401	0.93785				2
2025.06.26	01:01:33.600	0.93782	0.93852			6
2025.06.26	01:01:34.319	0.93784	0.93846			6
2025.06.26	01:01:34.717	0.93780				2
2025.06.26	01:01:39.513	0.93776	0.93831			6
2025.06.26	01:01:40.363	0.93769	0.93839			6
2025.06.26	01:01:43.381		0.93837			4
2025.06.26	01:01:44.013	0.93770				2
2025.06.26	01:01:44.360		0.93838			4
2025.06.26	01:01:50.313	0.93773	0.93833			6
2025.06.26	01:01:52.800	0.93775	0.93835			6
2025.06.26	01:01:54.423		0.93832			4
2025.06.26	01:02:00.514	0.93775	0.93830			6
2025.06.26	01:02:01.382		0.93831			4
2025.06.26	01:02:02.471	0.93779	0.93841			6
2025.06.26	01:02:03.820	0.93778				2
2025.06.26	01:02:04.411	0.93779				2
2025.06.26	01:02:11.570		0.93838			4
2025.06.26	01:02:13.436	0.93780				2
2025.06.26	01:02:17.312	0.93779				2
2025.06.26	01:02:19.717	0.93780				2
2025.06.26	01:02:22.112	0.93781				2
2025.06.26	01:02:22.441		0.93836			4
2025.06.26	01:02:23.213		0.93838			4
2025.06.26	01:02:26.352	0.93780				2
2025.06.26	01:02:28.360	0.93781				2
2025.06.26	01:02:30.182	0.93780				2
2025.06.26	01:02:31.780		0.93836			4
2025.06.26	01:02:32.083	0.93779	0.93834			6
2025.06.26	01:02:32.422		0.93836			4
2025.06.26	01:02:32.912	0.93780				2
2025.06.26	01:02:42.438		0.93833			4
2025.06.26	01:02:45.272		0.93835			4
2025.06.26	01:02:55.463	0.93781				2
2025.06.26	01:02:56.131		0.93836			4
2025.06.26	01:03:00.366	0.93775	0.93832			6
2025.06.26	01:03:05.611		0.93831			4
2025.06.26	01:03:12.632		0.93826			4
2025.06.26	01:03:14.312	0.93776	0.93831			6
2025.06.26	01:03:16.239	0.93777				2
2025.06.26	01:03:21.511		0.93830			4
2025.06.26	01:03:23.722		0.93829			4
2025.06.26	01:03:30.370	0.93790	0.93845			6
2025.06.26	01:03:31.023	0.93791	0.93843			6
2025.06.26	01:03:34.411		0.93844			4
2025.06.26	01:03:35.131	0.93787	0.93841			6
2025.06.26	01:03:35.764	0.93786	0.93842			6
2025.06.26	01:03:36.069		0.93844			4
2025.06.26	01:03:36.418	0.93785	0.93833			6
2025.06.26	01:03:36.719	0.93784	0.93836			6
2025.06.26	01:03:37.024		0.93834			4
2025.06.26	01:03:37.381		0.93839			4
2025.06.26	01:03:37.712		0.93837			4
2025.06.26	01:03:38.857	0.93781	0.93834			6
2025.06.26	01:03:40.871	0.93782				2
2025.06.26	01:03:41.479	0.93783	0.93837			6
2025.06.26	01:03:42.755		0.93835			4
2025.06.26	01:03:43.945	0.93781	0.93831			6
2025.06.26	01:03:44.963	0.93779				2
2025.06.26	01:03:45.813	0.93780				2
2025.06.26	01:03:46.428		0.93830			4
2025.06.26	01:03:48.345	0.93782				2
2025.06.26	01:03:49.783	0.93784				2
2025.06.26	01:03:52.864	0.93782				2
2025.06.26	01:04:00.084	0.93781				2
2025.06.26	01:04:02.868	0.93783				2
2025.06.26	01:04:04.353	0.93784				2
2025.06.26	01:04:04.775	0.93785				2
2025.06.26	01:04:08.255	0.93784				2
2025.06.26	01:04:09.116	0.93783				2
2025.06.26	01:04:09.514	0.93785				2
2025.06.26	01:04:10.591	0.93784				2
2025.06.26	01:04:12.769	0.93785				2
2025.06.26	01:04:14.014		0.93829			4
2025.06.26	01:04:14.579	0.93783				2
2025.06.26	01:04:20.677	0.93782				2
2025.06.26	01:04:21.217	0.93784				2
2025.06.26	01:04:21.528	0.93783	0.93830			6
2025.06.26	01:04:22.228	0.93785				2
2025.06.26	01:04:22.872	0.93783				2
2025.06.26	01:04:28.111	0.93786				2
2025.06.26	01:04:37.074	0.93781	0.93821			6
2025.06.26	01:04:37.412		0.93823			4
2025.06.26	01:04:38.272	0.93778				2
2025.06.26	01:04:40.113		0.93822			4
2025.06.26	01:04:41.313		0.93826			4
2025.06.26	01:04:42.465	0.93779				2
2025.06.26	01:04:48.348	0.93781				2
2025.06.26	01:04:54.354		0.93825			4
2025.06.26	01:04:56.633		0.93826			4
2025.06.26	01:04:57.381		0.93827			4
2025.06.26	01:04:58.705	0.93780	0.93826			6
2025.06.26	01:04:59.884	0.93783	0.93829			6
2025.06.26	01:05:00.362	0.93783	0.93831			6
2025.06.26	01:05:01.057	0.93785				2
2025.06.26	01:05:02.591	0.93784				2
2025.06.26	01:05:03.988	0.93785				2
2025.06.26	01:05:10.111		0.93830			4
2025.06.26	01:05:12.714		0.93831			4
2025.06.26	01:05:14.066	0.93787				2
2025.06.26	01:05:14.919	0.93785				2
2025.06.26	01:05:19.114	0.93786				2
2025.06.26	01:05:29.639		0.93829			4
2025.06.26	01:05:32.310	0.93787				2
2025.06.26	01:05:34.228		0.93832			4
2025.06.26	01:05:46.112	0.93786				2
2025.06.26	01:05:46.419		0.93830			4
2025.06.26	01:05:47.611	0.93785				2
2025.06.26	01:05:48.811	0.93786				2
2025.06.26	01:05:49.318		0.93832			4
2025.06.26	01:05:51.338		0.93831			4
2025.06.26	01:05:55.710	0.93785	0.93832			6
2025.06.26	01:05:58.425		0.93830			4
2025.06.26	01:06:00.211	0.93785	0.93829			6
2025.06.26	01:06:00.599	0.93782	0.93825			6
2025.06.26	01:06:00.918	0.93784	0.93827			6
2025.06.26	01:06:01.266	0.93785	0.93828			6
2025.06.26	01:06:03.771		0.93829			4
2025.06.26	01:06:04.664	0.93784	0.93827			6
2025.06.26	01:06:08.993		0.93828			4
2025.06.26	01:06:12.335		0.93829			4
2025.06.26	01:06:14.011		0.93827			4
2025.06.26	01:06:15.358	0.93785				2
2025.06.26	01:06:15.658	0.93784				2
2025.06.26	01:06:16.150		0.93826			4
2025.06.26	01:06:19.451		0.93827			4
2025.06.26	01:06:24.212		0.93826			4
2025.06.26	01:06:35.119		0.93828			4
2025.06.26	01:06:37.111		0.93825			4
2025.06.26	01:06:41.610	0.93785				2
2025.06.26	01:06:42.809	0.93784				2
2025.06.26	01:06:45.473	0.93782				2
2025.06.26	01:06:46.773	0.93783				2
2025.06.26	01:06:53.835	0.93782	0.93827			6
2025.06.26	01:06:54.905	0.93783	0.93825			6
2025.06.26	01:06:59.011	0.93782				2
2025.06.26	01:06:59.611	0.93783				2
2025.06.26	01:07:00.115	0.93783				2
2025.06.26	01:07:00.424	0.93782	0.93823			6
2025.06.26	01:07:02.474		0.93826			4
2025.06.26	01:07:03.769	0.93783	0.93825			6
2025.06.26	01:07:04.716	0.93782				2
2025.06.26	01:07:05.358		0.93824			4
2025.06.26	01:07:05.672	0.93780	0.93822			6
2025.06.26	01:07:06.813	0.93781				2
2025.06.26	01:07:14.826	0.93782				2
2025.06.26	01:07:17.611		0.93824			4
2025.06.26	01:07:18.769		0.93823			4
2025.06.26	01:07:23.312		0.93822			4
2025.06.26	01:07:24.955	0.93783				2
2025.06.26	01:07:25.376	0.93782				2
2025.06.26	01:07:29.912		0.93823			4
2025.06.26	01:07:31.412	0.93783				2
2025.06.26	01:07:48.765		0.93821			4
2025.06.26	01:07:50.954	0.93784				2
2025.06.26	01:07:53.893		0.93824			4
2025.06.26	01:08:00.212	0.93784				2
2025.06.26	01:08:01.378	0.93786				2
2025.06.26	01:08:33.407	0.93785	0.93823			6
2025.06.26	01:08:34.713		0.93822			4
2025.06.26	01:08:36.978	0.93784	0.93821			6
2025.06.26	01:08:39.431		0.93820			4
2025.06.26	01:08:39.810	0.93783				2
2025.06.26	01:08:40.642	0.93785				2
2025.06.26	01:08:45.212		0.93821			4
2025.06.26	01:08:45.535	0.93786	0.93823			6
2025.06.26	01:09:00.441	0.93786				2
2025.06.26	01:09:02.435	0.93785				2
2025.06.26	01:09:04.116	0.93786				2
2025.06.26	01:09:16.653	0.93787				2
2025.06.26	01:09:17.416		0.93822			4
2025.06.26	01:09:18.199	0.93786				2
2025.06.26	01:09:18.508	0.93787				2
2025.06.26	01:09:19.539	0.93788				2
2025.06.26	01:09:19.888	0.93787				2
2025.06.26	01:09:20.528		0.93824			4
2025.06.26	01:09:22.112	0.93786				2
2025.06.26	01:09:22.510	0.93787				2
2025.06.26	01:09:23.289	0.93786				2
2025.06.26	01:09:23.911	0.93787				2
2025.06.26	01:09:29.912	0.93785				2
2025.06.26	01:09:30.278	0.93786				2
2025.06.26	01:09:31.811	0.93787				2
2025.06.26	01:09:32.588	0.93786				2
2025.06.26	01:09:33.264	0.93785				2
2025.06.26	01:09:33.641	0.93787				2
2025.06.26	01:09:36.394	0.93786				2
2025.06.26	01:09:36.716	0.93787				2
2025.06.26	01:09:37.112	0.93788				2
2025.06.26	01:09:37.454	0.93787				2
2025.06.26	01:09:38.520	0.93788				2
2025.06.26	01:09:39.583	0.93787				2
2025.06.26	01:09:39.922	0.93788				2
2025.06.26	01:09:40.711	0.93787				2
2025.06.26	01:09:49.387	0.93786				2
2025.06.26	01:09:51.296		0.93822			4
2025.06.26	01:09:53.217		0.93824			4
2025.06.26	01:10:00.378	0.93786	0.93823			6
2025.06.26	01:10:00.752		0.93822			4
2025.06.26	01:10:07.411	0.93785				2
2025.06.26	01:10:14.421	0.93787	0.93824			6
2025.06.26	01:10:16.433	0.93789				2
2025.06.26	01:10:36.359	0.93791				2
2025.06.26	01:10:36.893	0.93790				2
2025.06.26	01:10:38.012	0.93789				2
2025.06.26	01:10:41.114	0.93786	0.93822			6
2025.06.26	01:10:43.117	0.93785				2
2025.06.26	01:10:49.415	0.93786				2
2025.06.26	01:10:53.912	0.93785				2
2025.06.26	01:10:55.331	0.93786				2
2025.06.26	01:10:55.713	0.93785				2
2025.06.26	01:11:00.212	0.93785				2
2025.06.26	01:11:24.215	0.93784				2
2025.06.26	01:11:32.718	0.93785				2
2025.06.26	01:11:41.315		0.93822			4
2025.06.26	01:11:46.714	0.93784				2
2025.06.26	01:12:00.388	0.93785				2
2025.06.26	01:12:01.376	0.93786	0.93823			6
2025.06.26	01:12:04.642	0.93787				2
2025.06.26	01:12:06.812	0.93786				2
2025.06.26	01:12:08.816	0.93791	0.93828			6
2025.06.26	01:12:10.005	0.93792	0.93830			6
2025.06.26	01:12:10.725	0.93793				2
2025.06.26	01:12:14.374	0.93794				2
2025.06.26	01:12:15.512	0.93793				2
2025.06.26	01:12:18.774		0.93828			4
2025.06.26	01:12:33.770		0.93830			4
2025.06.26	01:12:57.307		0.93831			4
2025.06.26	01:13:00.468	0.93793				2
2025.06.26	01:13:04.080	0.93789	0.93825			6
2025.06.26	01:13:07.712	0.93790				2
2025.06.26	01:13:09.510	0.93793	0.93832			6
2025.06.26	01:13:15.166	0.93802				2
2025.06.26	01:13:15.614		0.93833			4
2025.06.26	01:13:16.351	0.93803	0.93832			6
2025.06.26	01:13:17.515	0.93802				2
2025.06.26	01:13:17.869		0.93831			4
2025.06.26	01:13:18.514		0.93829			4
2025.06.26	01:13:18.866		0.93831			4
2025.06.26	01:13:22.601	0.93794	0.93830			6
2025.06.26	01:13:25.005	0.93802				2
2025.06.26	01:13:25.474	0.93804	0.93831			6
2025.06.26	01:13:26.714	0.93802				2
2025.06.26	01:13:27.445	0.93797	0.93827			6
2025.06.26	01:13:28.474	0.93796				2
2025.06.26	01:13:30.802	0.93798				2
2025.06.26	01:13:33.834		0.93825			4
2025.06.26	01:13:37.752	0.93797				2
2025.06.26	01:13:39.851	0.93794				2
2025.06.26	01:13:52.714	0.93791				2
2025.06.26	01:13:53.337	0.93792				2
2025.06.26	01:13:55.005	0.93796				2
2025.06.26	01:13:56.072	0.93798				2
2025.06.26	01:13:56.378	0.93794	0.93824			6
2025.06.26	01:13:56.680		0.93820			4
2025.06.26	01:13:57.830		0.93819			4
2025.06.26	01:13:58.155	0.93788				2
2025.06.26	01:14:00.319	0.93788	0.93818			6
2025.06.26	01:14:11.436	0.93790				2
2025.06.26	01:14:11.743	0.93793	0.93819			6
2025.06.26	01:14:12.359	0.93795				2
2025.06.26	01:14:15.351		0.93820			4
2025.06.26	01:14:23.609	0.93790				2
2025.06.26	01:14:26.436	0.93792				2
2025.06.26	01:14:26.834	0.93791				2
2025.06.26	01:14:27.740	0.93795	0.93822			6
2025.06.26	01:14:28.383		0.93821			4
2025.06.26	01:14:30.353		0.93822			4
2025.06.26	01:14:31.015	0.93794				2
2025.06.26	01:14:38.714	0.93793				2
2025.06.26	01:14:41.435	0.93798				2
2025.06.26	01:14:42.760	0.93797				2
2025.06.26	01:14:43.731	0.93796				2
2025.06.26	01:14:44.378		0.93823			4
2025.06.26	01:14:48.376		0.93824			4
2025.06.26	01:14:49.127	0.93797				2
2025.06.26	01:14:53.711	0.93793				2
2025.06.26	01:14:56.120		0.93819			4
2025.06.26	01:15:00.215	0.93794				2
2025.06.26	01:15:02.361	0.93791				2
2025.06.26	01:15:11.443	0.93796				2
2025.06.26	01:15:13.682	0.93794				2
2025.06.26	01:15:18.135	0.93797				2
2025.06.26	01:15:23.560	0.93790				2
2025.06.26	01:15:23.864	0.93791				2
2025.06.26	01:15:25.162	0.93790				2
2025.06.26	01:15:28.711	0.93792				2
2025.06.26	01:15:33.469	0.93791				2
2025.06.26	01:15:53.226	0.93793				2
2025.06.26	01:15:54.866	0.93794				2
2025.06.26	01:15:55.412	0.93791				2
2025.06.26	01:15:56.354		0.93819			4
2025.06.26	01:16:00.461	0.93791				2
2025.06.26	01:16:02.311	0.93790				2
2025.06.26	01:16:04.354	0.93796				2
2025.06.26	01:16:08.712	0.93794				2
2025.06.26	01:16:11.436	0.93796				2
2025.06.26	01:16:12.713	0.93795				2
2025.06.26	01:16:23.711	0.93793				2
2025.06.26	01:16:25.312	0.93791	0.93817			6
2025.06.26	01:16:26.435	0.93795				2
2025.06.26	01:16:28.364	0.93793				2
2025.06.26	01:16:30.077	0.93796				2
2025.06.26	01:16:30.512	0.93795				2
2025.06.26	01:16:31.711	0.93796				2
2025.06.26	01:16:33.804		0.93819			4
2025.06.26	01:16:34.355	0.93795				2
2025.06.26	01:16:34.880	0.93796	0.93822			6
2025.06.26	01:16:35.201	0.93800				2
2025.06.26	01:16:40.061	0.93791				2
2025.06.26	01:16:41.436	0.93794				2
2025.06.26	01:16:46.431	0.93793				2
2025.06.26	01:16:46.832	0.93799	0.93821			6
2025.06.26	01:16:47.142		0.93827			4
2025.06.26	01:16:48.482		0.93829			4
2025.06.26	01:16:50.316	0.93800				2
2025.06.26	01:16:53.712	0.93799				2
2025.06.26	01:16:57.140	0.93800	0.93831			6
2025.06.26	01:16:58.354	0.93801				2
2025.06.26	01:16:59.379	0.93810	0.93837			6
2025.06.26	01:16:59.683		0.93835			4
2025.06.26	01:17:00.362	0.93810				2
2025.06.26	01:17:12.215		0.93838			4
2025.06.26	01:17:12.917		0.93836			4
2025.06.26	01:17:13.219	0.93809				2
2025.06.26	01:17:13.524		0.93837			4
2025.06.26	01:17:13.915	0.93810	0.93835			6
2025.06.26	01:17:14.377		0.93838			4
2025.06.26	01:17:17.495		0.93837			4
2025.06.26	01:17:36.288	0.93811				2
2025.06.26	01:17:39.484	0.93810				2
2025.06.26	01:17:41.574	0.93811				2
2025.06.26	01:17:48.468		0.93838			4
2025.06.26	01:17:51.485	0.93810	0.93837			6
2025.06.26	01:17:52.486	0.93811				2
2025.06.26	01:17:53.365		0.93839			4
2025.06.26	01:17:53.913		0.93838			4
2025.06.26	01:17:59.316	0.93816				2
2025.06.26	01:18:00.566	0.93816				2
2025.06.26	01:18:02.589	0.93821				2
2025.06.26	01:18:03.101		0.93839			4
2025.06.26	01:18:08.437		0.93838			4
2025.06.26	01:18:14.122	0.93817				2
2025.06.26	01:18:16.357	0.93815				2
2025.06.26	01:18:16.682		0.93837			4
2025.06.26	01:18:18.497	0.93813	0.93838			6
2025.06.26	01:18:19.581	0.93821	0.93839			6
2025.06.26	01:18:22.000		0.93842			4
2025.06.26	01:18:23.401		0.93843			4
2025.06.26	01:18:24.213		0.93842			4
2025.06.26	01:18:24.520	0.93817	0.93838			6
2025.06.26	01:18:25.610		0.93837			4
2025.06.26	01:18:26.711	0.93810	0.93838			6
2025.06.26	01:18:27.134	0.93815	0.93837			6
2025.06.26	01:18:27.551	0.93819	0.93838			6
2025.06.26	01:18:29.140	0.93815	0.93837			6
2025.06.26	01:18:31.139	0.93819				2
2025.06.26	01:19:00.256	0.93819				2
2025.06.26	01:19:01.941	0.93817	0.93838			6
2025.06.26	01:19:02.318	0.93819	0.93837			6
2025.06.26	01:19:23.295		0.93838			4
2025.06.26	01:19:29.380	0.93816				2
2025.06.26	01:19:29.895		0.93837			4
2025.06.26	01:19:34.689	0.93815				2
2025.06.26	01:19:37.533		0.93836			4
2025.06.26	01:19:38.020	0.93812				2
2025.06.26	01:19:39.327		0.93837			4
2025.06.26	01:19:40.577		0.93836			4
2025.06.26	01:19:42.374	0.93813				2
2025.06.26	01:19:43.647	0.93812	0.93835			6
2025.06.26	01:19:45.909	0.93813				2
2025.06.26	01:19:48.166	0.93819	0.93840			6
2025.06.26	01:19:53.211		0.93839			4
2025.06.26	01:19:58.283		0.93837			4
2025.06.26	01:20:00.811	0.93819				2
2025.06.26	01:20:15.961		0.93838			4
2025.06.26	01:20:19.831		0.93837			4
2025.06.26	01:20:23.570	0.93821	0.93839			6
2025.06.26	01:21:00.511	0.93821				2
2025.06.26	01:21:07.300	0.93824	0.93842			6
2025.06.26	01:21:23.597		0.93841			4
2025.06.26	01:21:27.897	0.93823	0.93842			6
2025.06.26	01:21:28.397	0.93821	0.93840			6
2025.06.26	01:21:31.536		0.93841			4
2025.06.26	01:21:47.805		0.93842			4
2025.06.26	01:21:48.810		0.93841			4
2025.06.26	01:22:00.642	0.93821	0.93839			6
2025.06.26	01:22:29.312	0.93822				2
2025.06.26	01:22:33.812	0.93821				2
2025.06.26	01:22:56.913	0.93822				2
2025.06.26	01:23:00.567	0.93822				2
2025.06.26	01:23:02.316		0.93839			4
2025.06.26	01:23:03.570	0.93823				2
2025.06.26	01:23:08.074		0.93842			4
2025.06.26	01:23:09.175		0.93840			4
2025.06.26	01:23:10.163		0.93839			4
2025.06.26	01:23:16.134	0.93821				2
2025.06.26	01:23:34.511		0.93840			4
2025.06.26	01:23:39.461		0.93838			4
2025.06.26	01:23:43.484		0.93839			4
2025.06.26	01:24:00.210	0.93821	0.93838			6
2025.06.26	01:24:00.520		0.93839			4
2025.06.26	01:24:09.423		0.93838			4
2025.06.26	01:24:23.241		0.93839			4
2025.06.26	01:24:25.512	0.93819	0.93837			6
2025.06.26	01:24:27.091		0.93839			4
2025.06.26	01:24:28.853		0.93837			4
2025.06.26	01:25:00.314	0.93819				2
2025.06.26	01:25:16.774		0.93836			4
2025.06.26	01:25:17.878		0.93837			4
2025.06.26	01:25:22.840		0.93836			4
2025.06.26	01:25:29.311		0.93835			4
2025.06.26	01:25:29.618	0.93818				2
2025.06.26	01:25:32.079	0.93819				2
2025.06.26	01:25:37.613	0.93816	0.93831			6
2025.06.26	01:25:41.610	0.93815	0.93830			6
2025.06.26	01:25:43.979		0.93831			4
2025.06.26	01:25:44.324	0.93814				2
2025.06.26	01:25:44.910	0.93815				2
2025.06.26	01:25:45.557	0.93813	0.93829			6
2025.06.26	01:25:57.311	0.93812				2
2025.06.26	01:26:00.386	0.93813	0.93827			6
2025.06.26	01:26:02.251		0.93828			4
2025.06.26	01:26:14.343		0.93829			4
2025.06.26	01:26:18.044		0.93828			4
2025.06.26	01:26:26.017		0.93827			4
2025.06.26	01:26:26.730		0.93828			4
2025.06.26	01:26:49.033	0.93812				2
2025.06.26	01:26:53.384	0.93811				2
2025.06.26	01:26:57.464	0.93810				2
2025.06.26	01:27:00.317	0.93808				2
2025.06.26	01:27:00.636	0.93810	0.93829			6
2025.06.26	01:27:02.526		0.93828			4
2025.06.26	01:27:02.836		0.93829			4
2025.06.26	01:27:03.724	0.93809				2
2025.06.26	01:27:05.173	0.93810				2
2025.06.26	01:27:06.913	0.93809				2
2025.06.26	01:27:07.951	0.93811				2
2025.06.26	01:27:08.318		0.93828			4
2025.06.26	01:27:10.051	0.93810				2
2025.06.26	01:27:11.908	0.93812				2
2025.06.26	01:27:21.411	0.93808				2
2025.06.26	01:27:24.490	0.93812				2
2025.06.26	01:27:25.891	0.93808				2
2025.06.26	01:27:26.924	0.93810				2
2025.06.26	01:27:29.336	0.93812				2
2025.06.26	01:27:30.348	0.93810				2
2025.06.26	01:27:32.021	0.93807				2
2025.06.26	01:27:33.434	0.93810				2
2025.06.26	01:27:34.353	0.93811	0.93827			6
2025.06.26	01:27:35.003		0.93828			4
2025.06.26	01:27:35.511	0.93810				2
2025.06.26	01:27:40.071	0.93811				2
2025.06.26	01:27:41.108	0.93810				2
2025.06.26	01:27:45.538	0.93811	0.93827			6
2025.06.26	01:27:46.208		0.93828			4
2025.06.26	01:27:48.269	0.93810				2
2025.06.26	01:28:00.370	0.93810				2
2025.06.26	01:28:01.722	0.93811	0.93827			6
2025.06.26	01:28:02.979		0.93828			4
2025.06.26	01:28:03.965	0.93810				2
2025.06.26	01:28:04.280		0.93827			4
2025.06.26	01:28:05.015	0.93811				2
2025.06.26	01:28:06.059		0.93828			4
2025.06.26	01:28:06.816		0.93827			4
2025.06.26	01:28:07.120	0.93810				2
2025.06.26	01:28:30.804	0.93811	0.93825			6
2025.06.26	01:28:31.132	0.93810				2
2025.06.26	01:28:36.025	0.93809				2
2025.06.26	01:28:37.069	0.93810				2
2025.06.26	01:28:41.249	0.93811				2
2025.06.26	01:28:43.598	0.93810				2
2025.06.26	01:28:51.688	0.93811				2
2025.06.26	01:28:52.729	0.93810				2
2025.06.26	01:29:00.297	0.93810				2
2025.06.26	01:29:07.037	0.93812	0.93828			6
2025.06.26	01:29:07.366	0.93811				2
2025.06.26	01:29:07.878	0.93810				2
2025.06.26	01:29:09.158	0.93811				2
2025.06.26	01:29:10.695		0.93827			4
2025.06.26	01:29:11.315	0.93810				2
2025.06.26	01:29:13.499	0.93811	0.93828			6
2025.06.26	01:29:14.017	0.93812	0.93829			6
2025.06.26	01:29:15.514	0.93811				2
2025.06.26	01:29:16.713	0.93812				2
2025.06.26	01:29:18.812	0.93813				2
2025.06.26	01:29:19.348	0.93812	0.93828			6
2025.06.26	01:29:21.871	0.93813				2
2025.06.26	01:29:22.317	0.93812				2
2025.06.26	01:29:23.417	0.93811				2
2025.06.26	01:29:27.528	0.93812	0.93825			6
2025.06.26	01:29:27.852	0.93810	0.93824			6
2025.06.26	01:29:41.753		0.93823			4
2025.06.26	01:29:49.055		0.93822			4
2025.06.26	01:29:49.953		0.93823			4
2025.06.26	01:30:00.305	0.93810	0.93821			6
2025.06.26	01:30:01.523		0.93820			4
2025.06.26	01:30:02.233	0.93809	0.93817			6
2025.06.26	01:30:04.388	0.93810	0.93818			6
2025.06.26	01:30:04.693		0.93819			4
2025.06.26	01:30:05.350	0.93809				2
2025.06.26	01:30:05.659	0.93804	0.93817			6
2025.06.26	01:30:05.972	0.93802				2
2025.06.26	01:30:08.870		0.93815			4
2025.06.26	01:30:09.501	0.93803				2
2025.06.26	01:30:11.910	0.93802				2
2025.06.26	01:30:14.143		0.93816			4
2025.06.26	01:30:14.587	0.93804				2
2025.06.26	01:30:16.807	0.93805				2
2025.06.26	01:30:17.120	0.93803				2
2025.06.26	01:30:17.594	0.93804				2
2025.06.26	01:30:18.237	0.93800				2
2025.06.26	01:30:19.798	0.93801				2
2025.06.26	01:30:24.503	0.93802	0.93817			6
2025.06.26	01:30:25.901	0.93800	0.93812			6
2025.06.26	01:30:26.611	0.93799				2
2025.06.26	01:30:28.594	0.93800	0.93813			6
2025.06.26	01:30:28.933	0.93801				2
2025.06.26	01:30:29.827	0.93800				2
2025.06.26	01:30:38.598	0.93801				2
2025.06.26	01:30:39.813	0.93800				2
2025.06.26	01:31:00.477	0.93799				2
2025.06.26	01:31:01.765	0.93798				2
2025.06.26	01:31:02.714	0.93799				2
2025.06.26	01:31:03.552	0.93798				2
2025.06.26	01:31:06.375	0.93799				2
2025.06.26	01:31:09.661	0.93798	0.93811			6
2025.06.26	01:31:19.654		0.93812			4
2025.06.26	01:31:23.378	0.93799				2
2025.06.26	01:31:25.113	0.93800				2
2025.06.26	01:31:29.173	0.93801				2
2025.06.26	01:31:29.855	0.93799	0.93811			6
2025.06.26	01:31:30.917		0.93810			4
2025.06.26	01:31:31.647		0.93808			4
2025.06.26	01:31:32.011		0.93809			4
2025.06.26	01:31:41.777		0.93810			4
2025.06.26	01:31:46.676	0.93800				2
2025.06.26	01:31:52.067		0.93813			4
2025.06.26	01:31:53.402		0.93812			4
2025.06.26	01:31:58.414		0.93811			4
2025.06.26	01:32:00.211	0.93800				2
2025.06.26	01:32:01.598		0.93809			4
2025.06.26	01:32:08.615		0.93810			4
2025.06.26	01:32:15.933	0.93803	0.93814			6
2025.06.26	01:32:16.241	0.93801	0.93812			6
2025.06.26	01:32:19.369	0.93802				2
2025.06.26	01:32:20.347	0.93801				2
2025.06.26	01:32:28.730	0.93802				2
2025.06.26	01:32:29.144	0.93801				2
2025.06.26	01:32:29.484	0.93802				2
2025.06.26	01:32:35.331	0.93804	0.93815			6
2025.06.26	01:32:35.727		0.93817			4
2025.06.26	01:32:39.506	0.93803				2
2025.06.26	01:32:46.167	0.93804				2
2025.06.26	01:32:48.513		0.93815			4
2025.06.26	01:32:50.375		0.93817			4
2025.06.26	01:33:00.131	0.93803	0.93815			6
2025.06.26	01:33:15.307		0.93814			4
2025.06.26	01:33:16.346		0.93815			4
2025.06.26	01:33:21.181	0.93802				2
2025.06.26	01:33:27.794		0.93814			4
2025.06.26	01:33:31.986	0.93799				2
2025.06.26	01:33:40.161	0.93802				2
2025.06.26	01:34:01.391	0.93802				2
2025.06.26	01:34:27.799		0.93814			4
2025.06.26	01:34:39.676	0.93810	0.93821			6
2025.06.26	01:34:42.765	0.93811	0.93823			6
2025.06.26	01:34:45.409	0.93807				2
2025.06.26	01:34:46.411	0.93808				2
2025.06.26	01:34:53.013	0.93807				2
2025.06.26	01:34:54.706	0.93808	0.93822			6
2025.06.26	01:35:00.032	0.93808				2
2025.06.26	01:35:01.385	0.93806				2
2025.06.26	01:35:02.916		0.93823			4
2025.06.26	01:35:07.668	0.93805	0.93822			6
2025.06.26	01:35:07.991	0.93806	0.93823			6
2025.06.26	01:35:09.466		0.93822			4
2025.06.26	01:35:10.286	0.93804	0.93820			6
2025.06.26	01:35:10.595	0.93805				2
2025.06.26	01:35:10.910	0.93804				2
2025.06.26	01:35:14.411	0.93805				2
2025.06.26	01:35:16.112	0.93804				2
2025.06.26	01:35:23.311	0.93803				2
2025.06.26	01:35:24.640	0.93804				2
2025.06.26	01:35:25.112	0.93803				2
2025.06.26	01:35:26.708	0.93804				2
2025.06.26	01:35:27.510	0.93803				2
2025.06.26	01:35:27.816	0.93805				2
2025.06.26	01:35:28.138	0.93803				2
2025.06.26	01:35:28.786	0.93804				2
2025.06.26	01:35:29.175	0.93803				2
2025.06.26	01:35:29.821	0.93804				2
2025.06.26	01:35:30.140	0.93802				2
2025.06.26	01:35:30.564	0.93803				2
2025.06.26	01:35:30.868	0.93802				2
2025.06.26	01:35:31.894	0.93803				2
2025.06.26	01:35:32.672	0.93802				2
2025.06.26	01:35:39.500	0.93803				2
2025.06.26	01:35:40.816		0.93819			4
2025.06.26	01:35:42.135	0.93802				2
2025.06.26	01:35:42.453	0.93804				2
2025.06.26	01:35:43.105	0.93805				2
2025.06.26	01:35:45.512	0.93804				2
2025.06.26	01:35:46.712	0.93805				2
2025.06.26	01:35:48.351	0.93804				2
2025.06.26	01:35:49.618	0.93805				2
2025.06.26	01:35:58.286	0.93810	0.93818			6
2025.06.26	01:36:00.445	0.93805	0.93820			6
2025.06.26	01:36:01.338	0.93810	0.93818			6
2025.06.26	01:36:05.315	0.93809				2
2025.06.26	01:36:05.694	0.93810	0.93819			6
2025.06.26	01:36:10.718	0.93805				2
2025.06.26	01:36:11.410		0.93818			4
2025.06.26	01:36:11.858	0.93809				2
2025.06.26	01:36:40.554	0.93807				2
2025.06.26	01:36:46.972	0.93808				2
2025.06.26	01:36:47.279	0.93809				2
2025.06.26	01:37:00.102	0.93809				2
2025.06.26	01:37:07.436	0.93805	0.93815			6
2025.06.26	01:37:11.381	0.93804				2
2025.06.26	01:37:15.710	0.93807	0.93817			6
2025.06.26	01:37:16.281	0.93810				2
2025.06.26	01:37:19.915	0.93808				2
2025.06.26	01:37:26.563	0.93809	0.93818			6
2025.06.26	01:37:52.715	0.93810	0.93817			6
2025.06.26	01:37:53.018	0.93809				2
2025.06.26	01:37:53.398	0.93810				2
2025.06.26	01:37:54.755		0.93818			4
2025.06.26	01:37:55.952		0.93819			4
2025.06.26	01:38:00.237	0.93810				2
2025.06.26	01:38:00.860		0.93820			4
2025.06.26	01:38:03.177		0.93821			4
2025.06.26	01:38:06.512		0.93822			4
2025.06.26	01:38:11.319		0.93819			4
2025.06.26	01:38:21.061	0.93808				2
2025.06.26	01:38:35.575	0.93807				2
2025.06.26	01:38:39.830		0.93818			4
2025.06.26	01:38:40.845		0.93819			4
2025.06.26	01:38:41.148	0.93808				2
2025.06.26	01:38:41.487	0.93807				2
2025.06.26	01:38:44.791		0.93818			4
2025.06.26	01:38:51.214	0.93809				2
2025.06.26	01:38:53.810	0.93802	0.93817			6
2025.06.26	01:38:59.142	0.93799	0.93814			6
2025.06.26	01:39:00.129	0.93799				2
2025.06.26	01:39:00.451	0.93800				2
2025.06.26	01:39:00.760	0.93801				2
2025.06.26	01:39:01.084	0.93803				2
2025.06.26	01:39:01.577	0.93802				2
2025.06.26	01:39:03.182	0.93796	0.93811			6
2025.06.26	01:39:04.839	0.93799				2
2025.06.26	01:39:05.153	0.93801				2
2025.06.26	01:39:05.478	0.93800				2
2025.06.26	01:39:08.629		0.93810			4
2025.06.26	01:39:09.761	0.93801				2
2025.06.26	01:39:10.705	0.93800				2
2025.06.26	01:39:20.103	0.93801	0.93811			6
2025.06.26	01:39:20.432	0.93800				2
2025.06.26	01:39:20.739	0.93798				2
2025.06.26	01:39:21.357	0.93799				2
2025.06.26	01:39:22.342	0.93800	0.93813			6
2025.06.26	01:39:35.554	0.93798	0.93810			6
2025.06.26	01:39:38.082	0.93795	0.93808			6
2025.06.26	01:39:39.106	0.93796	0.93809			6
2025.06.26	01:39:45.566	0.93797				2
2025.06.26	01:39:47.885	0.93795	0.93807			6
2025.06.26	01:39:48.502	0.93796				2
2025.06.26	01:39:51.587	0.93797				2
2025.06.26	01:39:52.624	0.93796				2
2025.06.26	01:39:53.962	0.93797				2
2025.06.26	01:39:58.097	0.93796				2
2025.06.26	01:39:58.844	0.93797				2
2025.06.26	01:40:00.119	0.93797				2
2025.06.26	01:40:03.221		0.93809			4
2025.06.26	01:40:11.510	0.93802	0.93815			6
2025.06.26	01:40:11.831	0.93801				2
2025.06.26	01:41:00.472	0.93801				2
2025.06.26	01:41:02.311	0.93803	0.93816			6
2025.06.26	01:41:02.774	0.93804	0.93817			6
2025.06.26	01:41:12.061	0.93802	0.93816			6
2025.06.26	01:41:14.635		0.93815			4
2025.06.26	01:41:16.412		0.93816			4
2025.06.26	01:41:17.838		0.93815			4
2025.06.26	01:41:19.695		0.93816			4
2025.06.26	01:41:22.891		0.93815			4
2025.06.26	01:41:28.052		0.93816			4
2025.06.26	01:41:29.912		0.93815			4
2025.06.26	01:41:33.252		0.93816			4
2025.06.26	01:41:36.211		0.93815			4
2025.06.26	01:41:37.412		0.93816			4
2025.06.26	01:41:42.928		0.93815			4
2025.06.26	01:41:45.682		0.93816			4
2025.06.26	01:41:46.410		0.93815			4
2025.06.26	01:41:47.561		0.93816			4
2025.06.26	01:41:54.810		0.93815			4
2025.06.26	01:41:56.043		0.93816			4
2025.06.26	01:41:56.502		0.93815			4
2025.06.26	01:42:00.190	0.93802	0.93816			6
2025.06.26	01:42:00.684		0.93815			4
2025.06.26	01:42:02.126	0.93801				2
2025.06.26	01:42:02.476	0.93803	0.93817			6
2025.06.26	01:42:03.212		0.93818			4
2025.06.26	01:42:11.498		0.93817			4
2025.06.26	01:42:13.115		0.93818			4
2025.06.26	01:42:13.565		0.93817			4
2025.06.26	01:42:15.400		0.93818			4
2025.06.26	01:42:22.498		0.93817			4
2025.06.26	01:42:23.953		0.93818			4
2025.06.26	01:42:30.541	0.93800	0.93817			6
2025.06.26	01:42:30.933		0.93816			4
2025.06.26	01:42:49.111	0.93802				2
2025.06.26	01:42:50.704	0.93801	0.93815			6
2025.06.26	01:42:58.109	0.93802				2
2025.06.26	01:42:58.421		0.93816			4
2025.06.26	01:42:58.741	0.93805	0.93818			6
2025.06.26	01:42:59.070	0.93800	0.93817			6
2025.06.26	01:43:00.154	0.93800				2
2025.06.26	01:43:08.229		0.93816			4
2025.06.26	01:43:09.115		0.93817			4
2025.06.26	01:43:09.480		0.93816			4
2025.06.26	01:43:12.811		0.93817			4
2025.06.26	01:43:13.881		0.93816			4
2025.06.26	01:43:17.938	0.93802	0.93817			6
2025.06.26	01:43:26.317	0.93801	0.93815			6
2025.06.26	01:43:45.097	0.93799	0.93813			6
2025.06.26	01:43:48.576		0.93812			4
2025.06.26	01:43:49.793		0.93813			4
2025.06.26	01:43:54.168		0.93812			4
2025.06.26	01:43:56.256		0.93813			4
2025.06.26	01:43:56.793		0.93812			4
2025.06.26	01:43:58.343		0.93813			4
2025.06.26	01:44:00.433	0.93799				2
2025.06.26	01:44:00.796		0.93812			4
2025.06.26	01:44:02.011		0.93813			4
2025.06.26	01:44:05.859	0.93798	0.93812			6
2025.06.26	01:44:06.318	0.93799				2
2025.06.26	01:44:06.665	0.93801				2
2025.06.26	01:44:09.211	0.93799	0.93815			6
2025.06.26	01:44:11.311	0.93800	0.93816			6
2025.06.26	01:44:19.119		0.93813			4
2025.06.26	01:44:21.289	0.93801				2
2025.06.26	01:44:22.841	0.93802				2
2025.06.26	01:44:34.568		0.93812			4
2025.06.26	01:44:38.697	0.93801	0.93813			6
2025.06.26	01:44:48.040	0.93802				2
2025.06.26	01:44:48.368	0.93801				2
2025.06.26	01:44:51.210	0.93800				2
2025.06.26	01:44:52.639	0.93801				2
2025.06.26	01:45:00.221	0.93801				2
2025.06.26	01:45:03.983	0.93800	0.93814			6
2025.06.26	01:45:05.400	0.93802	0.93816			6
2025.06.26	01:45:09.885		0.93815			4
2025.06.26	01:45:17.586	0.93801				2
2025.06.26	01:45:41.656	0.93800	0.93816			6
2025.06.26	01:45:41.963	0.93801				2
2025.06.26	01:45:43.711		0.93815			4
2025.06.26	01:45:54.176		0.93816			4
2025.06.26	01:45:58.044		0.93815			4
2025.06.26	01:45:59.350		0.93816			4
2025.06.26	01:45:59.667	0.93799	0.93814			6
2025.06.26	01:46:00.809	0.93799				2
2025.06.26	01:46:03.202	0.93797	0.93810			6
2025.06.26	01:46:03.514	0.93795				2
2025.06.26	01:46:04.017		0.93811			4
2025.06.26	01:46:05.913		0.93809			4
2025.06.26	01:46:15.736	0.93796	0.93810			6
2025.06.26	01:46:20.748	0.93795	0.93809			6
2025.06.26	01:46:25.685	0.93796	0.93810			6
2025.06.26	01:46:26.123	0.93795	0.93809			6
2025.06.26	01:46:45.683	0.93796	0.93810			6
2025.06.26	01:46:47.038	0.93795	0.93809			6
2025.06.26	01:46:49.113	0.93796	0.93810			6
2025.06.26	01:46:59.034	0.93795	0.93809			6
2025.06.26	01:47:00.768	0.93795				2
2025.06.26	01:47:05.960	0.93796	0.93810			6
2025.06.26	01:47:08.461	0.93795	0.93806			6
2025.06.26	01:47:09.301	0.93794	0.93807			6
2025.06.26	01:47:10.667	0.93796				2
2025.06.26	01:47:15.379	0.93798				2
2025.06.26	01:47:17.008		0.93808			4
2025.06.26	01:47:28.405	0.93797	0.93807			6
2025.06.26	01:47:31.349	0.93798				2
2025.06.26	01:47:38.550	0.93793				2
2025.06.26	01:47:46.699	0.93790	0.93809			6
2025.06.26	01:47:47.200	0.93793	0.93806			6
2025.06.26	01:47:56.191	0.93794	0.93808			6
2025.06.26	01:48:00.373	0.93794				2
2025.06.26	01:48:05.036	0.93795	0.93809			6
2025.06.26	01:49:03.324	0.93795				2
2025.06.26	01:49:03.630	0.93796	0.93810			6
2025.06.26	01:49:16.870	0.93795	0.93809			6
2025.06.26	01:49:52.928	0.93802	0.93816			6
2025.06.26	01:49:53.243	0.93803	0.93817			6
2025.06.26	01:49:54.286	0.93804	0.93818			6
2025.06.26	01:50:00.420	0.93803	0.93817			6
2025.06.26	01:50:03.549	0.93804	0.93819			6
2025.06.26	01:50:19.054	0.93805				2
2025.06.26	01:50:28.711		0.93818			4
2025.06.26	01:50:31.752	0.93804				2
2025.06.26	01:50:32.739		0.93817			4
2025.06.26	01:50:35.022		0.93818			4
2025.06.26	01:50:39.035		0.93817			4
2025.06.26	01:50:42.138		0.93818			4
2025.06.26	01:50:42.975		0.93817			4
2025.06.26	01:50:44.612		0.93818			4
2025.06.26	01:50:44.929		0.93819			4
2025.06.26	01:50:49.289		0.93818			4
2025.06.26	01:50:59.727	0.93801	0.93819			6
2025.06.26	01:51:00.564	0.93806	0.93820			6
2025.06.26	01:51:04.829	0.93805	0.93819			6
2025.06.26	01:51:05.773	0.93803	0.93821			6
2025.06.26	01:51:06.936	0.93805	0.93818			6
2025.06.26	01:51:07.661	0.93802	0.93821			6
2025.06.26	01:51:08.250	0.93803				2
2025.06.26	01:51:08.901	0.93805	0.93818			6
2025.06.26	01:51:09.209	0.93803	0.93821			6
2025.06.26	01:51:09.933	0.93801	0.93822			6
2025.06.26	01:51:10.970	0.93802				2
2025.06.26	01:51:11.631	0.93803				2
2025.06.26	01:51:12.059	0.93802	0.93821			6
2025.06.26	01:51:13.097	0.93803	0.93822			6
2025.06.26	01:51:13.405		0.93823			4
2025.06.26	01:51:14.888	0.93806	0.93819			6
2025.06.26	01:51:31.976	0.93805	0.93818			6
2025.06.26	01:51:35.775	0.93803	0.93817			6
2025.06.26	01:51:37.710	0.93801				2
2025.06.26	01:51:39.684		0.93816			4
2025.06.26	01:51:41.081	0.93802				2
2025.06.26	01:51:47.290	0.93801				2
2025.06.26	01:51:51.312	0.93802				2
2025.06.26	01:51:51.632	0.93801				2
2025.06.26	01:51:52.306	0.93802				2
2025.06.26	01:51:53.243	0.93801				2
2025.06.26	01:52:00.427	0.93802				2
2025.06.26	01:52:00.827	0.93803	0.93819			6
2025.06.26	01:52:04.577		0.93820			4
2025.06.26	01:52:10.239	0.93810				2
2025.06.26	01:52:21.558	0.93809				2
2025.06.26	01:52:22.531	0.93810	0.93817			6
2025.06.26	01:52:23.688	0.93809				2
2025.06.26	01:52:27.826	0.93810				2
2025.06.26	01:52:37.567	0.93809				2
2025.06.26	01:52:44.755	0.93810				2
2025.06.26	01:52:48.550	0.93811				2
2025.06.26	01:52:50.231	0.93810				2
2025.06.26	01:52:55.816	0.93811				2
2025.06.26	01:52:56.852	0.93810				2
2025.06.26	01:53:01.062	0.93810				2
2025.06.26	01:53:16.193		0.93821			4
2025.06.26	01:53:35.269		0.93817			4
2025.06.26	01:53:36.469		0.93818			4
2025.06.26	01:53:37.712	0.93811	0.93820			6
2025.06.26	01:53:38.027	0.93810				2
2025.06.26	01:53:38.950	0.93811				2
2025.06.26	01:53:40.317	0.93810				2
2025.06.26	01:53:50.858	0.93809				2
2025.06.26	01:53:51.901	0.93811				2
2025.06.26	01:53:56.040	0.93810				2
2025.06.26	01:54:04.200	0.93810				2
2025.06.26	01:54:38.524		0.93820			4
2025.06.26	01:55:00.540	0.93810				2
2025.06.26	01:55:13.644	0.93808				2
2025.06.26	01:55:16.611	0.93809				2
2025.06.26	01:55:16.972	0.93810				2
2025.06.26	01:55:19.126	0.93811	0.93821			6
2025.06.26	01:55:33.201	0.93810	0.93820			6
2025.06.26	01:55:35.899	0.93809				2
2025.06.26	01:55:37.580	0.93810				2
2025.06.26	01:55:39.652	0.93811				2
2025.06.26	01:55:41.723	0.93809				2
2025.06.26	01:55:42.029	0.93808				2
2025.06.26	01:55:42.798	0.93809				2
2025.06.26	01:55:43.101	0.93811				2
2025.06.26	01:55:43.990		0.93821			4
2025.06.26	01:56:01.351	0.93811				2
2025.06.26	01:56:28.222	0.93810				2
2025.06.26	01:56:29.100	0.93811	0.93820			6
2025.06.26	01:56:31.209	0.93809				2
2025.06.26	01:56:36.573		0.93819			4
2025.06.26	01:56:42.735	0.93811				2
2025.06.26	01:57:00.337	0.93811				2
2025.06.26	01:57:14.462	0.93809	0.93818			6
2025.06.26	01:57:53.186	0.93811	0.93820			6
2025.06.26	01:58:00.212	0.93811				2
2025.06.26	01:58:01.722	0.93809				2
2025.06.26	01:58:03.804	0.93808				2
2025.06.26	01:58:04.774	0.93809				2
2025.06.26	01:58:10.411	0.93808				2
2025.06.26	01:58:11.315	0.93809				2
2025.06.26	01:58:14.427	0.93811				2
2025.06.26	01:58:17.533	0.93809				2
2025.06.26	01:58:19.081	0.93808				2
2025.06.26	01:58:19.478	0.93809				2
2025.06.26	01:58:22.972	0.93808				2
2025.06.26	01:58:24.009	0.93809				2
2025.06.26	01:58:24.416	0.93811	0.93819			6
2025.06.26	01:58:24.728	0.93808				2
2025.06.26	01:58:25.754	0.93809				2
2025.06.26	01:58:32.301	0.93808				2
2025.06.26	01:58:33.206	0.93809				2
2025.06.26	01:59:00.564	0.93809				2
2025.06.26	01:59:03.452		0.93820			4
2025.06.26	01:59:14.262	0.93811				2
2025.06.26	01:59:17.304	0.93809				2
2025.06.26	01:59:24.015	0.93810	0.93822			6
2025.06.26	01:59:25.476	0.93809	0.93820			6
2025.06.26	01:59:44.178	0.93811				2
2025.06.26	01:59:47.287	0.93809				2
2025.06.26	01:59:52.214	0.93811				2
2025.06.26	01:59:59.316		0.93821			4
2025.06.26	01:59:59.655		0.93822			4
2025.06.26	02:00:00.326	0.93811	0.93821			6
2025.06.26	02:00:00.650		0.93819			4
2025.06.26	02:00:00.959	0.93808	0.93816			6
2025.06.26	02:00:01.413		0.93817			4
2025.06.26	02:00:04.222	0.93805				2
2025.06.26	02:00:06.370	0.93813	0.93824			6
2025.06.26	02:00:06.715		0.93825			4
2025.06.26	02:00:07.395	0.93812				2
2025.06.26	02:00:09.101	0.93813				2
2025.06.26	02:00:21.241	0.93812				2
2025.06.26	02:00:21.552		0.93824			4
2025.06.26	02:00:23.114	0.93811				2
2025.06.26	02:00:23.435	0.93810	0.93823			6
2025.06.26	02:00:30.849	0.93811	0.93824			6
2025.06.26	02:00:32.508		0.93821			4
2025.06.26	02:00:34.816	0.93814	0.93826			6
2025.06.26	02:00:35.119	0.93817	0.93827			6
2025.06.26	02:00:35.478		0.93829			4
2025.06.26	02:00:36.137	0.93820	0.93831			6
2025.06.26	02:00:36.444	0.93821	0.93832			6
2025.06.26	02:00:36.812	0.93822	0.93837			6
2025.06.26	02:00:37.123	0.93821	0.93834			6
2025.06.26	02:00:37.442	0.93823	0.93836			6
2025.06.26	02:00:37.786	0.93825	0.93837			6
2025.06.26	02:00:38.087	0.93823	0.93835			6
2025.06.26	02:00:38.391	0.93822	0.93833			6
2025.06.26	02:00:38.701	0.93820	0.93835			6
2025.06.26	02:00:39.075		0.93834			4
2025.06.26	02:00:39.380	0.93821				2
2025.06.26	02:00:39.690	0.93824	0.93835			6
2025.06.26	02:00:40.320	0.93823				2
2025.06.26	02:00:40.633	0.93821	0.93833			6
2025.06.26	02:00:40.959	0.93820	0.93832			6
2025.06.26	02:00:41.696		0.93831			4
2025.06.26	02:00:42.000	0.93816	0.93828			6
2025.06.26	02:00:42.319	0.93815				2
2025.06.26	02:00:42.938	0.93816				2
2025.06.26	02:00:43.249	0.93815	0.93829			6
2025.06.26	02:00:43.566	0.93816	0.93828			6
2025.06.26	02:00:43.871	0.93815				2
2025.06.26	02:00:44.174	0.93817				2
2025.06.26	02:00:45.093	0.93814	0.93827			6
2025.06.26	02:00:45.401		0.93828			4
2025.06.26	02:00:45.722	0.93817	0.93830			6
2025.06.26	02:00:46.026	0.93815	0.93829			6
2025.06.26	02:00:47.035	0.93816				2
2025.06.26	02:00:47.424	0.93814				2
2025.06.26	02:00:47.730	0.93819	0.93831			6
2025.06.26	02:00:48.265	0.93818	0.93830			6
2025.06.26	02:00:48.591		0.93829			4
2025.06.26	02:00:50.080	0.93817	0.93828			6
2025.06.26	02:00:50.381		0.93829			4
2025.06.26	02:00:51.503	0.93816	0.93827			6
2025.06.26	02:00:51.849	0.93815				2
2025.06.26	02:00:52.899	0.93816	0.93826			6
2025.06.26	02:00:54.422		0.93828			4
2025.06.26	02:00:54.948	0.93817	0.93829			6
2025.06.26	02:00:58.154	0.93814	0.93826			6
2025.06.26	02:00:59.162	0.93815	0.93825			6
2025.06.26	02:00:59.995	0.93814				2
2025.06.26	02:01:00.299	0.93816	0.93827			6
2025.06.26	02:01:01.407	0.93817				2
2025.06.26	02:01:01.709	0.93816				2
2025.06.26	02:01:02.961		0.93828			4
2025.06.26	02:01:03.381	0.93817				2
2025.06.26	02:01:03.726		0.93827			4
2025.06.26	02:01:04.208		0.93828			4
2025.06.26	02:01:05.141	0.93815	0.93827			6
2025.06.26	02:01:05.542		0.93826			4
2025.06.26	02:01:06.381	0.93809	0.93820			6
2025.06.26	02:01:06.706	0.93808				2
2025.06.26	02:01:07.116	0.93809				2
2025.06.26	02:01:08.179	0.93811				2
2025.06.26	02:01:13.585	0.93808	0.93819			6
2025.06.26	02:01:14.517		0.93818			4
2025.06.26	02:01:16.234		0.93819			4
2025.06.26	02:01:17.293		0.93818			4
2025.06.26	02:01:17.863		0.93819			4
2025.06.26	02:01:18.166	0.93805				2
2025.06.26	02:01:18.510		0.93818			4
2025.06.26	02:01:19.190	0.93808	0.93820			6
2025.06.26	02:01:19.501	0.93810				2
2025.06.26	02:01:20.193		0.93821			4
2025.06.26	02:01:20.526		0.93823			4
2025.06.26	02:01:21.234		0.93822			4
2025.06.26	02:01:22.317		0.93823			4
2025.06.26	02:01:25.208	0.93811				2
2025.06.26	02:01:27.306	0.93813	0.93824			6
2025.06.26	02:01:27.975	0.93811	0.93822			6
2025.06.26	02:01:28.726	0.93813	0.93825			6
2025.06.26	02:01:29.820		0.93823			4
2025.06.26	02:01:30.132	0.93812				2
2025.06.26	02:01:30.488		0.93824			4
2025.06.26	02:01:30.971	0.93811				2
2025.06.26	02:01:31.328	0.93812				2
2025.06.26	02:01:32.659	0.93813				2
2025.06.26	02:01:33.072	0.93812				2
2025.06.26	02:01:33.510	0.93811				2
2025.06.26	02:01:34.079	0.93812				2
2025.06.26	02:01:35.399	0.93810	0.93821			6
2025.06.26	02:01:35.793	0.93809				2
2025.06.26	02:01:36.122	0.93808				2
2025.06.26	02:01:36.822	0.93809				2
2025.06.26	02:01:37.138	0.93808				2
2025.06.26	02:01:37.900	0.93809	0.93820			6
2025.06.26	02:01:38.255	0.93808	0.93821			6
2025.06.26	02:01:38.666	0.93809				2
2025.06.26	02:01:39.007	0.93811	0.93822			6
2025.06.26	02:01:39.359	0.93810				2
2025.06.26	02:01:39.667		0.93823			4
2025.06.26	02:01:40.108	0.93811				2
2025.06.26	02:01:41.862	0.93813	0.93824			6
2025.06.26	02:01:43.324	0.93811				2
2025.06.26	02:01:43.846	0.93813				2
2025.06.26	02:01:44.318	0.93812				2
2025.06.26	02:01:45.017	0.93813				2
2025.06.26	02:01:45.362	0.93812				2
2025.06.26	02:01:47.027	0.93811	0.93823			6
2025.06.26	02:01:47.333	0.93812				2
2025.06.26	02:01:49.261	0.93811				2
2025.06.26	02:01:50.202		0.93824			4
2025.06.26	02:01:50.559	0.93812	0.93825			6
2025.06.26	02:01:51.446	0.93813	0.93824			6
2025.06.26	02:01:52.089	0.93811	0.93821			6
2025.06.26	02:01:52.398	0.93809	0.93820			6
2025.06.26	02:01:53.702	0.93810	0.93821			6
2025.06.26	02:01:56.718		0.93822			4
2025.06.26	02:02:00.394	0.93811	0.93823			6
2025.06.26	02:02:00.702	0.93812	0.93825			6
2025.06.26	02:02:02.275	0.93814	0.93827			6
2025.06.26	02:02:02.585	0.93825	0.93837			6
2025.06.26	02:02:02.901	0.93824	0.93836			6
2025.06.26	02:02:03.228	0.93822	0.93834			6
2025.06.26	02:02:03.541	0.93825	0.93837			6
2025.06.26	02:02:04.499	0.93826	0.93838			6
2025.06.26	02:02:05.706	0.93827				2
2025.06.26	02:02:06.413		0.93837			4
2025.06.26	02:02:07.841	0.93826				2
2025.06.26	02:02:08.883	0.93823	0.93835			6
2025.06.26	02:02:10.137	0.93827	0.93837			6
2025.06.26	02:02:10.443		0.93839			4
2025.06.26	02:02:10.785		0.93838			4
2025.06.26	02:02:11.145	0.93826	0.93836			6
2025.06.26	02:02:11.500		0.93837			4
2025.06.26	02:02:12.267		0.93838			4
2025.06.26	02:02:12.736	0.93827				2
2025.06.26	02:02:13.045		0.93839			4
2025.06.26	02:02:13.700	0.93832	0.93843			6
2025.06.26	02:02:14.020	0.93830				2
2025.06.26	02:02:14.329	0.93832				2
2025.06.26	02:02:14.700	0.93829	0.93842			6
2025.06.26	02:02:15.583		0.93841			4
2025.06.26	02:02:16.615	0.93828				2
2025.06.26	02:02:16.918	0.93829				2
2025.06.26	02:02:19.644		0.93842			4
2025.06.26	02:02:21.419	0.93830				2
2025.06.26	02:02:22.401		0.93841			4
2025.06.26	02:02:23.205		0.93843			4
2025.06.26	02:02:23.524		0.93842			4
2025.06.26	02:02:23.879		0.93843			4
2025.06.26	02:02:24.387	0.93829	0.93842			6
2025.06.26	02:02:24.757	0.93830				2
2025.06.26	02:02:25.747	0.93831				2
2025.06.26	02:02:26.143	0.93830				2
2025.06.26	02:02:27.630	0.93829				2
2025.06.26	02:02:28.658	0.93831	0.93843			6
2025.06.26	02:02:28.987	0.93830	0.93842			6
2025.06.26	02:02:31.108	0.93831				2
2025.06.26	02:02:33.535	0.93832				2
2025.06.26	02:02:34.053	0.93831				2
2025.06.26	02:02:34.563		0.93841			4
2025.06.26	02:02:43.607	0.93832				2
2025.06.26	02:02:44.779		0.93843			4
2025.06.26	02:02:45.426	0.93833	0.93844			6
2025.06.26	02:02:46.326	0.93834				2
2025.06.26	02:02:49.255	0.93835	0.93845			6
2025.06.26	02:02:50.397	0.93836	0.93846			6
2025.06.26	02:02:51.529	0.93835	0.93844			6
2025.06.26	02:02:52.426		0.93845			4
2025.06.26	02:02:53.115	0.93834	0.93844			6
2025.06.26	02:02:53.492	0.93833				2
2025.06.26	02:02:54.395		0.93842			4
2025.06.26	02:02:54.703	0.93829	0.93841			6
2025.06.26	02:02:57.104	0.93832	0.93842			6
2025.06.26	02:02:57.736	0.93831				2
2025.06.26	02:02:58.094	0.93832				2
2025.06.26	02:02:59.967	0.93831				2
2025.06.26	02:03:00.274	0.93831				2
2025.06.26	02:03:00.970	0.93832				2
2025.06.26	02:03:03.184	0.93831	0.93844			6
2025.06.26	02:03:04.841		0.93843			4
2025.06.26	02:03:05.192		0.93844			4
2025.06.26	02:03:06.066	0.93830	0.93840			6
2025.06.26	02:03:06.423	0.93831				2
2025.06.26	02:03:07.637	0.93830				2
2025.06.26	02:03:08.088	0.93828	0.93838			6
2025.06.26	02:03:11.500	0.93827				2
2025.06.26	02:03:12.014	0.93828				2
2025.06.26	02:03:12.395	0.93827				2
2025.06.26	02:03:13.117	0.93828				2
2025.06.26	02:03:14.186		0.93837			4
2025.06.26	02:03:14.925	0.93827	0.93835			6
2025.06.26	02:03:15.843		0.93836			4
2025.06.26	02:03:16.154		0.93837			4
2025.06.26	02:03:17.553	0.93828	0.93836			6
2025.06.26	02:03:17.950		0.93837			4
2025.06.26	02:03:18.383	0.93827				2
2025.06.26	02:03:20.003		0.93836			4
2025.06.26	02:03:23.387	0.93828	0.93841			6
2025.06.26	02:03:23.741		0.93839			4
2025.06.26	02:03:24.073	0.93827				2
2025.06.26	02:03:24.708	0.93828				2
2025.06.26	02:03:26.419	0.93827				2
2025.06.26	02:03:30.304	0.93828				2
2025.06.26	02:03:37.321	0.93827				2
2025.06.26	02:03:38.205	0.93828				2
2025.06.26	02:03:38.592		0.93840			4
2025.06.26	02:03:38.912		0.93839			4
2025.06.26	02:03:40.409	0.93827				2
2025.06.26	02:03:41.484		0.93838			4
2025.06.26	02:03:42.196	0.93828				2
2025.06.26	02:03:43.640	0.93827				2
2025.06.26	02:03:46.573		0.93842			4
2025.06.26	02:03:46.962	0.93830				2
2025.06.26	02:03:47.437	0.93829				2
2025.06.26	02:03:51.734	0.93828				2
2025.06.26	02:03:52.121	0.93831	0.93843			6
2025.06.26	02:03:52.431	0.93829	0.93842			6
2025.06.26	02:03:52.739	0.93830				2
2025.06.26	02:03:55.691	0.93831				2
2025.06.26	02:03:56.602	0.93830				2
2025.06.26	02:03:59.877	0.93834	0.93846			6
2025.06.26	02:04:00.181	0.93834				2
2025.06.26	02:04:03.277	0.93833	0.93845			6
2025.06.26	02:04:03.671	0.93834				2
2025.06.26	02:04:03.996		0.93846			4
2025.06.26	02:04:07.368		0.93844			4
2025.06.26	02:04:07.761		0.93843			4
2025.06.26	02:04:08.318		0.93845			4
2025.06.26	02:04:09.750		0.93843			4
2025.06.26	02:04:11.552	0.93833				2
2025.06.26	02:04:13.048		0.93842			4
2025.06.26	02:04:13.953	0.93832				2
2025.06.26	02:04:14.623	0.93833				2
2025.06.26	02:04:15.016	0.93832				2
2025.06.26	02:04:16.167	0.93831				2
2025.06.26	02:04:17.850	0.93832				2
2025.06.26	02:04:20.133	0.93833	0.93846			6
2025.06.26	02:04:20.441	0.93835				2
2025.06.26	02:04:21.220	0.93836				2
2025.06.26	02:04:27.173	0.93837	0.93848			6
2025.06.26	02:04:29.630	0.93836	0.93846			6
2025.06.26	02:04:30.667	0.93837				2
2025.06.26	02:04:31.893		0.93847			4
2025.06.26	02:04:33.056		0.93846			4
2025.06.26	02:04:35.949	0.93836	0.93847			6
2025.06.26	02:04:39.752		0.93846			4
2025.06.26	02:04:41.954	0.93837				2
2025.06.26	02:04:43.231	0.93836				2
2025.06.26	02:04:43.542	0.93833	0.93843			6
2025.06.26	02:04:45.158	0.93831	0.93844			6
2025.06.26	02:04:46.184		0.93843			4
2025.06.26	02:04:47.283	0.93830				2
2025.06.26	02:04:52.429	0.93831	0.93844			6
2025.06.26	02:04:53.232	0.93832				2
2025.06.26	02:04:56.700	0.93833				2
2025.06.26	02:05:00.100	0.93833				2
2025.06.26	02:05:00.437	0.93831	0.93840			6
2025.06.26	02:05:02.196	0.93830				2
2025.06.26	02:05:08.993	0.93831				2
2025.06.26	02:05:11.313	0.93827	0.93838			6
2025.06.26	02:05:12.258	0.93826	0.93837			6
2025.06.26	02:05:13.293	0.93827	0.93838			6
2025.06.26	02:05:13.617	0.93828				2
2025.06.26	02:05:15.972	0.93826				2
2025.06.26	02:05:17.005	0.93828	0.93840			6
2025.06.26	02:05:17.637	0.93827				2
2025.06.26	02:05:18.868	0.93828				2
2025.06.26	02:05:20.533	0.93827	0.93839			6
2025.06.26	02:05:22.554		0.93840			4
2025.06.26	02:05:25.650	0.93828				2
2025.06.26	02:05:26.355		0.93841			4
2025.06.26	02:05:31.025	0.93829				2
2025.06.26	02:05:32.142	0.93830	0.93843			6
2025.06.26	02:05:37.144	0.93831				2
2025.06.26	02:05:41.431		0.93844			4
2025.06.26	02:05:42.274	0.93832				2
2025.06.26	02:05:44.142	0.93833				2
2025.06.26	02:05:46.138	0.93832				2
2025.06.26	02:05:47.274	0.93833	0.93845			6
2025.06.26	02:05:49.613	0.93831				2
2025.06.26	02:05:52.678		0.93843			4
2025.06.26	02:05:55.404	0.93832				2
2025.06.26	02:05:56.716	0.93831	0.93844			6
2025.06.26	02:05:57.464	0.93833				2
2025.06.26	02:05:58.163		0.93843			4
2025.06.26	02:05:59.310	0.93832				2
2025.06.26	02:06:00.041	0.93832				2
2025.06.26	02:06:00.788	0.93833				2
2025.06.26	02:06:01.779	0.93831				2
2025.06.26	02:06:04.860	0.93833				2
2025.06.26	02:06:05.266	0.93831	0.93841			6
2025.06.26	02:06:05.885	0.93830				2
2025.06.26	02:06:06.677	0.93828				2
2025.06.26	02:06:07.623	0.93829				2
2025.06.26	02:06:11.585	0.93825	0.93837			6
2025.06.26	02:06:11.888	0.93823	0.93835			6
2025.06.26	02:06:13.862	0.93824	0.93836			6
2025.06.26	02:06:14.532	0.93825	0.93837			6
2025.06.26	02:06:14.894	0.93826				2
2025.06.26	02:06:15.951	0.93829	0.93840			6
2025.06.26	02:06:16.260	0.93830				2
2025.06.26	02:06:16.634	0.93829				2
2025.06.26	02:06:17.300	0.93828				2
2025.06.26	02:06:17.769	0.93829	0.93839			6
2025.06.26	02:06:34.034	0.93830				2
2025.06.26	02:06:35.007	0.93829				2
2025.06.26	02:06:36.287		0.93840			4
2025.06.26	02:06:36.591	0.93827	0.93838			6
2025.06.26	02:06:36.922	0.93829	0.93839			6
2025.06.26	02:06:40.097		0.93840			4
2025.06.26	02:06:40.741	0.93830	0.93842			6
2025.06.26	02:06:41.716	0.93829	0.93843			6
2025.06.26	02:06:42.018	0.93830				2
2025.06.26	02:06:42.320	0.93829	0.93841			6
2025.06.26	02:06:44.943	0.93825	0.93838			6
2025.06.26	02:06:45.618	0.93826				2
2025.06.26	02:06:45.936	0.93825				2
2025.06.26	02:06:46.725	0.93826	0.93837			6
2025.06.26	02:06:47.062	0.93825				2
2025.06.26	02:06:49.103	0.93827	0.93843			6
2025.06.26	02:06:49.405	0.93828	0.93841			6
2025.06.26	02:06:54.673		0.93842			4
2025.06.26	02:06:56.613	0.93826				2
2025.06.26	02:06:59.387	0.93828				2
2025.06.26	02:06:59.746	0.93831				2
2025.06.26	02:07:00.143	0.93831				2
2025.06.26	02:07:02.036	0.93830				2
2025.06.26	02:07:05.316		0.93841			4
2025.06.26	02:07:14.925	0.93828				2
2025.06.26	02:07:15.239	0.93829				2
2025.06.26	02:07:16.045		0.93842			4
2025.06.26	02:07:16.356	0.93830	0.93843			6
2025.06.26	02:07:16.685	0.93832				2
2025.06.26	02:07:18.132	0.93831				2
2025.06.26	02:07:20.356	0.93833	0.93844			6
2025.06.26	02:07:20.718		0.93845			4
2025.06.26	02:07:21.384	0.93832	0.93844			6
2025.06.26	02:07:22.166	0.93830	0.93842			6
2025.06.26	02:07:22.482	0.93828				2
2025.06.26	02:07:23.315	0.93829				2
2025.06.26	02:07:26.828	0.93830				2
2025.06.26	02:07:30.352	0.93829				2
2025.06.26	02:07:33.159	0.93830				2
2025.06.26	02:07:35.085	0.93829				2
2025.06.26	02:07:36.429	0.93830	0.93843			6
2025.06.26	02:07:41.611		0.93842			4
2025.06.26	02:07:42.259	0.93829	0.93843			6
2025.06.26	02:07:45.825	0.93828				2
2025.06.26	02:07:46.459		0.93842			4
2025.06.26	02:07:48.458		0.93843			4
2025.06.26	02:07:54.371	0.93829	0.93844			6
2025.06.26	02:07:57.734	0.93830	0.93845			6
2025.06.26	02:08:00.368	0.93833	0.93847			6
2025.06.26	02:08:00.670		0.93846			4
2025.06.26	02:08:01.034		0.93847			4
2025.06.26	02:08:02.797		0.93846			4
2025.06.26	02:08:03.200	0.93832				2
2025.06.26	02:08:04.798	0.93831	0.93845			6
2025.06.26	02:08:14.093		0.93844			4
2025.06.26	02:08:15.123	0.93832				2
2025.06.26	02:08:15.458	0.93831				2
2025.06.26	02:08:16.104	0.93832				2
2025.06.26	02:08:16.789	0.93831				2
2025.06.26	02:08:17.260	0.93832				2
2025.06.26	02:08:17.901	0.93831				2
2025.06.26	02:08:18.474	0.93832				2
2025.06.26	02:08:19.159	0.93831	0.93843			6
2025.06.26	02:08:22.824		0.93844			4
2025.06.26	02:08:23.884	0.93832				2
2025.06.26	02:08:24.219		0.93843			4
2025.06.26	02:08:27.377		0.93844			4
2025.06.26	02:08:32.472	0.93834	0.93847			6
2025.06.26	02:08:33.210	0.93835				2
2025.06.26	02:08:38.893	0.93833	0.93845			6
2025.06.26	02:08:39.197	0.93835	0.93847			6
2025.06.26	02:08:39.866	0.93836	0.93848			6
2025.06.26	02:08:42.587		0.93847			4
2025.06.26	02:08:43.046		0.93848			4
2025.06.26	02:08:43.365	0.93835	0.93847			6
2025.06.26	02:08:43.743	0.93836	0.93848			6
2025.06.26	02:08:48.918	0.93835	0.93847			6
2025.06.26	02:08:50.418		0.93848			4
2025.06.26	02:08:53.138		0.93847			4
2025.06.26	02:08:55.224	0.93834				2
2025.06.26	02:08:55.594		0.93846			4
2025.06.26	02:09:00.601	0.93834				2
2025.06.26	02:09:02.611	0.93833				2
2025.06.26	02:09:03.538	0.93834				2
2025.06.26	02:09:05.591	0.93833				2
2025.06.26	02:09:06.214	0.93834				2
2025.06.26	02:09:10.367		0.93847			4
2025.06.26	02:09:15.108	0.93832	0.93844			6
2025.06.26	02:09:18.930		0.93845			4
2025.06.26	02:09:20.179		0.93844			4
2025.06.26	02:09:25.382		0.93843			4
2025.06.26	02:09:28.975	0.93830				2
2025.06.26	02:09:29.294	0.93829	0.93842			6
2025.06.26	02:09:33.977	0.93831	0.93843			6
2025.06.26	02:09:34.326	0.93832				2
2025.06.26	02:09:34.642	0.93833	0.93844			6
2025.06.26	02:09:37.338	0.93831	0.93843			6
2025.06.26	02:09:38.848		0.93844			4
2025.06.26	02:09:43.097		0.93845			4
2025.06.26	02:09:50.314		0.93844			4
2025.06.26	02:09:53.033		0.93845			4
2025.06.26	02:09:53.695		0.93844			4
2025.06.26	02:09:55.313	0.93830	0.93843			6
2025.06.26	02:10:00.392	0.93830				2
2025.06.26	02:10:09.810	0.93831				2
2025.06.26	02:10:13.538	0.93832				2
2025.06.26	02:10:16.685	0.93833	0.93845			6
2025.06.26	02:10:17.705	0.93834				2
2025.06.26	02:10:22.026	0.93833				2
2025.06.26	02:10:24.118	0.93834				2
2025.06.26	02:10:26.187	0.93833				2
2025.06.26	02:10:27.231	0.93834				2
2025.06.26	02:10:31.968	0.93833				2
2025.06.26	02:10:33.061	0.93834				2
2025.06.26	02:10:35.701		0.93844			4
2025.06.26	02:10:38.885	0.93833				2
2025.06.26	02:10:42.513	0.93834				2
2025.06.26	02:10:44.064	0.93833				2
2025.06.26	02:10:46.146	0.93834				2
2025.06.26	02:10:47.500		0.93845			4
2025.06.26	02:10:47.810	0.93833				2
2025.06.26	02:10:57.960		0.93844			4
2025.06.26	02:10:58.738	0.93832				2
2025.06.26	02:11:00.138	0.93832				2
2025.06.26	02:11:01.870	0.93833				2
2025.06.26	02:11:15.588	0.93834	0.93845			6
2025.06.26	02:11:20.319	0.93833	0.93844			6
2025.06.26	02:11:21.445	0.93835	0.93845			6
2025.06.26	02:11:22.439	0.93836				2
2025.06.26	02:11:24.983		0.93847			4
2025.06.26	02:11:28.360	0.93835				2
2025.06.26	02:11:28.925	0.93836				2
2025.06.26	02:11:31.006	0.93829	0.93841			6
2025.06.26	02:11:31.314	0.93833	0.93843			6
2025.06.26	02:11:31.622	0.93834				2
2025.06.26	02:11:32.596	0.93833				2
2025.06.26	02:11:35.163	0.93834				2
2025.06.26	02:11:36.523	0.93833				2
2025.06.26	02:11:36.846	0.93834				2
2025.06.26	02:11:38.412	0.93835				2
2025.06.26	02:11:40.202		0.93844			4
2025.06.26	02:11:41.091	0.93836				2
2025.06.26	02:11:41.476	0.93835				2
2025.06.26	02:11:43.759	0.93833	0.93843			6
2025.06.26	02:11:50.671	0.93834	0.93844			6
2025.06.26	02:11:51.000		0.93843			4
2025.06.26	02:11:57.919	0.93833	0.93842			6
2025.06.26	02:11:58.246	0.93834				2
2025.06.26	02:11:59.312		0.93845			4
2025.06.26	02:12:00.057	0.93834				2
2025.06.26	02:12:02.229	0.93833				2
2025.06.26	02:12:02.911	0.93834				2
2025.06.26	02:12:03.407		0.93843			4
2025.06.26	02:12:03.766		0.93844			4
2025.06.26	02:12:05.662		0.93845			4
2025.06.26	02:12:09.152	0.93833	0.93844			6
2025.06.26	02:12:10.321	0.93834	0.93845			6
2025.06.26	02:12:11.937	0.93833				2
2025.06.26	02:12:15.312	0.93834				2
2025.06.26	02:12:15.999	0.93833				2
2025.06.26	02:12:18.462		0.93843			4
2025.06.26	02:12:20.533		0.93844			4
2025.06.26	02:12:23.455	0.93832	0.93845			6
2025.06.26	02:12:23.761	0.93833				2
2025.06.26	02:12:24.090	0.93835				2
2025.06.26	02:12:24.400	0.93834	0.93844			6
2025.06.26	02:12:24.812	0.93833				2
2025.06.26	02:12:27.159		0.93845			4
2025.06.26	02:12:28.390		0.93844			4
2025.06.26	02:12:30.543	0.93834				2
2025.06.26	02:12:31.096	0.93833				2
2025.06.26	02:12:31.705	0.93834				2
2025.06.26	02:12:32.179	0.93833				2
2025.06.26	02:12:32.487	0.93834				2
2025.06.26	02:12:33.118	0.93835	0.93845			6
2025.06.26	02:12:33.420	0.93834	0.93844			6
2025.06.26	02:12:36.121	0.93835	0.93845			6
2025.06.26	02:12:36.435	0.93834				2
2025.06.26	02:12:38.238		0.93847			4
2025.06.26	02:12:38.541	0.93835	0.93846			6
2025.06.26	02:12:38.844	0.93834	0.93847			6
2025.06.26	02:12:39.145	0.93837	0.93846			6
2025.06.26	02:12:39.457	0.93836				2
2025.06.26	02:12:39.760	0.93835	0.93847			6
2025.06.26	02:12:40.062		0.93846			4
2025.06.26	02:12:40.381	0.93834				2
2025.06.26	02:12:41.359	0.93846	0.93855			6
2025.06.26	02:12:41.662	0.93841	0.93852			6
2025.06.26	02:12:41.980	0.93842	0.93851			6
2025.06.26	02:12:42.284	0.93841				2
2025.06.26	02:12:43.380	0.93842	0.93852			6
2025.06.26	02:12:46.532	0.93845	0.93855			6
2025.06.26	02:12:47.199	0.93847	0.93856			6
2025.06.26	02:12:47.523	0.93846				2
2025.06.26	02:12:49.698		0.93857			4
2025.06.26	02:12:50.002	0.93847				2
2025.06.26	02:12:50.320	0.93848				2
2025.06.26	02:12:50.731	0.93847				2
2025.06.26	02:12:52.315	0.93848	0.93858			6
2025.06.26	02:12:52.780		0.93857			4
2025.06.26	02:12:53.968	0.93849	0.93858			6
2025.06.26	02:12:56.778		0.93859			4
2025.06.26	02:12:57.080		0.93858			4
2025.06.26	02:12:57.857		0.93859			4
2025.06.26	02:12:58.182	0.93850				2
2025.06.26	02:12:58.644	0.93849				2
2025.06.26	02:12:58.948	0.93850				2
2025.06.26	02:13:00.314	0.93850				2
2025.06.26	02:13:02.531	0.93848				2
2025.06.26	02:13:03.414	0.93850				2
2025.06.26	02:13:04.525	0.93849				2
2025.06.26	02:13:06.351		0.93860			4
2025.06.26	02:13:07.319	0.93853	0.93862			6
2025.06.26	02:13:09.115	0.93851	0.93860			6
2025.06.26	02:13:09.420	0.93853	0.93862			6
2025.06.26	02:13:10.217		0.93863			4
2025.06.26	02:13:12.507	0.93854				2
2025.06.26	02:13:12.814	0.93855				2
2025.06.26	02:13:13.912		0.93864			4
2025.06.26	02:13:14.646		0.93863			4
2025.06.26	02:13:15.404	0.93856				2
2025.06.26	02:13:15.812	0.93855				2
2025.06.26	02:13:17.480	0.93854				2
2025.06.26	02:13:18.191		0.93862			4
2025.06.26	02:13:19.317	0.93855				2
2025.06.26	02:13:20.357	0.93854	0.93863			6
2025.06.26	02:13:22.811	0.93855				2
2025.06.26	02:13:23.140	0.93856				2
2025.06.26	02:13:28.147		0.93864			4
2025.06.26	02:13:30.431	0.93855	0.93862			6
2025.06.26	02:13:33.172	0.93856	0.93863			6
2025.06.26	02:13:33.698		0.93864			4
2025.06.26	02:13:34.284	0.93855				2
2025.06.26	02:13:36.227	0.93857				2
2025.06.26	02:13:36.540	0.93856	0.93865			6
2025.06.26	02:13:37.588		0.93864			4
2025.06.26	02:13:38.852	0.93854	0.93863			6
2025.06.26	02:13:40.215	0.93855	0.93864			6
2025.06.26	02:13:41.107	0.93854				2
2025.06.26	02:13:41.981		0.93863			4
2025.06.26	02:13:43.366	0.93855	0.93864			6
2025.06.26	02:13:44.359		0.93863			4
2025.06.26	02:13:44.690	0.93854	0.93864			6
2025.06.26	02:13:46.235	0.93855				2
2025.06.26	02:13:46.933	0.93856	0.93863			6
2025.06.26	02:13:49.341		0.93864			4
2025.06.26	02:13:49.702		0.93863			4
2025.06.26	02:13:59.362	0.93857				2
2025.06.26	02:14:00.356	0.93856	0.93864			6
2025.06.26	02:14:00.885		0.93863			4
2025.06.26	02:14:04.387		0.93864			4
2025.06.26	02:14:05.625	0.93857	0.93863			6
2025.06.26	02:14:08.312	0.93856	0.93865			6
2025.06.26	02:14:08.621	0.93857	0.93863			6
2025.06.26	02:14:11.312	0.93858				2
2025.06.26	02:14:13.195	0.93857				2
2025.06.26	02:14:19.248	0.93856				2
2025.06.26	02:14:19.926	0.93861	0.93868			6
2025.06.26	02:14:20.234	0.93862				2
2025.06.26	02:14:21.118	0.93861				2
2025.06.26	02:14:21.753		0.93869			4
2025.06.26	02:14:22.133	0.93862				2
2025.06.26	02:14:24.568	0.93863				2
2025.06.26	02:14:26.582	0.93862				2
2025.06.26	02:14:28.785	0.93861				2
2025.06.26	02:14:29.551	0.93863	0.93871			6
2025.06.26	02:14:31.675		0.93872			4
2025.06.26	02:14:32.685		0.93871			4
2025.06.26	02:14:33.082	0.93864				2
2025.06.26	02:14:33.403	0.93866	0.93873			6
2025.06.26	02:14:34.951	0.93873	0.93880			6
2025.06.26	02:14:35.611	0.93872				2
2025.06.26	02:14:35.944	0.93873	0.93881			6
2025.06.26	02:14:37.102		0.93880			4
2025.06.26	02:14:43.183	0.93863	0.93871			6
2025.06.26	02:14:43.764		0.93870			4
2025.06.26	02:14:44.242		0.93872			4
2025.06.26	02:14:44.560	0.93864	0.93873			6
2025.06.26	02:14:48.054	0.93865	0.93872			6
2025.06.26	02:14:53.865	0.93864				2
2025.06.26	02:15:00.041	0.93867	0.93874			6
2025.06.26	02:15:00.345		0.93876			4
2025.06.26	02:15:00.723	0.93864	0.93874			6
2025.06.26	02:15:03.398		0.93872			4
2025.06.26	02:15:05.844	0.93865	0.93874			6
2025.06.26	02:15:07.616		0.93873			4
2025.06.26	02:15:11.246		0.93874			4
2025.06.26	02:15:12.498		0.93875			4
2025.06.26	02:15:14.155	0.93861	0.93871			6
2025.06.26	02:15:14.473	0.93862				2
2025.06.26	02:15:14.782		0.93870			4
2025.06.26	02:15:19.280		0.93871			4
2025.06.26	02:15:23.340		0.93870			4
2025.06.26	02:15:28.253	0.93856	0.93867			6
2025.06.26	02:15:35.384		0.93865			4
2025.06.26	02:15:37.962		0.93866			4
2025.06.26	02:15:43.040	0.93855				2
2025.06.26	02:15:44.046	0.93854	0.93864			6
2025.06.26	02:15:45.180	0.93853				2
2025.06.26	02:15:46.982	0.93856				2
2025.06.26	02:15:47.603	0.93854	0.93863			6
2025.06.26	02:15:51.510	0.93853	0.93862			6
2025.06.26	02:15:57.297	0.93854	0.93863			6
2025.06.26	02:15:57.633	0.93853				2
2025.06.26	02:15:57.941	0.93854				2
2025.06.26	02:16:00.006	0.93854				2
2025.06.26	02:16:01.423	0.93853				2
2025.06.26	02:16:02.961	0.93852	0.93862			6
2025.06.26	02:16:03.304		0.93861			4
2025.06.26	02:16:08.184	0.93853	0.93862			6
2025.06.26	02:16:11.384	0.93849	0.93858			6
2025.06.26	02:16:12.939	0.93847	0.93856			6
2025.06.26	02:16:13.241	0.93846				2
2025.06.26	02:16:19.276	0.93845	0.93855			6
2025.06.26	02:16:19.582	0.93844	0.93854			6
2025.06.26	02:16:24.517	0.93847	0.93856			6
2025.06.26	02:16:24.818		0.93857			4
2025.06.26	02:16:25.121	0.93848	0.93858			6
2025.06.26	02:16:25.456	0.93849	0.93859			6
2025.06.26	02:16:26.011	0.93850				2
2025.06.26	02:16:29.716		0.93860			4
2025.06.26	02:16:31.231		0.93859			4
2025.06.26	02:16:32.692		0.93860			4
2025.06.26	02:16:35.040	0.93848	0.93858			6
2025.06.26	02:16:37.097	0.93847	0.93857			6
2025.06.26	02:16:38.619	0.93846	0.93856			6
2025.06.26	02:16:52.245	0.93847	0.93857			6
2025.06.26	02:16:52.557	0.93848				2
2025.06.26	02:16:53.599	0.93847				2
2025.06.26	02:16:54.420	0.93846	0.93856			6
2025.06.26	02:16:56.044	0.93844	0.93855			6
2025.06.26	02:16:57.315		0.93854			4
2025.06.26	02:16:57.620	0.93845				2
2025.06.26	02:16:57.926		0.93855			4
2025.06.26	02:17:00.459	0.93845				2
2025.06.26	02:17:01.165	0.93846	0.93856			6
2025.06.26	02:17:14.654	0.93847	0.93857			6
2025.06.26	02:17:16.455	0.93849	0.93859			6
2025.06.26	02:17:19.452	0.93850	0.93860			6
2025.06.26	02:17:22.111	0.93849				2
2025.06.26	02:17:25.616	0.93851	0.93863			6
2025.06.26	02:17:25.924	0.93852	0.93864			6
2025.06.26	02:17:35.457	0.93854				2
2025.06.26	02:17:36.743		0.93865			4
2025.06.26	02:17:39.558		0.93866			4
2025.06.26	02:17:41.238		0.93865			4
2025.06.26	02:17:42.309	0.93857	0.93868			6
2025.06.26	02:17:42.623		0.93866			4
2025.06.26	02:17:44.352	0.93860	0.93869			6
2025.06.26	02:17:46.620	0.93861				2
2025.06.26	02:17:47.372	0.93858	0.93866			6
2025.06.26	02:17:50.317	0.93859				2
2025.06.26	02:17:50.686	0.93864	0.93868			6
2025.06.26	02:17:51.008		0.93871			4
2025.06.26	02:17:52.729		0.93869			4
2025.06.26	02:17:53.366	0.93866	0.93871			6
2025.06.26	02:17:56.351	0.93869	0.93873			6
2025.06.26	02:17:56.661	0.93868				2
2025.06.26	02:17:57.721	0.93867				2
2025.06.26	02:17:59.368	0.93865	0.93871			6
2025.06.26	02:18:00.394	0.93865				2
2025.06.26	02:18:01.684	0.93861	0.93867			6
2025.06.26	02:18:02.003		0.93868			4
2025.06.26	02:18:02.329		0.93867			4
2025.06.26	02:18:03.416	0.93860	0.93868			6
2025.06.26	02:18:05.026		0.93867			4
2025.06.26	02:18:05.358	0.93857	0.93865			6
2025.06.26	02:18:05.659	0.93856				2
2025.06.26	02:18:07.704	0.93857				2
2025.06.26	02:18:08.145	0.93858	0.93866			6
2025.06.26	02:18:08.496	0.93857				2
2025.06.26	02:18:09.382	0.93859	0.93867			6
2025.06.26	02:18:09.685	0.93858				2
2025.06.26	02:18:10.319	0.93859				2
2025.06.26	02:18:12.486	0.93857				2
2025.06.26	02:18:13.112	0.93855	0.93866			6
2025.06.26	02:18:13.768	0.93857	0.93868			6
2025.06.26	02:18:16.728	0.93860	0.93871			6
2025.06.26	02:18:18.811	0.93859	0.93869			6
2025.06.26	02:18:19.166	0.93853	0.93867			6
2025.06.26	02:18:19.918	0.93856				2
2025.06.26	02:18:20.223	0.93853	0.93865			6
2025.06.26	02:18:20.532	0.93858	0.93868			6
2025.06.26	02:18:24.362		0.93869			4
2025.06.26	02:18:26.353	0.93859				2
2025.06.26	02:18:26.659	0.93857				2
2025.06.26	02:18:28.688	0.93858	0.93868			6
2025.06.26	02:18:29.005	0.93859	0.93869			6
2025.06.26	02:18:30.383	0.93860	0.93870			6
2025.06.26	02:18:34.195	0.93859				2
2025.06.26	02:18:35.882	0.93860				2
2025.06.26	02:18:36.437	0.93861	0.93872			6
2025.06.26	02:18:37.911	0.93866	0.93877			6
2025.06.26	02:18:39.287	0.93868	0.93879			6
2025.06.26	02:18:40.382	0.93866	0.93877			6
2025.06.26	02:18:40.710	0.93868	0.93879			6
2025.06.26	02:18:41.746	0.93867	0.93878			6
2025.06.26	02:18:42.373		0.93879			4
2025.06.26	02:18:42.680	0.93868	0.93878			6
2025.06.26	02:18:42.985	0.93867				2
2025.06.26	02:18:43.364	0.93860	0.93869			6
2025.06.26	02:18:43.680		0.93868			4
2025.06.26	02:18:44.038		0.93869			4
2025.06.26	02:18:44.660	0.93859				2
2025.06.26	02:18:45.187		0.93870			4
2025.06.26	02:18:48.835	0.93860	0.93871			6
2025.06.26	02:18:55.176	0.93864	0.93875			6
2025.06.26	02:18:57.170		0.93876			4
2025.06.26	02:18:57.568		0.93875			4
2025.06.26	02:19:00.401	0.93864				2
2025.06.26	02:19:00.742	0.93872	0.93881			6
2025.06.26	02:19:01.063	0.93866	0.93877			6
2025.06.26	02:19:02.229		0.93876			4
2025.06.26	02:19:07.118	0.93865				2
2025.06.26	02:19:07.431	0.93866	0.93877			6
2025.06.26	02:19:09.429		0.93878			4
2025.06.26	02:19:11.737		0.93877			4
2025.06.26	02:19:13.045	0.93865				2
2025.06.26	02:19:16.299		0.93876			4
2025.06.26	02:19:19.536	0.93864				2
2025.06.26	02:19:20.316	0.93865				2
2025.06.26	02:19:21.261		0.93875			4
2025.06.26	02:19:27.577	0.93864	0.93876			6
2025.06.26	02:19:30.354		0.93875			4
2025.06.26	02:19:31.989	0.93865	0.93876			6
2025.06.26	02:19:35.909		0.93877			4
2025.06.26	02:19:36.238	0.93866				2
2025.06.26	02:19:41.463	0.93865				2
2025.06.26	02:19:46.463	0.93867	0.93879			6
2025.06.26	02:19:47.994	0.93866				2
2025.06.26	02:19:50.642		0.93878			4
2025.06.26	02:19:55.115	0.93867				2
2025.06.26	02:19:59.610	0.93866				2
2025.06.26	02:20:00.839	0.93866				2
2025.06.26	02:20:02.782	0.93868	0.93879			6
2025.06.26	02:20:03.998		0.93878			4
2025.06.26	02:20:04.677		0.93879			4
2025.06.26	02:20:07.079	0.93866	0.93877			6
2025.06.26	02:20:12.750	0.93867				2
2025.06.26	02:20:26.806	0.93866				2
2025.06.26	02:20:29.075	0.93867	0.93878			6
2025.06.26	02:20:29.408	0.93866				2
2025.06.26	02:20:33.375	0.93867				2
2025.06.26	02:20:40.711		0.93877			4
2025.06.26	02:20:48.306	0.93865	0.93875			6
2025.06.26	02:20:54.263		0.93876			4
2025.06.26	02:20:55.021		0.93875			4
2025.06.26	02:20:58.107	0.93867	0.93877			6
2025.06.26	02:21:00.147	0.93867				2
2025.06.26	02:21:00.459	0.93866				2
2025.06.26	02:21:06.527	0.93867				2
2025.06.26	02:21:13.657		0.93878			4
2025.06.26	02:21:19.089		0.93877			4
2025.06.26	02:21:23.262		0.93878			4
2025.06.26	02:21:26.964	0.93869	0.93879			6
2025.06.26	02:21:30.843	0.93868				2
2025.06.26	02:21:31.160		0.93878			4
2025.06.26	02:21:47.093	0.93869	0.93879			6
2025.06.26	02:21:49.159	0.93868				2
2025.06.26	02:21:57.066		0.93878			4
2025.06.26	02:21:59.599		0.93879			4
2025.06.26	02:22:00.330	0.93868				2
2025.06.26	02:22:09.539		0.93878			4
2025.06.26	02:22:12.632	0.93866	0.93877			6
2025.06.26	02:22:24.427	0.93867				2
2025.06.26	02:22:25.425		0.93876			4
2025.06.26	02:22:33.070		0.93878			4
2025.06.26	02:22:33.765		0.93876			4
2025.06.26	02:22:34.082		0.93878			4
2025.06.26	02:22:37.078		0.93876			4
2025.06.26	02:22:42.829		0.93877			4
2025.06.26	02:22:47.595		0.93876			4
2025.06.26	02:22:51.855		0.93875			4
2025.06.26	02:22:52.955		0.93876			4
2025.06.26	02:22:53.375		0.93875			4
2025.06.26	02:22:53.998		0.93876			4
2025.06.26	02:22:56.642		0.93875			4
2025.06.26	02:23:00.995	0.93867				2
2025.06.26	02:23:01.835	0.93866				2
2025.06.26	02:23:05.484		0.93877			4
2025.06.26	02:23:13.284	0.93868	0.93879			6
2025.06.26	02:23:13.601		0.93880			4
2025.06.26	02:23:14.018		0.93876			4
2025.06.26	02:23:14.350	0.93867	0.93877			6
2025.06.26	02:23:15.038		0.93876			4
2025.06.26	02:23:20.730	0.93868				2
2025.06.26	02:23:21.364	0.93867				2
2025.06.26	02:23:21.667	0.93868				2
2025.06.26	02:23:22.084	0.93867				2
2025.06.26	02:23:23.441	0.93866				2
2025.06.26	02:23:29.021		0.93877			4
2025.06.26	02:23:29.634	0.93867				2
2025.06.26	02:23:33.888		0.93876			4
2025.06.26	02:23:36.467	0.93868				2
2025.06.26	02:23:36.780	0.93869				2
2025.06.26	02:23:37.100	0.93868				2
2025.06.26	02:23:37.415	0.93872	0.93880			6
2025.06.26	02:23:37.719	0.93873				2
2025.06.26	02:23:38.699	0.93870	0.93879			6
2025.06.26	02:23:40.566		0.93878			4
2025.06.26	02:23:45.473		0.93877			4
2025.06.26	02:23:47.770	0.93869				2
2025.06.26	02:23:48.121		0.93876			4
2025.06.26	02:23:56.826	0.93867	0.93875			6
2025.06.26	02:23:57.143		0.93876			4
2025.06.26	02:23:57.459		0.93875			4
2025.06.26	02:23:58.305		0.93876			4
2025.06.26	02:23:58.684		0.93875			4
2025.06.26	02:24:00.322	0.93867				2
2025.06.26	02:24:02.660	0.93866				2
2025.06.26	02:24:03.009	0.93864	0.93874			6
2025.06.26	02:24:03.325	0.93866	0.93875			6
2025.06.26	02:24:03.656		0.93874			4
2025.06.26	02:24:04.012		0.93875			4
2025.06.26	02:24:04.352		0.93874			4
2025.06.26	02:24:05.217		0.93875			4
2025.06.26	02:24:07.057		0.93874			4
2025.06.26	02:24:08.679		0.93875			4
2025.06.26	02:24:14.380		0.93874			4
2025.06.26	02:24:17.128	0.93865				2
2025.06.26	02:24:20.302	0.93867				2
2025.06.26	02:24:21.295	0.93866				2
2025.06.26	02:24:22.906	0.93864	0.93873			6
2025.06.26	02:24:26.494	0.93865	0.93874			6
2025.06.26	02:24:26.862	0.93864	0.93877			6
2025.06.26	02:24:27.224	0.93866				2
2025.06.26	02:24:30.905	0.93865				2
2025.06.26	02:24:33.894	0.93864	0.93873			6
2025.06.26	02:24:34.562	0.93863	0.93872			6
2025.06.26	02:24:35.465	0.93861				2
2025.06.26	02:24:36.695	0.93863				2
2025.06.26	02:24:37.311	0.93861				2
2025.06.26	02:24:37.996	0.93862				2
2025.06.26	02:24:38.925	0.93860				2
2025.06.26	02:24:40.005	0.93862				2
2025.06.26	02:24:40.319	0.93860				2
2025.06.26	02:24:40.696	0.93861				2
2025.06.26	02:24:41.029	0.93860				2
2025.06.26	02:24:42.204	0.93862				2
2025.06.26	02:24:42.519	0.93861				2
2025.06.26	02:24:43.201	0.93862				2
2025.06.26	02:24:43.518	0.93861				2
2025.06.26	02:24:43.892	0.93862				2
2025.06.26	02:24:44.206	0.93863				2
2025.06.26	02:24:46.250	0.93862	0.93873			6
2025.06.26	02:24:46.557	0.93863	0.93872			6
2025.06.26	02:24:48.008	0.93857	0.93869			6
2025.06.26	02:24:48.386	0.93858				2
2025.06.26	02:24:49.897		0.93868			4
2025.06.26	02:24:51.297		0.93869			4
2025.06.26	02:24:53.900		0.93868			4
2025.06.26	02:24:54.299	0.93857	0.93866			6
2025.06.26	02:24:54.607	0.93851	0.93865			6
2025.06.26	02:24:54.946	0.93852	0.93866			6
2025.06.26	02:24:57.092	0.93853	0.93867			6
2025.06.26	02:24:58.038		0.93866			4
2025.06.26	02:24:58.583	0.93852				2
2025.06.26	02:25:00.021	0.93852				2
2025.06.26	02:25:00.802	0.93853				2
2025.06.26	02:25:01.106		0.93867			4
2025.06.26	02:25:02.115		0.93866			4
2025.06.26	02:25:05.157		0.93867			4
2025.06.26	02:25:05.490	0.93855				2
2025.06.26	02:25:05.823	0.93853	0.93864			6
2025.06.26	02:25:06.131	0.93851				2
2025.06.26	02:25:08.114	0.93853	0.93866			6
2025.06.26	02:25:09.161	0.93852	0.93867			6
2025.06.26	02:25:10.624	0.93853				2
2025.06.26	02:25:12.291	0.93851	0.93864			6
2025.06.26	02:25:12.599		0.93865			4
2025.06.26	02:25:14.492		0.93863			4
2025.06.26	02:25:17.285	0.93852	0.93866			6
2025.06.26	02:25:21.405	0.93853				2
2025.06.26	02:25:22.618	0.93852				2
2025.06.26	02:25:23.565	0.93853				2
2025.06.26	02:25:23.933	0.93852				2
2025.06.26	02:25:25.461	0.93853				2
2025.06.26	02:25:26.005	0.93852	0.93864			6
2025.06.26	02:25:26.323		0.93865			4
2025.06.26	02:25:27.224	0.93854	0.93868			6
2025.06.26	02:25:29.296	0.93855				2
2025.06.26	02:25:30.415		0.93869			4
2025.06.26	02:25:30.933	0.93858	0.93870			6
2025.06.26	02:25:32.704		0.93869			4
2025.06.26	02:25:36.902	0.93856				2
2025.06.26	02:25:39.687	0.93860	0.93870			6
2025.06.26	02:25:41.592	0.93859				2
2025.06.26	02:25:43.826	0.93866	0.93873			6
2025.06.26	02:25:44.766		0.93872			4
2025.06.26	02:25:45.094		0.93873			4
2025.06.26	02:25:46.012	0.93868	0.93874			6
2025.06.26	02:25:46.318	0.93867	0.93873			6
2025.06.26	02:25:49.510	0.93864	0.93872			6
2025.06.26	02:25:56.799	0.93865				2
2025.06.26	02:26:00.420	0.93867	0.93874			6
2025.06.26	02:26:01.480	0.93868				2
2025.06.26	02:26:04.660	0.93867				2
