<DATE>	<TIME>	<BID>	<ASK>	<LAST>	<VOLUME>	<FLAGS>
2025.12.05	00:03:31.377	0.93549	0.93621			6
2025.12.05	00:04:01.412	0.93549				2
2025.12.05	00:04:31.407		0.93621			4
2025.12.05	00:05:00.754	0.93549				2
2025.12.05	00:05:31.410		0.93621			4
2025.12.05	00:06:01.406	0.93549				2
2025.12.05	00:06:41.408		0.93621			4
2025.12.05	00:07:00.322	0.93549				2
2025.12.05	00:07:43.035		0.93621			4
2025.12.05	00:08:02.285	0.93549				2
2025.12.05	00:08:43.041		0.93621			4
2025.12.05	00:09:15.399	0.93549				2
2025.12.05	00:09:49.425		0.93621			4
2025.12.05	00:10:00.384	0.93549				2
2025.12.05	00:10:01.999		0.93623			4
2025.12.05	00:10:11.610	0.93458	0.93637			6
2025.12.05	00:10:17.553	0.93456	0.93639			6
2025.12.05	00:10:50.102		0.93638			4
2025.12.05	00:11:00.114	0.93456				2
2025.12.05	00:11:04.808	0.93549	0.93621			6
2025.12.05	00:11:05.465	0.93456	0.93638			6
2025.12.05	00:11:06.410	0.93549	0.93621			6
2025.12.05	00:11:11.711	0.93441	0.93638			6
2025.12.05	00:11:12.636	0.93549	0.93621			6
2025.12.05	00:11:17.896	0.93443	0.93638			6
2025.12.05	00:11:18.858	0.93549	0.93621			6
2025.12.05	00:11:24.114	0.93441	0.93638			6
2025.12.05	00:11:25.054	0.93549	0.93621			6
2025.12.05	00:11:30.420	0.93440	0.93638			6
2025.12.05	00:11:31.352	0.93549	0.93621			6
2025.12.05	00:12:08.983	0.93549				2
2025.12.05	00:12:34.427		0.93621			4
2025.12.05	00:13:00.679	0.93549				2
2025.12.05	00:13:42.281		0.93621			4
2025.12.05	00:14:00.315	0.93549				2
2025.12.05	00:14:49.198		0.93621			4
2025.12.05	00:15:00.306	0.93549				2
2025.12.05	00:15:51.407		0.93621			4
2025.12.05	00:16:02.083	0.93549				2
2025.12.05	00:16:52.224		0.93621			4
2025.12.05	00:17:01.407	0.93549				2
2025.12.05	00:17:53.210		0.93621			4
2025.12.05	00:18:01.394	0.93549				2
2025.12.05	00:18:54.282		0.93621			4
2025.12.05	00:19:01.408	0.93549				2
2025.12.05	00:19:54.438		0.93621			4
2025.12.05	00:20:09.405	0.93549				2
2025.12.05	00:20:54.759		0.93621			4
2025.12.05	00:20:57.783	0.93539	0.93629			6
2025.12.05	00:21:08.907	0.93539				2
2025.12.05	00:21:59.383		0.93629			4
2025.12.05	00:22:03.584	0.93539				2
2025.12.05	00:23:04.759	0.93539	0.93629			6
2025.12.05	00:23:45.933	0.93540	0.93623			6
2025.12.05	00:23:46.926		0.93622			4
2025.12.05	00:23:49.183		0.93623			4
2025.12.05	00:24:02.257	0.93540				2
2025.12.05	00:24:54.759		0.93623			4
2025.12.05	00:25:00.379	0.93540	0.93622			6
2025.12.05	00:25:03.830		0.93623			4
2025.12.05	00:25:44.983		0.93622			4
2025.12.05	00:26:19.195	0.93540				2
2025.12.05	00:26:48.751		0.93622			4
2025.12.05	00:27:02.284	0.93540				2
2025.12.05	00:27:26.428	0.93539	0.93623			6
2025.12.05	00:27:49.325	0.93543				2
2025.12.05	00:28:01.407	0.93543				2
2025.12.05	00:28:05.983		0.93622			4
2025.12.05	00:28:44.200		0.93621			4
2025.12.05	00:29:04.450	0.93543				2
2025.12.05	00:29:51.882		0.93620			4
2025.12.05	00:29:59.793		0.93621			4
2025.12.05	00:30:00.309	0.93543	0.93619			6
2025.12.05	00:30:08.443		0.93618			4
2025.12.05	00:30:33.883		0.93619			4
2025.12.05	00:30:46.482		0.93618			4
2025.12.05	00:31:01.959	0.93543				2
2025.12.05	00:31:36.881		0.93617			4
2025.12.05	00:31:43.781		0.93616			4
2025.12.05	00:31:45.761	0.93545				2
2025.12.05	00:31:48.583		0.93617			4
2025.12.05	00:31:56.791		0.93616			4
2025.12.05	00:32:00.314	0.93545				2
2025.12.05	00:32:00.761	0.93543				2
2025.12.05	00:32:15.761	0.93545				2
2025.12.05	00:32:33.284		0.93615			4
2025.12.05	00:32:36.075	0.93543				2
2025.12.05	00:33:01.601	0.93543	0.93614			6
2025.12.05	00:33:30.236	0.93516	0.93607			6
2025.12.05	00:33:30.692	0.93515				2
2025.12.05	00:33:33.396		0.93609			4
2025.12.05	00:33:33.894	0.93518				2
2025.12.05	00:34:02.083	0.93518				2
2025.12.05	00:34:16.564		0.93608			4
2025.12.05	00:34:17.981		0.93609			4
2025.12.05	00:34:21.283		0.93608			4
2025.12.05	00:34:28.317	0.93516	0.93605			6
2025.12.05	00:34:30.237		0.93604			4
2025.12.05	00:34:56.382		0.93603			4
2025.12.05	00:35:13.330	0.93516	0.93602			6
2025.12.05	00:35:26.142	0.93515				2
2025.12.05	00:35:26.615	0.93491	0.93593			6
2025.12.05	00:35:28.347		0.93592			4
2025.12.05	00:35:28.940	0.93488				2
2025.12.05	00:35:29.700	0.93484	0.93591			6
2025.12.05	00:35:31.658	0.93493	0.93595			6
2025.12.05	00:35:36.142	0.93495	0.93596			6
2025.12.05	00:35:36.453		0.93601			4
2025.12.05	00:35:38.463	0.93500				2
2025.12.05	00:35:41.054		0.93598			4
2025.12.05	00:35:41.982		0.93597			4
2025.12.05	00:35:48.078		0.93598			4
2025.12.05	00:35:51.061	0.93503				2
2025.12.05	00:35:51.420		0.93597			4
2025.12.05	00:35:57.472	0.93500				2
2025.12.05	00:36:00.137	0.93500				2
2025.12.05	00:36:23.083		0.93596			4
2025.12.05	00:36:30.076	0.93498				2
2025.12.05	00:36:36.109	0.93493	0.93593			6
2025.12.05	00:36:36.432	0.93494	0.93591			6
2025.12.05	00:36:38.559	0.93497				2
2025.12.05	00:36:43.170		0.93590			4
2025.12.05	00:36:50.469	0.93495				2
2025.12.05	00:36:53.296		0.93591			4
2025.12.05	00:37:01.181	0.93495				2
2025.12.05	00:37:01.777	0.93491				2
2025.12.05	00:37:06.616	0.93494	0.93590			6
2025.12.05	00:37:11.643	0.93495				2
2025.12.05	00:37:12.946	0.93493				2
2025.12.05	00:37:14.683	0.93497	0.93591			6
2025.12.05	00:37:14.998	0.93518	0.93599			6
2025.12.05	00:37:15.824		0.93600			4
2025.12.05	00:37:17.683		0.93601			4
2025.12.05	00:37:36.171	0.93488	0.93592			6
2025.12.05	00:37:36.551		0.93591			4
2025.12.05	00:37:37.168	0.93489				2
2025.12.05	00:37:37.530		0.93592			4
2025.12.05	00:37:38.296	0.93490				2
2025.12.05	00:37:38.600	0.93484	0.93590			6
2025.12.05	00:37:45.963		0.93591			4
2025.12.05	00:38:00.229	0.93484				2
2025.12.05	00:38:05.671	0.93485				2
2025.12.05	00:38:08.333		0.93590			4
2025.12.05	00:38:32.193		0.93591			4
2025.12.05	00:38:32.538		0.93590			4
2025.12.05	00:38:51.325	0.93459				2
2025.12.05	00:38:54.586		0.93591			4
2025.12.05	00:39:04.245	0.93459				2
2025.12.05	00:39:05.236	0.93483				2
2025.12.05	00:39:15.424	0.93481	0.93589			6
2025.12.05	00:39:15.883		0.93587			4
2025.12.05	00:39:16.422	0.93461				2
2025.12.05	00:39:20.339		0.93586			4
2025.12.05	00:39:20.723	0.93479				2
2025.12.05	00:39:23.981	0.93459				2
2025.12.05	00:39:25.374	0.93477	0.93587			6
2025.12.05	00:39:30.423	0.93469	0.93586			6
2025.12.05	00:39:35.930	0.93465	0.93587			6
2025.12.05	00:39:40.670	0.93470				2
2025.12.05	00:39:41.392		0.93588			4
2025.12.05	00:39:45.424	0.93466				2
2025.12.05	00:39:50.583		0.93589			4
2025.12.05	00:39:52.763	0.93459	0.93588			6
2025.12.05	00:39:53.341	0.93468				2
2025.12.05	00:39:54.265	0.93463	0.93586			6
2025.12.05	00:39:55.480	0.93469				2
2025.12.05	00:39:55.800		0.93585			4
2025.12.05	00:40:01.407	0.93469				2
2025.12.05	00:40:09.890		0.93587			4
2025.12.05	00:40:11.083		0.93586			4
2025.12.05	00:40:33.913		0.93587			4
2025.12.05	00:40:35.174		0.93588			4
2025.12.05	00:40:40.367		0.93589			4
2025.12.05	00:40:42.709	0.93459				2
2025.12.05	00:40:43.415		0.93590			4
2025.12.05	00:40:46.414	0.93461	0.93591			6
2025.12.05	00:40:50.682		0.93590			4
2025.12.05	00:40:55.307	0.93467				2
2025.12.05	00:41:08.683	0.93467	0.93589			6
2025.12.05	00:41:10.914		0.93587			4
2025.12.05	00:41:14.915		0.93590			4
2025.12.05	00:41:22.762		0.93589			4
2025.12.05	00:41:27.025		0.93587			4
2025.12.05	00:41:40.810	0.93455				2
2025.12.05	00:41:54.810	0.93464				2
2025.12.05	00:42:00.282	0.93464				2
2025.12.05	00:42:10.782		0.93588			4
2025.12.05	00:42:11.696		0.93587			4
2025.12.05	00:42:15.957	0.93458	0.93586			6
2025.12.05	00:42:17.100		0.93584			4
2025.12.05	00:42:20.463		0.93586			4
2025.12.05	00:42:29.435	0.93462				2
2025.12.05	00:42:31.129		0.93587			4
2025.12.05	00:42:35.683		0.93588			4
2025.12.05	00:42:41.335	0.93455				2
2025.12.05	00:42:46.482		0.93589			4
2025.12.05	00:42:55.047	0.93461				2
2025.12.05	00:42:57.962	0.93460				2
2025.12.05	00:43:02.982	0.93460	0.93588			6
2025.12.05	00:43:06.369		0.93586			4
2025.12.05	00:43:16.130		0.93588			4
2025.12.05	00:43:17.740		0.93587			4
2025.12.05	00:43:24.226		0.93588			4
2025.12.05	00:43:26.820	0.93458				2
2025.12.05	00:43:27.396	0.93460				2
2025.12.05	00:43:28.118		0.93586			4
2025.12.05	00:43:49.782		0.93587			4
2025.12.05	00:43:58.084		0.93588			4
2025.12.05	00:44:04.458	0.93464				2
2025.12.05	00:44:23.082		0.93589			4
2025.12.05	00:44:26.606		0.93588			4
2025.12.05	00:44:41.605		0.93586			4
2025.12.05	00:44:49.665	0.93455				2
2025.12.05	00:44:54.886		0.93587			4
2025.12.05	00:44:57.824	0.93460				2
2025.12.05	00:45:00.542	0.93472	0.93583			6
2025.12.05	00:45:03.196	0.93517	0.93592			6
2025.12.05	00:45:06.764	0.93473	0.93585			6
2025.12.05	00:45:07.099	0.93472	0.93581			6
2025.12.05	00:45:07.437	0.93461	0.93586			6
2025.12.05	00:45:11.506	0.93479	0.93568			6
2025.12.05	00:45:15.503	0.93491	0.93571			6
2025.12.05	00:45:15.920		0.93572			4
2025.12.05	00:45:21.462	0.93494				2
2025.12.05	00:45:26.834		0.93573			4
2025.12.05	00:45:33.459	0.93495	0.93572			6
2025.12.05	00:45:36.884		0.93573			4
2025.12.05	00:45:38.027	0.93493	0.93572			6
2025.12.05	00:45:39.283		0.93573			4
2025.12.05	00:45:49.969	0.93492				2
2025.12.05	00:45:51.882		0.93572			4
2025.12.05	00:46:02.283	0.93492				2
2025.12.05	00:46:08.272	0.93493	0.93571			6
2025.12.05	00:46:10.182		0.93572			4
2025.12.05	00:46:13.402	0.93479				2
2025.12.05	00:46:14.120	0.93480	0.93570			6
2025.12.05	00:46:14.922	0.93488				2
2025.12.05	00:46:18.593	0.93480				2
2025.12.05	00:46:39.357	0.93473				2
2025.12.05	00:46:44.501	0.93474				2
2025.12.05	00:46:50.043	0.93473				2
2025.12.05	00:46:57.027	0.93477				2
2025.12.05	00:46:58.227	0.93473				2
2025.12.05	00:47:03.006	0.93542	0.93573			6
2025.12.05	00:47:03.373		0.93572			4
2025.12.05	00:47:06.839	0.93473	0.93571			6
2025.12.05	00:47:07.764		0.93570			4
2025.12.05	00:47:11.684		0.93571			4
2025.12.05	00:47:17.003	0.93477				2
2025.12.05	00:47:19.070	0.93479				2
2025.12.05	00:47:42.583		0.93570			4
2025.12.05	00:47:45.424		0.93571			4
2025.12.05	00:47:59.962		0.93569			4
2025.12.05	00:48:00.627	0.93476				2
2025.12.05	00:48:01.093	0.93473				2
2025.12.05	00:48:05.983		0.93568			4
2025.12.05	00:48:23.084		0.93569			4
2025.12.05	00:48:29.349		0.93568			4
2025.12.05	00:48:36.863	0.93477	0.93569			6
2025.12.05	00:48:49.948	0.93480				2
2025.12.05	00:49:04.118	0.93480				2
2025.12.05	00:49:05.974		0.93570			4
2025.12.05	00:49:07.836		0.93569			4
2025.12.05	00:49:15.424		0.93568			4
2025.12.05	00:49:23.015	0.93477				2
2025.12.05	00:50:04.074	0.93477				2
2025.12.05	00:50:06.820		0.93567			4
2025.12.05	00:50:20.382		0.93568			4
2025.12.05	00:50:26.590		0.93567			4
2025.12.05	00:50:35.061	0.93471				2
2025.12.05	00:50:36.079		0.93568			4
2025.12.05	00:50:43.790	0.93475				2
2025.12.05	00:50:45.424		0.93567			4
2025.12.05	00:50:48.803	0.93474				2
2025.12.05	00:50:54.600		0.93568			4
2025.12.05	00:51:01.407	0.93474				2
2025.12.05	00:51:02.733	0.93485	0.93569			6
2025.12.05	00:51:51.407		0.93568			4
2025.12.05	00:51:54.601		0.93569			4
2025.12.05	00:52:02.399	0.93485	0.93570			6
2025.12.05	00:52:02.846	0.93484				2
2025.12.05	00:52:06.595	0.93478				2
2025.12.05	00:52:07.048	0.93484				2
2025.12.05	00:52:27.440	0.93473				2
2025.12.05	00:52:29.039		0.93569			4
2025.12.05	00:52:29.705	0.93479				2
2025.12.05	00:52:31.283	0.93490				2
2025.12.05	00:52:31.598	0.93494				2
2025.12.05	00:52:32.281		0.93570			4
2025.12.05	00:52:33.499		0.93569			4
2025.12.05	00:52:42.007	0.93495	0.93556			6
2025.12.05	00:52:42.319	0.93493	0.93562			6
2025.12.05	00:52:43.861	0.93498				2
2025.12.05	00:52:44.303		0.93564			4
2025.12.05	00:52:49.992		0.93563			4
2025.12.05	00:52:52.733	0.93501	0.93566			6
2025.12.05	00:52:53.773	0.93502	0.93567			6
2025.12.05	00:52:58.527		0.93568			4
2025.12.05	00:53:03.137	0.93502				2
2025.12.05	00:53:07.850	0.93501	0.93569			6
2025.12.05	00:53:11.667		0.93570			4
2025.12.05	00:53:21.948	0.93505				2
2025.12.05	00:53:26.595	0.93502				2
2025.12.05	00:53:27.590	0.93499				2
2025.12.05	00:53:36.758	0.93502	0.93571			6
2025.12.05	00:53:41.669	0.93507				2
2025.12.05	00:53:43.831	0.93511				2
2025.12.05	00:53:44.834	0.93519				2
2025.12.05	00:53:46.566	0.93524	0.93572			6
2025.12.05	00:53:50.099		0.93573			4
2025.12.05	00:53:53.142	0.93520				2
2025.12.05	00:53:53.711		0.93572			4
2025.12.05	00:54:11.409	0.93520				2
2025.12.05	00:54:15.710		0.93573			4
2025.12.05	00:54:26.984		0.93572			4
2025.12.05	00:54:35.302	0.93521				2
2025.12.05	00:54:41.332		0.93573			4
2025.12.05	00:54:44.835	0.93522				2
2025.12.05	00:54:57.281		0.93572			4
2025.12.05	00:54:58.396		0.93571			4
2025.12.05	00:55:02.391	0.93520				2
2025.12.05	00:55:26.171	0.93521				2
2025.12.05	00:55:44.775	0.93522	0.93566			6
2025.12.05	00:56:00.370	0.93520				2
2025.12.05	00:56:02.392	0.93523				2
2025.12.05	00:56:12.814	0.93520				2
2025.12.05	00:56:16.054	0.93523				2
2025.12.05	00:56:18.819		0.93565			4
2025.12.05	00:56:51.404		0.93566			4
2025.12.05	00:57:11.407	0.93523				2
2025.12.05	00:57:14.535	0.93520				2
2025.12.05	00:57:15.316	0.93521				2
2025.12.05	00:57:16.506	0.93523				2
2025.12.05	00:57:22.171	0.93521				2
2025.12.05	00:57:23.418	0.93523				2
2025.12.05	00:57:29.714	0.93521				2
2025.12.05	00:57:54.087	0.93523	0.93566			6
2025.12.05	00:58:01.390	0.93523	0.93567			6
2025.12.05	00:58:19.020	0.93521				2
2025.12.05	00:58:19.404	0.93523	0.93566			6
2025.12.05	00:58:20.021	0.93521	0.93565			6
2025.12.05	00:58:38.682		0.93566			4
2025.12.05	00:58:40.708	0.93519				2
2025.12.05	00:58:42.520	0.93505	0.93553			6
2025.12.05	00:58:48.005	0.93507				2
2025.12.05	00:59:01.408	0.93507				2
2025.12.05	00:59:14.383		0.93554			4
2025.12.05	00:59:18.552		0.93553			4
2025.12.05	00:59:19.404		0.93554			4
2025.12.05	00:59:19.707		0.93553			4
2025.12.05	00:59:24.234		0.93554			4
2025.12.05	00:59:25.391	0.93504	0.93555			6
2025.12.05	00:59:36.884		0.93554			4
2025.12.05	00:59:38.297	0.93505				2
2025.12.05	00:59:39.239	0.93506				2
2025.12.05	00:59:41.442	0.93509				2
2025.12.05	00:59:48.817		0.93556			4
2025.12.05	00:59:49.320	0.93510	0.93555			6
2025.12.05	00:59:49.636		0.93556			4
2025.12.05	00:59:50.531		0.93555			4
2025.12.05	00:59:50.880		0.93554			4
2025.12.05	00:59:52.708		0.93555			4
2025.12.05	00:59:54.861		0.93556			4
2025.12.05	01:00:00.306	0.93531	0.93558			6
2025.12.05	01:00:00.628	0.93535	0.93557			6
2025.12.05	01:00:00.965	0.93533	0.93558			6
2025.12.05	01:00:01.290	0.93553	0.93582			6
2025.12.05	01:00:01.599	0.93548	0.93588			6
2025.12.05	01:00:01.901	0.93547	0.93590			6
2025.12.05	01:00:02.218	0.93554	0.93589			6
2025.12.05	01:00:02.881	0.93553	0.93590			6
2025.12.05	01:00:03.321		0.93591			4
2025.12.05	01:00:03.664	0.93538	0.93606			6
2025.12.05	01:00:04.286	0.93539	0.93604			6
2025.12.05	01:00:05.214	0.93541	0.93602			6
2025.12.05	01:00:05.526	0.93539	0.93604			6
2025.12.05	01:00:05.848	0.93537	0.93600			6
2025.12.05	01:00:06.166	0.93534	0.93601			6
2025.12.05	01:00:06.472	0.93535	0.93599			6
2025.12.05	01:00:07.098	0.93547	0.93587			6
2025.12.05	01:00:07.448	0.93549	0.93585			6
2025.12.05	01:00:08.020	0.93550				2
2025.12.05	01:00:09.374	0.93548				2
2025.12.05	01:00:10.037	0.93564	0.93593			6
2025.12.05	01:00:10.358	0.93567	0.93590			6
2025.12.05	01:00:10.697	0.93566				2
2025.12.05	01:00:12.168	0.93568	0.93589			6
2025.12.05	01:00:12.487	0.93567	0.93588			6
2025.12.05	01:00:13.097		0.93587			4
2025.12.05	01:00:13.785		0.93588			4
2025.12.05	01:00:14.095	0.93561	0.93586			6
2025.12.05	01:00:14.476	0.93559	0.93588			6
2025.12.05	01:00:14.850	0.93553				2
2025.12.05	01:00:15.289	0.93554				2
2025.12.05	01:00:15.592	0.93558	0.93586			6
2025.12.05	01:00:16.463	0.93560	0.93585			6
2025.12.05	01:00:17.654		0.93584			4
2025.12.05	01:00:20.562	0.93561				2
2025.12.05	01:00:21.221	0.93562	0.93585			6
2025.12.05	01:00:21.933	0.93560				2
2025.12.05	01:00:22.243	0.93562	0.93584			6
2025.12.05	01:00:23.393		0.93583			4
2025.12.05	01:00:24.468	0.93563				2
2025.12.05	01:00:25.559	0.93561				2
2025.12.05	01:00:26.926	0.93564	0.93586			6
2025.12.05	01:00:28.340		0.93587			4
2025.12.05	01:00:29.363	0.93562	0.93585			6
2025.12.05	01:00:29.672		0.93582			4
2025.12.05	01:00:29.979	0.93555	0.93576			6
2025.12.05	01:00:30.283	0.93552				2
2025.12.05	01:00:30.600	0.93556	0.93575			6
2025.12.05	01:00:30.922	0.93557	0.93576			6
2025.12.05	01:00:32.385	0.93554				2
2025.12.05	01:00:36.309	0.93555				2
2025.12.05	01:00:39.583		0.93575			4
2025.12.05	01:00:40.336	0.93557				2
2025.12.05	01:00:40.639	0.93561	0.93579			6
2025.12.05	01:00:42.688		0.93578			4
2025.12.05	01:00:44.810	0.93563	0.93583			6
2025.12.05	01:00:45.269	0.93557	0.93575			6
2025.12.05	01:00:46.346	0.93562	0.93579			6
2025.12.05	01:00:49.501	0.93561				2
2025.12.05	01:00:50.243	0.93560				2
2025.12.05	01:00:51.092	0.93561	0.93581			6
2025.12.05	01:00:51.428		0.93584			4
2025.12.05	01:00:51.806		0.93579			4
2025.12.05	01:00:52.381		0.93578			4
2025.12.05	01:00:55.380	0.93560	0.93577			6
2025.12.05	01:00:57.098		0.93578			4
2025.12.05	01:00:57.793	0.93559	0.93579			6
2025.12.05	01:00:58.127	0.93560	0.93577			6
2025.12.05	01:00:59.538	0.93557	0.93578			6
2025.12.05	01:00:59.846		0.93575			4
2025.12.05	01:01:00.150	0.93559	0.93576			6
2025.12.05	01:01:00.459		0.93577			4
2025.12.05	01:01:01.443		0.93575			4
2025.12.05	01:01:03.807		0.93576			4
2025.12.05	01:01:05.056		0.93575			4
2025.12.05	01:01:08.322	0.93560	0.93576			6
2025.12.05	01:01:17.500	0.93561	0.93577			6
2025.12.05	01:01:20.907	0.93560	0.93575			6
2025.12.05	01:01:21.317		0.93576			4
2025.12.05	01:01:23.303		0.93577			4
2025.12.05	01:01:25.598	0.93554				2
2025.12.05	01:01:26.419	0.93553				2
2025.12.05	01:01:27.439	0.93554	0.93575			6
2025.12.05	01:01:28.687	0.93555				2
2025.12.05	01:01:32.122	0.93549	0.93574			6
2025.12.05	01:01:32.430	0.93552				2
2025.12.05	01:01:32.737	0.93553				2
2025.12.05	01:01:34.898	0.93554				2
2025.12.05	01:01:35.681	0.93555				2
2025.12.05	01:01:36.097	0.93552				2
2025.12.05	01:01:36.700	0.93547				2
2025.12.05	01:01:37.081	0.93548				2
2025.12.05	01:01:37.680	0.93561	0.93576			6
2025.12.05	01:01:38.698		0.93577			4
2025.12.05	01:02:00.219	0.93561				2
2025.12.05	01:02:03.183	0.93562				2
2025.12.05	01:02:04.142		0.93576			4
2025.12.05	01:02:05.526	0.93561	0.93577			6
2025.12.05	01:02:11.595		0.93576			4
2025.12.05	01:02:13.018	0.93560				2
2025.12.05	01:02:15.361	0.93561				2
2025.12.05	01:02:16.673		0.93577			4
2025.12.05	01:02:17.274		0.93576			4
2025.12.05	01:02:17.982	0.93562				2
2025.12.05	01:02:30.782		0.93577			4
2025.12.05	01:02:32.412	0.93561				2
2025.12.05	01:02:41.623	0.93563	0.93580			6
2025.12.05	01:02:42.373	0.93564	0.93578			6
2025.12.05	01:02:43.922	0.93565				2
2025.12.05	01:02:44.420	0.93564				2
2025.12.05	01:02:44.740	0.93565				2
2025.12.05	01:02:47.963		0.93579			4
2025.12.05	01:02:51.283		0.93580			4
2025.12.05	01:02:56.398	0.93564	0.93581			6
2025.12.05	01:02:57.374	0.93563				2
2025.12.05	01:02:58.285	0.93564				2
2025.12.05	01:02:59.647	0.93563				2
2025.12.05	01:03:00.172	0.93563				2
2025.12.05	01:03:00.495	0.93564	0.93579			6
2025.12.05	01:03:00.800		0.93578			4
2025.12.05	01:03:05.383	0.93565				2
2025.12.05	01:03:08.382	0.93564	0.93579			6
2025.12.05	01:03:10.780	0.93565	0.93578			6
2025.12.05	01:03:12.771	0.93566	0.93579			6
2025.12.05	01:03:20.384	0.93565	0.93578			6
2025.12.05	01:03:22.956	0.93566				2
2025.12.05	01:03:26.373	0.93565	0.93579			6
2025.12.05	01:03:30.673	0.93562	0.93577			6
2025.12.05	01:03:31.098	0.93563				2
2025.12.05	01:03:31.432	0.93562				2
2025.12.05	01:03:32.472		0.93576			4
2025.12.05	01:03:37.087	0.93563	0.93575			6
2025.12.05	01:03:37.645		0.93577			4
2025.12.05	01:03:37.949	0.93561				2
2025.12.05	01:03:38.822	0.93562				2
2025.12.05	01:03:39.929	0.93564				2
2025.12.05	01:03:43.181	0.93565				2
2025.12.05	01:03:51.282		0.93578			4
2025.12.05	01:03:52.856	0.93564	0.93577			6
2025.12.05	01:03:54.898	0.93565				2
2025.12.05	01:04:00.982	0.93565				2
2025.12.05	01:04:20.580		0.93585			4
2025.12.05	01:04:22.847	0.93568	0.93583			6
2025.12.05	01:04:23.158	0.93567	0.93581			6
2025.12.05	01:04:32.729	0.93564	0.93577			6
2025.12.05	01:04:33.080	0.93565				2
2025.12.05	01:04:36.068	0.93568	0.93574			6
2025.12.05	01:04:39.529	0.93565	0.93577			6
2025.12.05	01:04:58.532	0.93566	0.93578			6
2025.12.05	01:05:00.104	0.93565	0.93576			6
2025.12.05	01:05:08.941	0.93564				2
2025.12.05	01:05:12.282	0.93563				2
2025.12.05	01:05:16.079	0.93567	0.93572			6
2025.12.05	01:05:19.494	0.93563	0.93576			6
2025.12.05	01:05:19.804	0.93564				2
2025.12.05	01:05:20.322	0.93562				2
2025.12.05	01:05:20.940	0.93563	0.93577			6
2025.12.05	01:05:30.390	0.93564	0.93576			6
2025.12.05	01:05:36.520	0.93566	0.93578			6
2025.12.05	01:05:37.094		0.93577			4
2025.12.05	01:05:40.054	0.93565				2
2025.12.05	01:05:43.483	0.93564				2
2025.12.05	01:05:46.262	0.93565				2
2025.12.05	01:05:50.383	0.93564				2
2025.12.05	01:05:52.693	0.93569	0.93580			6
2025.12.05	01:06:02.718	0.93564	0.93577			6
2025.12.05	01:06:03.414	0.93563				2
2025.12.05	01:06:07.954	0.93564				2
2025.12.05	01:06:43.060	0.93569	0.93579			6
2025.12.05	01:06:45.583	0.93570	0.93580			6
2025.12.05	01:06:58.079	0.93571	0.93582			6
2025.12.05	01:07:00.386	0.93572				2
2025.12.05	01:07:03.282		0.93581			4
2025.12.05	01:07:06.882	0.93571				2
2025.12.05	01:07:29.099		0.93582			4
2025.12.05	01:07:42.280	0.93572	0.93581			6
2025.12.05	01:07:45.898	0.93571				2
2025.12.05	01:07:54.282		0.93580			4
2025.12.05	01:07:56.650	0.93569				2
2025.12.05	01:08:05.252	0.93568				2
2025.12.05	01:08:08.683	0.93569				2
2025.12.05	01:08:13.401		0.93581			4
2025.12.05	01:08:24.022	0.93568	0.93580			6
2025.12.05	01:08:27.282	0.93569				2
2025.12.05	01:08:35.383	0.93568				2
2025.12.05	01:08:48.582	0.93569				2
2025.12.05	01:08:50.564	0.93570	0.93581			6
2025.12.05	01:08:53.484	0.93568	0.93579			6
2025.12.05	01:08:54.819		0.93578			4
2025.12.05	01:09:00.386	0.93570	0.93579			6
2025.12.05	01:09:05.373	0.93569	0.93580			6
2025.12.05	01:09:06.032		0.93579			4
2025.12.05	01:09:11.320	0.93570	0.93578			6
2025.12.05	01:09:11.817		0.93580			4
2025.12.05	01:09:13.543		0.93579			4
2025.12.05	01:09:14.133	0.93571	0.93580			6
2025.12.05	01:09:14.848	0.93570				2
2025.12.05	01:09:16.895		0.93579			4
2025.12.05	01:09:25.181	0.93571	0.93580			6
2025.12.05	01:09:28.782		0.93579			4
2025.12.05	01:09:33.283		0.93580			4
2025.12.05	01:09:36.583	0.93570				2
2025.12.05	01:09:38.982		0.93579			4
2025.12.05	01:09:42.290	0.93571				2
2025.12.05	01:10:00.304	0.93571				2
2025.12.05	01:10:03.999		0.93580			4
2025.12.05	01:10:05.086	0.93570	0.93581			6
2025.12.05	01:10:06.107	0.93573				2
2025.12.05	01:10:09.652		0.93582			4
2025.12.05	01:10:28.488		0.93581			4
2025.12.05	01:10:29.664	0.93574	0.93582			6
2025.12.05	01:10:45.032	0.93573	0.93581			6
2025.12.05	01:10:45.462	0.93574	0.93582			6
2025.12.05	01:10:51.063	0.93576	0.93586			6
2025.12.05	01:10:52.178	0.93577	0.93587			6
2025.12.05	01:10:58.139	0.93574	0.93582			6
2025.12.05	01:10:58.474	0.93572	0.93580			6
2025.12.05	01:10:59.389	0.93570	0.93578			6
2025.12.05	01:11:00.656	0.93570				2
2025.12.05	01:11:00.961		0.93579			4
2025.12.05	01:11:02.311		0.93578			4
2025.12.05	01:11:03.479		0.93579			4
2025.12.05	01:11:04.674	0.93569	0.93580			6
2025.12.05	01:11:05.125	0.93573	0.93581			6
2025.12.05	01:11:12.080	0.93572	0.93582			6
2025.12.05	01:11:17.982		0.93581			4
2025.12.05	01:11:32.383	0.93573				2
2025.12.05	01:11:51.667	0.93572				2
2025.12.05	01:11:58.011	0.93573	0.93582			6
2025.12.05	01:12:00.284	0.93573				2
2025.12.05	01:12:01.781	0.93574	0.93583			6
2025.12.05	01:12:11.027	0.93573	0.93582			6
2025.12.05	01:12:12.764		0.93581			4
2025.12.05	01:12:16.482	0.93574				2
2025.12.05	01:12:20.682	0.93573				2
2025.12.05	01:12:31.149	0.93575	0.93584			6
2025.12.05	01:12:35.683	0.93576				2
2025.12.05	01:12:45.885		0.93585			4
2025.12.05	01:12:55.899	0.93575				2
2025.12.05	01:13:01.409	0.93575				2
2025.12.05	01:13:04.922		0.93584			4
2025.12.05	01:13:07.735		0.93585			4
2025.12.05	01:13:11.898	0.93577	0.93586			6
2025.12.05	01:13:13.442		0.93585			4
2025.12.05	01:13:17.461	0.93575	0.93584			6
2025.12.05	01:13:18.407	0.93576				2
2025.12.05	01:13:33.838	0.93575	0.93583			6
2025.12.05	01:13:36.282	0.93574				2
2025.12.05	01:13:39.886	0.93575				2
2025.12.05	01:14:00.282	0.93575				2
2025.12.05	01:14:17.551	0.93576	0.93584			6
2025.12.05	01:14:18.145	0.93575				2
2025.12.05	01:14:33.683	0.93576	0.93583			6
2025.12.05	01:14:53.984	0.93575				2
2025.12.05	01:14:58.108	0.93576				2
2025.12.05	01:15:00.306	0.93575				2
2025.12.05	01:15:21.282	0.93574				2
2025.12.05	01:15:40.465	0.93577	0.93587			6
2025.12.05	01:15:41.129		0.93586			4
2025.12.05	01:15:44.064		0.93585			4
2025.12.05	01:15:56.307	0.93578				2
2025.12.05	01:15:58.444	0.93577				2
2025.12.05	01:16:03.537	0.93577				2
2025.12.05	01:16:11.534	0.93575	0.93583			6
2025.12.05	01:16:15.383	0.93576	0.93586			6
2025.12.05	01:16:16.540	0.93578				2
2025.12.05	01:16:24.498	0.93577	0.93585			6
2025.12.05	01:16:25.178	0.93581	0.93590			6
2025.12.05	01:16:25.962	0.93579	0.93588			6
2025.12.05	01:16:27.422	0.93580				2
2025.12.05	01:16:53.917		0.93590			4
2025.12.05	01:16:59.489		0.93591			4
2025.12.05	01:17:00.954	0.93580	0.93590			6
2025.12.05	01:17:15.596	0.93581				2
2025.12.05	01:17:32.203		0.93591			4
2025.12.05	01:17:33.582		0.93590			4
2025.12.05	01:18:02.283	0.93581				2
2025.12.05	01:18:05.666	0.93578	0.93587			6
2025.12.05	01:18:16.265	0.93579				2
2025.12.05	01:18:20.982	0.93578				2
2025.12.05	01:19:00.583	0.93578				2
2025.12.05	01:19:07.273		0.93587			4
2025.12.05	01:19:25.452	0.93579				2
2025.12.05	01:19:36.163	0.93581	0.93589			6
2025.12.05	01:19:38.442	0.93580				2
2025.12.05	01:19:42.083	0.93579				2
2025.12.05	01:19:45.440	0.93580				2
2025.12.05	01:20:01.428	0.93580				2
2025.12.05	01:20:18.342		0.93588			4
2025.12.05	01:20:18.882		0.93587			4
2025.12.05	01:20:20.504		0.93588			4
2025.12.05	01:21:08.856	0.93580				2
2025.12.05	01:21:20.682		0.93588			4
2025.12.05	01:21:32.082		0.93587			4
2025.12.05	01:21:41.683	0.93579				2
2025.12.05	01:21:51.449		0.93586			4
2025.12.05	01:21:56.796		0.93587			4
2025.12.05	01:22:00.382	0.93579				2
2025.12.05	01:22:00.686		0.93586			4
2025.12.05	01:22:14.688		0.93587			4
2025.12.05	01:22:23.721		0.93586			4
2025.12.05	01:23:01.408	0.93579				2
2025.12.05	01:23:15.770		0.93584			4
2025.12.05	01:24:01.588	0.93579				2
2025.12.05	01:24:11.125	0.93576	0.93585			6
2025.12.05	01:24:15.283	0.93575				2
2025.12.05	01:24:56.683	0.93576				2
2025.12.05	01:25:01.093	0.93576				2
2025.12.05	01:25:04.785	0.93575	0.93583			6
2025.12.05	01:25:21.721	0.93576				2
2025.12.05	01:25:24.881	0.93575	0.93582			6
2025.12.05	01:25:31.059	0.93577	0.93584			6
2025.12.05	01:26:04.572	0.93577				2
2025.12.05	01:26:18.153		0.93585			4
2025.12.05	01:26:30.450	0.93576				2
2025.12.05	01:26:34.748	0.93577				2
2025.12.05	01:26:37.170	0.93576				2
2025.12.05	01:26:41.089	0.93577	0.93584			6
2025.12.05	01:26:44.684	0.93576	0.93585			6
2025.12.05	01:26:47.200	0.93577	0.93584			6
2025.12.05	01:26:50.802		0.93585			4
2025.12.05	01:26:54.451		0.93584			4
2025.12.05	01:26:58.054		0.93585			4
2025.12.05	01:27:01.706	0.93577	0.93584			6
2025.12.05	01:27:04.938		0.93585			4
2025.12.05	01:27:06.882		0.93584			4
2025.12.05	01:27:11.403		0.93585			4
2025.12.05	01:27:17.238		0.93584			4
2025.12.05	01:27:28.628		0.93585			4
2025.12.05	01:27:32.981		0.93584			4
2025.12.05	01:27:35.854	0.93575	0.93583			6
2025.12.05	01:27:36.164		0.93582			4
2025.12.05	01:27:45.188	0.93576	0.93583			6
2025.12.05	01:28:00.642	0.93576	0.93584			6
2025.12.05	01:28:11.609		0.93585			4
2025.12.05	01:28:15.771	0.93575	0.93584			6
2025.12.05	01:28:16.167	0.93574				2
2025.12.05	01:28:16.487	0.93575	0.93585			6
2025.12.05	01:28:24.217		0.93583			4
2025.12.05	01:28:28.345		0.93584			4
2025.12.05	01:28:30.419		0.93583			4
2025.12.05	01:28:31.617		0.93584			4
2025.12.05	01:28:35.430		0.93583			4
2025.12.05	01:28:38.916		0.93584			4
2025.12.05	01:28:40.858	0.93577	0.93586			6
2025.12.05	01:28:41.899	0.93576	0.93584			6
2025.12.05	01:28:43.935	0.93578	0.93587			6
2025.12.05	01:28:44.650	0.93577				2
2025.12.05	01:28:44.958	0.93576	0.93585			6
2025.12.05	01:28:49.509	0.93578	0.93586			6
2025.12.05	01:28:50.511	0.93576	0.93584			6
2025.12.05	01:28:54.172	0.93578	0.93586			6
2025.12.05	01:28:55.046	0.93577	0.93585			6
2025.12.05	01:28:57.623		0.93586			4
2025.12.05	01:28:58.633		0.93585			4
2025.12.05	01:29:01.184	0.93577				2
2025.12.05	01:29:03.176		0.93587			4
2025.12.05	01:29:04.158	0.93576	0.93586			6
2025.12.05	01:29:17.374	0.93575	0.93585			6
2025.12.05	01:29:18.382	0.93574	0.93584			6
2025.12.05	01:29:21.582	0.93573				2
2025.12.05	01:29:22.591	0.93574	0.93585			6
2025.12.05	01:29:23.603	0.93573	0.93584			6
2025.12.05	01:29:34.431	0.93576	0.93585			6
2025.12.05	01:29:45.822		0.93586			4
2025.12.05	01:29:50.019		0.93585			4
2025.12.05	01:29:56.241		0.93584			4
2025.12.05	01:30:00.382	0.93575	0.93585			6
2025.12.05	01:30:03.299	0.93576	0.93582			6
2025.12.05	01:30:03.605	0.93575	0.93581			6
2025.12.05	01:30:06.742	0.93574	0.93584			6
2025.12.05	01:30:07.496	0.93575	0.93585			6
2025.12.05	01:30:14.550		0.93583			4
2025.12.05	01:30:15.380	0.93574				2
2025.12.05	01:30:18.886	0.93575				2
2025.12.05	01:30:33.167		0.93584			4
2025.12.05	01:30:45.440	0.93576	0.93583			6
2025.12.05	01:30:47.376	0.93575	0.93584			6
2025.12.05	01:30:49.377		0.93583			4
2025.12.05	01:30:59.671	0.93574	0.93582			6
2025.12.05	01:31:00.008	0.93574				2
2025.12.05	01:31:00.479	0.93575	0.93583			6
2025.12.05	01:31:03.884	0.93574				2
2025.12.05	01:31:11.762		0.93582			4
2025.12.05	01:31:23.912		0.93581			4
2025.12.05	01:31:29.020		0.93582			4
2025.12.05	01:31:31.972	0.93576	0.93584			6
2025.12.05	01:31:36.583		0.93583			4
2025.12.05	01:31:39.499	0.93574	0.93582			6
2025.12.05	01:32:01.181	0.93575	0.93584			6
2025.12.05	01:32:01.946	0.93576				2
2025.12.05	01:32:14.751	0.93577	0.93585			6
2025.12.05	01:32:22.482		0.93586			4
2025.12.05	01:32:29.202	0.93576	0.93585			6
2025.12.05	01:32:30.438	0.93577				2
2025.12.05	01:33:00.313	0.93577				2
2025.12.05	01:33:41.409		0.93585			4
2025.12.05	01:33:51.283		0.93584			4
2025.12.05	01:33:56.075	0.93576	0.93586			6
2025.12.05	01:33:56.380	0.93572	0.93580			6
2025.12.05	01:33:56.721		0.93579			4
2025.12.05	01:33:58.126		0.93580			4
2025.12.05	01:34:00.317	0.93572	0.93581			6
2025.12.05	01:34:01.468		0.93579			4
2025.12.05	01:34:02.554	0.93574	0.93582			6
2025.12.05	01:34:03.547	0.93573	0.93580			6
2025.12.05	01:34:03.850	0.93574	0.93581			6
2025.12.05	01:34:10.964	0.93573	0.93582			6
2025.12.05	01:34:15.279	0.93574	0.93581			6
2025.12.05	01:34:16.561		0.93583			4
2025.12.05	01:34:27.885	0.93575	0.93582			6
2025.12.05	01:35:00.596	0.93575				2
2025.12.05	01:35:01.730	0.93576	0.93584			6
2025.12.05	01:35:02.041	0.93574	0.93581			6
2025.12.05	01:35:32.284	0.93573				2
2025.12.05	01:35:39.750	0.93574				2
2025.12.05	01:35:57.223	0.93576	0.93583			6
2025.12.05	01:36:00.679	0.93577	0.93585			6
2025.12.05	01:36:26.848		0.93584			4
2025.12.05	01:36:30.024		0.93585			4
2025.12.05	01:36:34.486	0.93578				2
2025.12.05	01:36:40.324		0.93586			4
2025.12.05	01:36:51.842	0.93580	0.93587			6
2025.12.05	01:37:00.604	0.93580				2
2025.12.05	01:37:06.273	0.93579				2
2025.12.05	01:37:09.348	0.93580				2
2025.12.05	01:37:11.080	0.93579				2
2025.12.05	01:37:24.884	0.93580				2
2025.12.05	01:37:52.203		0.93587			4
2025.12.05	01:38:01.734	0.93580				2
2025.12.05	01:38:05.588		0.93588			4
2025.12.05	01:38:44.476	0.93574	0.93582			6
2025.12.05	01:38:45.771		0.93583			4
2025.12.05	01:38:54.389		0.93582			4
2025.12.05	01:38:56.573		0.93583			4
2025.12.05	01:39:01.137	0.93574	0.93581			6
2025.12.05	01:39:10.782		0.93582			4
2025.12.05	01:39:14.991		0.93581			4
2025.12.05	01:39:23.829	0.93573				2
2025.12.05	01:39:36.907		0.93582			4
2025.12.05	01:39:37.970	0.93572	0.93580			6
2025.12.05	01:39:41.685	0.93573				2
2025.12.05	01:39:56.734		0.93581			4
2025.12.05	01:40:03.523	0.93573				2
2025.12.05	01:40:09.369		0.93582			4
2025.12.05	01:40:14.021	0.93572				2
2025.12.05	01:40:27.188		0.93581			4
2025.12.05	01:40:31.489		0.93579			4
2025.12.05	01:40:32.993		0.93580			4
2025.12.05	01:40:33.298	0.93573	0.93581			6
2025.12.05	01:40:35.954	0.93572	0.93580			6
2025.12.05	01:40:38.530	0.93571	0.93579			6
2025.12.05	01:40:49.494	0.93572	0.93580			6
2025.12.05	01:40:54.883	0.93571	0.93579			6
2025.12.05	01:41:00.315	0.93572				2
2025.12.05	01:41:08.383	0.93571				2
2025.12.05	01:41:15.512		0.93578			4
2025.12.05	01:41:42.730	0.93573	0.93580			6
2025.12.05	01:41:47.963		0.93581			4
2025.12.05	01:42:00.467	0.93573	0.93580			6
2025.12.05	01:42:05.943		0.93581			4
2025.12.05	01:42:23.984		0.93582			4
2025.12.05	01:42:30.446		0.93581			4
2025.12.05	01:43:01.079	0.93573				2
2025.12.05	01:43:03.498	0.93574				2
2025.12.05	01:43:28.888	0.93573	0.93580			6
2025.12.05	01:43:33.883	0.93574	0.93581			6
2025.12.05	01:43:41.885	0.93573	0.93580			6
2025.12.05	01:43:50.855	0.93574	0.93581			6
2025.12.05	01:43:51.881		0.93582			4
2025.12.05	01:44:09.025	0.93574				2
2025.12.05	01:44:21.408		0.93581			4
2025.12.05	01:44:23.896		0.93582			4
2025.12.05	01:44:28.999		0.93581			4
2025.12.05	01:44:45.883	0.93573				2
2025.12.05	01:45:01.189	0.93573				2
2025.12.05	01:45:01.693	0.93574				2
2025.12.05	01:45:15.284	0.93572	0.93579			6
2025.12.05	01:45:20.373	0.93574	0.93583			6
2025.12.05	01:45:20.680	0.93575				2
2025.12.05	01:45:26.457	0.93578	0.93585			6
2025.12.05	01:45:27.202	0.93579				2
2025.12.05	01:45:29.581	0.93578				2
2025.12.05	01:45:39.440	0.93577				2
2025.12.05	01:45:44.553	0.93578				2
2025.12.05	01:45:45.024	0.93579				2
2025.12.05	01:45:52.048	0.93578				2
2025.12.05	01:45:54.883	0.93577				2
2025.12.05	01:46:00.313	0.93577				2
2025.12.05	01:46:04.119	0.93576				2
2025.12.05	01:46:09.884		0.93584			4
2025.12.05	01:46:12.616	0.93577				2
2025.12.05	01:46:15.251		0.93585			4
2025.12.05	01:46:23.649	0.93578	0.93586			6
2025.12.05	01:46:29.288		0.93584			4
2025.12.05	01:46:30.062		0.93586			4
2025.12.05	01:46:35.373		0.93585			4
2025.12.05	01:46:36.795	0.93579	0.93587			6
2025.12.05	01:46:38.245	0.93580				2
2025.12.05	01:46:40.697	0.93579	0.93586			6
2025.12.05	01:47:00.100	0.93579				2
2025.12.05	01:47:07.362	0.93578				2
2025.12.05	01:47:08.725		0.93585			4
2025.12.05	01:47:13.448	0.93579	0.93587			6
2025.12.05	01:47:14.371	0.93578	0.93585			6
2025.12.05	01:47:30.475	0.93577				2
2025.12.05	01:48:00.254	0.93577				2
2025.12.05	01:48:04.405	0.93578				2
2025.12.05	01:48:14.384		0.93585			4
2025.12.05	01:48:35.041	0.93579	0.93586			6
2025.12.05	01:48:35.577		0.93587			4
2025.12.05	01:48:40.699	0.93578	0.93586			6
2025.12.05	01:49:00.651	0.93578				2
2025.12.05	01:49:21.953	0.93577				2
2025.12.05	01:49:26.215		0.93587			4
2025.12.05	01:49:27.617		0.93585			4
2025.12.05	01:49:36.383		0.93584			4
2025.12.05	01:49:36.736	0.93582	0.93587			6
2025.12.05	01:49:37.061		0.93589			4
2025.12.05	01:49:46.735		0.93588			4
2025.12.05	01:49:51.455	0.93581	0.93587			6
2025.12.05	01:49:53.204	0.93580				2
2025.12.05	01:50:00.592	0.93580				2
2025.12.05	01:50:03.084	0.93581				2
2025.12.05	01:50:08.124	0.93580				2
2025.12.05	01:50:10.653	0.93579	0.93586			6
2025.12.05	01:50:20.848	0.93581	0.93587			6
2025.12.05	01:50:21.182		0.93589			4
2025.12.05	01:50:24.180	0.93580	0.93587			6
2025.12.05	01:50:38.949	0.93579				2
2025.12.05	01:50:48.470	0.93580				2
2025.12.05	01:50:54.598	0.93579				2
2025.12.05	01:51:01.409	0.93579				2
2025.12.05	01:51:02.180	0.93580				2
2025.12.05	01:51:11.742	0.93581				2
2025.12.05	01:51:23.120		0.93588			4
2025.12.05	01:51:33.283		0.93589			4
2025.12.05	01:51:43.696	0.93582				2
2025.12.05	01:51:46.320	0.93580	0.93587			6
2025.12.05	01:52:00.177	0.93581				2
2025.12.05	01:52:03.882	0.93580				2
2025.12.05	01:52:24.715	0.93579				2
2025.12.05	01:52:25.290	0.93580				2
2025.12.05	01:52:47.376		0.93587			4
2025.12.05	01:52:55.660	0.93583	0.93590			6
2025.12.05	01:52:58.839	0.93582	0.93589			6
2025.12.05	01:53:00.880	0.93582				2
2025.12.05	01:53:01.741	0.93581	0.93588			6
2025.12.05	01:53:05.914	0.93580				2
2025.12.05	01:53:08.084	0.93581				2
2025.12.05	01:53:18.602	0.93580				2
2025.12.05	01:53:19.732	0.93578	0.93585			6
2025.12.05	01:53:22.061	0.93577				2
2025.12.05	01:53:22.814	0.93578	0.93586			6
2025.12.05	01:53:33.398	0.93579				2
2025.12.05	01:53:34.281	0.93578	0.93587			6
2025.12.05	01:53:34.614	0.93580				2
2025.12.05	01:53:36.414	0.93581	0.93588			6
2025.12.05	01:53:47.607	0.93580	0.93587			6
2025.12.05	01:53:47.927	0.93579				2
2025.12.05	01:53:53.856	0.93580				2
2025.12.05	01:54:00.453	0.93579				2
2025.12.05	01:54:11.037		0.93586			4
2025.12.05	01:54:11.526	0.93580	0.93587			6
2025.12.05	01:54:12.281	0.93581				2
2025.12.05	01:54:19.768	0.93578				2
2025.12.05	01:54:20.315	0.93576				2
2025.12.05	01:54:20.619		0.93586			4
2025.12.05	01:54:23.501	0.93577	0.93585			6
2025.12.05	01:54:32.162	0.93578				2
2025.12.05	01:54:45.359	0.93577				2
2025.12.05	01:54:50.171	0.93578				2
2025.12.05	01:54:57.190		0.93586			4
2025.12.05	01:54:57.937	0.93579				2
2025.12.05	01:55:00.282	0.93578				2
2025.12.05	01:55:11.684		0.93585			4
2025.12.05	01:55:21.583		0.93586			4
2025.12.05	01:55:24.740	0.93580	0.93587			6
2025.12.05	01:55:27.491	0.93581				2
2025.12.05	01:55:36.051	0.93580				2
2025.12.05	01:55:55.831	0.93581	0.93589			6
2025.12.05	01:56:00.452	0.93581				2
2025.12.05	01:56:05.853	0.93579	0.93587			6
2025.12.05	01:56:06.481		0.93586			4
2025.12.05	01:56:17.706	0.93577				2
2025.12.05	01:56:22.357	0.93578	0.93585			6
2025.12.05	01:56:33.542	0.93579				2
2025.12.05	01:56:37.390	0.93580	0.93587			6
2025.12.05	01:57:00.456	0.93579				2
2025.12.05	01:57:04.942	0.93580				2
2025.12.05	01:57:22.402	0.93577				2
2025.12.05	01:57:27.607	0.93578				2
2025.12.05	01:57:28.543	0.93579				2
2025.12.05	01:57:33.712	0.93578				2
2025.12.05	01:57:40.162		0.93587			4
2025.12.05	01:57:55.477	0.93579				2
2025.12.05	01:58:03.131	0.93579				2
2025.12.05	01:58:32.737	0.93580	0.93589			6
2025.12.05	01:58:57.689	0.93581				2
2025.12.05	01:59:02.282	0.93581				2
2025.12.05	01:59:32.743		0.93589			4
2025.12.05	01:59:58.762	0.93580				2
2025.12.05	02:00:00.324	0.93580				2
2025.12.05	02:00:05.384	0.93583	0.93591			6
2025.12.05	02:00:07.557	0.93579	0.93589			6
2025.12.05	02:00:09.353	0.93578				2
2025.12.05	02:00:10.075	0.93579	0.93590			6
2025.12.05	02:00:12.140		0.93589			4
2025.12.05	02:00:17.731	0.93580				2
2025.12.05	02:00:23.518	0.93579				2
2025.12.05	02:00:28.646	0.93580				2
2025.12.05	02:00:36.737		0.93590			4
2025.12.05	02:00:38.710		0.93591			4
2025.12.05	02:00:41.632	0.93581				2
2025.12.05	02:00:44.267	0.93588	0.93598			6
2025.12.05	02:00:44.572	0.93589				2
2025.12.05	02:00:45.226		0.93597			4
2025.12.05	02:00:48.499	0.93588				2
2025.12.05	02:00:49.066	0.93589	0.93599			6
2025.12.05	02:00:52.352	0.93588				2
2025.12.05	02:00:54.417		0.93597			4
2025.12.05	02:00:59.704	0.93585				2
2025.12.05	02:01:00.692	0.93585				2
2025.12.05	02:01:04.045	0.93586				2
2025.12.05	02:01:06.642	0.93585	0.93595			6
2025.12.05	02:01:07.549	0.93586				2
2025.12.05	02:01:07.966	0.93585				2
2025.12.05	02:01:11.140	0.93583				2
2025.12.05	02:01:12.052	0.93584				2
2025.12.05	02:01:12.502	0.93585				2
2025.12.05	02:01:15.360	0.93583	0.93593			6
2025.12.05	02:01:15.679	0.93584				2
2025.12.05	02:01:16.524	0.93585				2
2025.12.05	02:01:17.540	0.93586				2
2025.12.05	02:01:18.680		0.93595			4
2025.12.05	02:01:20.362	0.93585				2
2025.12.05	02:01:22.853	0.93584				2
2025.12.05	02:01:27.779	0.93585				2
2025.12.05	02:01:29.924	0.93584				2
2025.12.05	02:01:30.453	0.93585				2
2025.12.05	02:01:32.654	0.93584				2
2025.12.05	02:01:43.832	0.93585				2
2025.12.05	02:01:44.549	0.93586				2
2025.12.05	02:01:50.043	0.93588	0.93597			6
2025.12.05	02:01:53.315	0.93589				2
2025.12.05	02:01:58.694	0.93588				2
2025.12.05	02:01:59.313	0.93589				2
2025.12.05	02:02:00.091	0.93588				2
2025.12.05	02:02:07.789	0.93587				2
2025.12.05	02:02:08.282	0.93588				2
2025.12.05	02:02:11.654	0.93587				2
2025.12.05	02:02:12.092	0.93588				2
2025.12.05	02:02:15.358	0.93586				2
2025.12.05	02:02:15.673	0.93583	0.93594			6
2025.12.05	02:02:18.580	0.93584				2
2025.12.05	02:02:19.521	0.93585				2
2025.12.05	02:02:22.532		0.93595			4
2025.12.05	02:02:26.469	0.93586				2
2025.12.05	02:02:30.618	0.93585				2
2025.12.05	02:02:34.622	0.93586				2
2025.12.05	02:02:35.212	0.93585				2
2025.12.05	02:02:42.999	0.93586				2
2025.12.05	02:02:45.898	0.93587				2
2025.12.05	02:02:47.205	0.93588				2
2025.12.05	02:02:47.805		0.93597			4
2025.12.05	02:02:48.704	0.93587				2
2025.12.05	02:02:50.223	0.93588				2
2025.12.05	02:02:59.542	0.93589				2
2025.12.05	02:03:00.438	0.93589				2
2025.12.05	02:03:07.983	0.93591	0.93598			6
2025.12.05	02:03:08.646	0.93592	0.93600			6
2025.12.05	02:03:09.318	0.93591	0.93601			6
2025.12.05	02:03:10.317	0.93592				2
2025.12.05	02:03:11.813	0.93590	0.93599			6
2025.12.05	02:03:17.903	0.93591				2
2025.12.05	02:03:21.750	0.93590				2
2025.12.05	02:03:24.178	0.93589				2
2025.12.05	02:03:26.167	0.93591				2
2025.12.05	02:03:26.478	0.93590				2
2025.12.05	02:03:43.372	0.93589				2
2025.12.05	02:03:50.282		0.93598			4
2025.12.05	02:03:53.349		0.93599			4
2025.12.05	02:03:57.043	0.93590				2
2025.12.05	02:04:00.437	0.93590				2
2025.12.05	02:04:02.218	0.93589				2
2025.12.05	02:04:02.959		0.93598			4
2025.12.05	02:04:05.942		0.93599			4
2025.12.05	02:04:12.303	0.93590				2
2025.12.05	02:04:15.219	0.93591				2
2025.12.05	02:04:17.975	0.93590				2
2025.12.05	02:04:25.465	0.93589				2
2025.12.05	02:04:27.486	0.93590				2
2025.12.05	02:04:29.694	0.93592	0.93601			6
2025.12.05	02:04:30.009	0.93593				2
2025.12.05	02:04:32.475	0.93592				2
2025.12.05	02:04:32.778	0.93593	0.93600			6
2025.12.05	02:04:35.240	0.93590				2
2025.12.05	02:04:35.884	0.93591				2
2025.12.05	02:04:36.355		0.93601			4
2025.12.05	02:04:39.524	0.93592				2
2025.12.05	02:04:41.615	0.93590	0.93599			6
2025.12.05	02:04:55.711	0.93594	0.93601			6
2025.12.05	02:04:58.783		0.93602			4
2025.12.05	02:04:59.165	0.93592				2
2025.12.05	02:05:00.430	0.93593				2
2025.12.05	02:05:05.285	0.93595				2
2025.12.05	02:05:13.161	0.93593	0.93601			6
2025.12.05	02:05:26.893		0.93602			4
2025.12.05	02:05:27.243	0.93595				2
2025.12.05	02:05:39.201	0.93594				2
2025.12.05	02:05:45.194	0.93592	0.93601			6
2025.12.05	02:05:45.710	0.93593	0.93602			6
2025.12.05	02:05:46.396	0.93595				2
2025.12.05	02:05:48.883	0.93594				2
2025.12.05	02:05:50.796	0.93593				2
2025.12.05	02:05:57.094	0.93594	0.93601			6
2025.12.05	02:06:00.161	0.93594	0.93602			6
2025.12.05	02:06:12.046	0.93593				2
2025.12.05	02:06:20.469	0.93594				2
2025.12.05	02:06:23.442	0.93593				2
2025.12.05	02:06:28.197		0.93601			4
2025.12.05	02:06:31.280	0.93592				2
2025.12.05	02:06:33.602		0.93602			4
2025.12.05	02:06:38.207	0.93594				2
2025.12.05	02:06:38.600	0.93595				2
2025.12.05	02:06:41.606	0.93594				2
2025.12.05	02:06:45.883	0.93595				2
2025.12.05	02:06:53.579	0.93596				2
2025.12.05	02:06:54.830	0.93595				2
2025.12.05	02:06:57.658	0.93594				2
2025.12.05	02:06:59.520	0.93595				2
2025.12.05	02:07:00.616	0.93594				2
2025.12.05	02:07:02.819	0.93595				2
2025.12.05	02:07:03.384	0.93594				2
2025.12.05	02:07:03.693	0.93593				2
2025.12.05	02:07:05.379	0.93594				2
2025.12.05	02:07:11.052	0.93597	0.93604			6
2025.12.05	02:07:23.222	0.93598				2
2025.12.05	02:07:28.579		0.93605			4
2025.12.05	02:07:29.512		0.93604			4
2025.12.05	02:07:30.377	0.93597				2
2025.12.05	02:07:32.900		0.93603			4
2025.12.05	02:07:33.920	0.93596	0.93604			6
2025.12.05	02:07:37.580		0.93603			4
2025.12.05	02:07:39.585		0.93604			4
2025.12.05	02:07:41.121		0.93603			4
2025.12.05	02:07:42.883	0.93597				2
2025.12.05	02:07:43.196	0.93596				2
2025.12.05	02:07:43.505		0.93605			4
2025.12.05	02:07:45.344	0.93597				2
2025.12.05	02:07:46.319	0.93599	0.93607			6
2025.12.05	02:07:47.205	0.93598	0.93606			6
2025.12.05	02:07:47.522	0.93599				2
2025.12.05	02:07:47.844	0.93598	0.93607			6
2025.12.05	02:07:48.326		0.93606			4
2025.12.05	02:07:49.633		0.93605			4
2025.12.05	02:07:52.396		0.93606			4
2025.12.05	02:07:52.879		0.93605			4
2025.12.05	02:07:53.969		0.93606			4
2025.12.05	02:07:55.392	0.93599				2
2025.12.05	02:07:55.704	0.93598				2
2025.12.05	02:07:57.017		0.93605			4
2025.12.05	02:07:59.894	0.93597				2
2025.12.05	02:08:00.228	0.93597				2
2025.12.05	02:08:03.299	0.93596				2
2025.12.05	02:08:05.214	0.93595	0.93604			6
2025.12.05	02:08:06.037	0.93596	0.93605			6
2025.12.05	02:08:07.182	0.93595	0.93604			6
2025.12.05	02:08:11.267	0.93594	0.93603			6
2025.12.05	02:08:19.246	0.93595				2
2025.12.05	02:08:24.882	0.93594				2
2025.12.05	02:08:27.360	0.93595	0.93604			6
2025.12.05	02:08:30.041		0.93603			4
2025.12.05	02:08:33.069		0.93604			4
2025.12.05	02:08:35.178		0.93603			4
2025.12.05	02:08:39.882	0.93594				2
2025.12.05	02:08:43.365	0.93595	0.93604			6
2025.12.05	02:08:44.440	0.93594	0.93602			6
2025.12.05	02:08:45.034	0.93595	0.93604			6
2025.12.05	02:08:49.071	0.93596	0.93605			6
2025.12.05	02:08:49.389		0.93604			4
2025.12.05	02:09:00.371	0.93596	0.93605			6
2025.12.05	02:09:00.678		0.93604			4
2025.12.05	02:09:01.835	0.93594	0.93603			6
2025.12.05	02:09:03.039		0.93604			4
2025.12.05	02:09:04.462	0.93595				2
2025.12.05	02:09:05.582	0.93594				2
2025.12.05	02:09:05.903	0.93595				2
2025.12.05	02:09:12.658	0.93596	0.93605			6
2025.12.05	02:09:13.522		0.93604			4
2025.12.05	02:09:13.825	0.93595				2
2025.12.05	02:09:22.271		0.93603			4
2025.12.05	02:09:23.878	0.93593	0.93599			6
2025.12.05	02:09:26.649		0.93600			4
2025.12.05	02:09:33.999		0.93601			4
2025.12.05	02:09:42.741	0.93594	0.93603			6
2025.12.05	02:09:44.964	0.93595				2
2025.12.05	02:09:45.270	0.93594				2
2025.12.05	02:09:52.219		0.93602			4
2025.12.05	02:09:56.210	0.93593				2
2025.12.05	02:09:59.910	0.93594	0.93601			6
2025.12.05	02:10:00.481	0.93594				2
2025.12.05	02:10:01.644	0.93593	0.93600			6
2025.12.05	02:10:04.201		0.93601			4
2025.12.05	02:10:08.758		0.93602			4
2025.12.05	02:10:09.337	0.93592	0.93601			6
2025.12.05	02:10:10.013		0.93602			4
2025.12.05	02:10:12.451		0.93601			4
2025.12.05	02:10:19.757	0.93593				2
2025.12.05	02:10:26.792	0.93592				2
2025.12.05	02:10:30.080		0.93602			4
2025.12.05	02:10:31.241		0.93601			4
2025.12.05	02:10:31.560	0.93591				2
2025.12.05	02:10:32.506		0.93600			4
2025.12.05	02:10:32.858	0.93592	0.93599			6
2025.12.05	02:10:33.228	0.93591	0.93598			6
2025.12.05	02:10:36.724	0.93592	0.93599			6
2025.12.05	02:11:00.274	0.93592				2
2025.12.05	02:11:01.081		0.93598			4
2025.12.05	02:11:01.385		0.93600			4
2025.12.05	02:11:08.258		0.93599			4
2025.12.05	02:11:09.212	0.93593	0.93601			6
2025.12.05	02:11:11.363	0.93591	0.93598			6
2025.12.05	02:11:12.419	0.93592	0.93599			6
2025.12.05	02:11:17.594		0.93598			4
2025.12.05	02:11:19.188	0.93591				2
2025.12.05	02:11:20.082	0.93592	0.93599			6
2025.12.05	02:11:43.845	0.93593				2
2025.12.05	02:11:45.997		0.93600			4
2025.12.05	02:11:46.410	0.93592	0.93599			6
2025.12.05	02:11:51.421	0.93591				2
2025.12.05	02:12:04.923	0.93592				2
2025.12.05	02:12:18.559	0.93593	0.93600			6
2025.12.05	02:12:23.729	0.93594	0.93603			6
2025.12.05	02:12:38.919		0.93602			4
2025.12.05	02:12:39.298		0.93601			4
2025.12.05	02:12:43.553		0.93604			4
2025.12.05	02:12:48.093		0.93603			4
2025.12.05	02:12:48.419		0.93602			4
2025.12.05	02:12:48.847		0.93603			4
2025.12.05	02:12:50.366		0.93604			4
2025.12.05	02:12:52.736		0.93602			4
2025.12.05	02:12:53.409		0.93604			4
2025.12.05	02:13:00.140	0.93594				2
2025.12.05	02:13:02.401		0.93602			4
2025.12.05	02:13:04.024		0.93604			4
2025.12.05	02:13:13.530	0.93593				2
2025.12.05	02:13:15.199	0.93594				2
2025.12.05	02:13:15.559		0.93602			4
2025.12.05	02:13:17.862	0.93593				2
2025.12.05	02:13:19.976		0.93601			4
2025.12.05	02:13:24.672		0.93600			4
2025.12.05	02:13:25.528	0.93592	0.93599			6
2025.12.05	02:13:25.838	0.93593	0.93601			6
2025.12.05	02:13:28.872		0.93602			4
2025.12.05	02:13:29.262		0.93601			4
2025.12.05	02:13:30.037		0.93600			4
2025.12.05	02:13:30.573		0.93602			4
2025.12.05	02:13:34.183		0.93603			4
2025.12.05	02:13:35.272		0.93602			4
2025.12.05	02:13:37.550	0.93592	0.93601			6
2025.12.05	02:13:39.376	0.93593	0.93600			6
2025.12.05	02:13:40.101		0.93602			4
2025.12.05	02:13:46.460		0.93600			4
2025.12.05	02:13:50.149	0.93592	0.93601			6
2025.12.05	02:13:53.312	0.93591				2
2025.12.05	02:13:57.883	0.93592				2
2025.12.05	02:13:59.058		0.93600			4
2025.12.05	02:14:00.464	0.93592				2
2025.12.05	02:14:00.825		0.93599			4
2025.12.05	02:14:14.485		0.93598			4
2025.12.05	02:14:16.255		0.93599			4
2025.12.05	02:14:24.144	0.93591				2
2025.12.05	02:14:24.526	0.93592				2
2025.12.05	02:14:29.162		0.93601			4
2025.12.05	02:14:29.733		0.93600			4
2025.12.05	02:14:30.040		0.93601			4
2025.12.05	02:14:30.346	0.93591	0.93600			6
2025.12.05	02:14:32.771	0.93592				2
2025.12.05	02:14:43.004	0.93593	0.93601			6
2025.12.05	02:14:45.398	0.93592	0.93600			6
2025.12.05	02:14:46.782	0.93593	0.93601			6
2025.12.05	02:14:47.418	0.93592	0.93602			6
2025.12.05	02:14:49.542	0.93593				2
2025.12.05	02:14:54.015		0.93603			4
2025.12.05	02:14:54.840	0.93594	0.93602			6
2025.12.05	02:14:55.304	0.93593	0.93603			6
2025.12.05	02:14:59.466		0.93601			4
2025.12.05	02:15:00.305	0.93593				2
2025.12.05	02:15:01.506	0.93592	0.93599			6
2025.12.05	02:15:02.585		0.93600			4
2025.12.05	02:15:02.893		0.93599			4
2025.12.05	02:15:03.496		0.93600			4
2025.12.05	02:15:05.020		0.93601			4
2025.12.05	02:15:05.393		0.93600			4
2025.12.05	02:15:07.944	0.93591	0.93598			6
2025.12.05	02:15:09.337	0.93592	0.93601			6
2025.12.05	02:15:10.372		0.93600			4
2025.12.05	02:15:11.070	0.93593	0.93602			6
2025.12.05	02:15:11.385		0.93601			4
2025.12.05	02:15:12.707	0.93592				2
2025.12.05	02:15:13.479		0.93600			4
2025.12.05	02:15:16.634		0.93601			4
2025.12.05	02:15:17.849		0.93600			4
2025.12.05	02:15:18.762	0.93593	0.93602			6
2025.12.05	02:15:21.059		0.93600			4
2025.12.05	02:15:21.401	0.93592	0.93599			6
2025.12.05	02:15:22.528	0.93593	0.93600			6
2025.12.05	02:15:25.030	0.93592				2
2025.12.05	02:15:30.228		0.93601			4
2025.12.05	02:15:31.561		0.93599			4
2025.12.05	02:15:37.107	0.93593	0.93601			6
2025.12.05	02:15:38.655	0.93592	0.93600			6
2025.12.05	02:15:42.448	0.93593	0.93601			6
2025.12.05	02:15:45.133	0.93592	0.93602			6
2025.12.05	02:15:48.881		0.93601			4
2025.12.05	02:15:49.224		0.93602			4
2025.12.05	02:15:54.274	0.93593				2
2025.12.05	02:15:56.220	0.93592	0.93601			6
2025.12.05	02:15:57.147	0.93593	0.93602			6
2025.12.05	02:16:00.218	0.93593				2
2025.12.05	02:16:12.269		0.93601			4
2025.12.05	02:16:13.382	0.93592				2
2025.12.05	02:16:14.515	0.93593				2
2025.12.05	02:16:14.838		0.93600			4
2025.12.05	02:16:15.660	0.93592	0.93601			6
2025.12.05	02:16:21.988	0.93593	0.93604			6
2025.12.05	02:16:23.677	0.93594				2
2025.12.05	02:16:26.416	0.93593	0.93602			6
2025.12.05	02:16:28.442	0.93594				2
2025.12.05	02:16:35.010		0.93603			4
2025.12.05	02:16:45.363		0.93601			4
2025.12.05	02:16:46.163		0.93602			4
2025.12.05	02:16:46.555		0.93604			4
2025.12.05	02:16:52.859		0.93603			4
2025.12.05	02:16:53.202		0.93604			4
2025.12.05	02:16:58.706	0.93593	0.93602			6
2025.12.05	02:17:01.849	0.93592	0.93599			6
2025.12.05	02:17:02.189		0.93601			4
2025.12.05	02:17:09.134	0.93591	0.93598			6
2025.12.05	02:17:09.915	0.93592	0.93599			6
2025.12.05	02:17:10.699	0.93591				2
2025.12.05	02:17:12.496	0.93593	0.93603			6
2025.12.05	02:17:13.245		0.93602			4
2025.12.05	02:17:14.058	0.93592				2
2025.12.05	02:17:18.882	0.93593				2
2025.12.05	02:17:20.504	0.93594	0.93603			6
2025.12.05	02:17:23.417	0.93593				2
2025.12.05	02:17:35.942	0.93594				2
2025.12.05	02:17:40.618	0.93593	0.93602			6
2025.12.05	02:17:41.008		0.93603			4
2025.12.05	02:17:52.871		0.93602			4
2025.12.05	02:17:53.898	0.93592	0.93601			6
2025.12.05	02:17:55.012	0.93593	0.93603			6
2025.12.05	02:17:55.319	0.93592	0.93599			6
2025.12.05	02:17:57.855	0.93593	0.93602			6
2025.12.05	02:17:58.159	0.93592	0.93600			6
2025.12.05	02:18:01.109	0.93592				2
2025.12.05	02:18:01.727		0.93599			4
2025.12.05	02:18:04.830	0.93593				2
2025.12.05	02:18:05.987	0.93592	0.93600			6
2025.12.05	02:18:06.642	0.93593				2
2025.12.05	02:18:08.373	0.93592				2
2025.12.05	02:18:18.442		0.93599			4
2025.12.05	02:18:23.393	0.93591				2
2025.12.05	02:18:24.782	0.93592				2
2025.12.05	02:18:31.063		0.93600			4
2025.12.05	02:18:33.582	0.93591	0.93598			6
2025.12.05	02:18:34.948		0.93599			4
2025.12.05	02:18:40.495		0.93598			4
2025.12.05	02:18:42.892	0.93590				2
2025.12.05	02:18:43.296	0.93591				2
2025.12.05	02:18:45.336		0.93599			4
2025.12.05	02:18:46.202	0.93592				2
2025.12.05	02:18:48.972	0.93591				2
2025.12.05	02:18:53.268	0.93592	0.93600			6
2025.12.05	02:18:54.354		0.93597			4
2025.12.05	02:18:55.021		0.93596			4
2025.12.05	02:18:55.404		0.93597			4
2025.12.05	02:18:58.670		0.93596			4
2025.12.05	02:19:00.606	0.93593	0.93603			6
2025.12.05	02:19:02.353		0.93604			4
2025.12.05	02:19:02.937		0.93603			4
2025.12.05	02:19:03.879		0.93604			4
2025.12.05	02:19:06.319		0.93603			4
2025.12.05	02:19:13.816	0.93594	0.93604			6
2025.12.05	02:19:32.679	0.93593	0.93601			6
2025.12.05	02:19:33.078	0.93592				2
2025.12.05	02:19:34.621	0.93593	0.93603			6
2025.12.05	02:19:35.276	0.93592	0.93601			6
2025.12.05	02:19:35.668	0.93590	0.93599			6
2025.12.05	02:19:35.978	0.93591				2
2025.12.05	02:19:37.873	0.93593	0.93602			6
2025.12.05	02:19:40.052		0.93603			4
2025.12.05	02:19:42.293	0.93594				2
2025.12.05	02:19:43.552		0.93604			4
2025.12.05	02:19:45.239	0.93595				2
2025.12.05	02:19:51.775	0.93594	0.93602			6
2025.12.05	02:20:00.153	0.93594				2
2025.12.05	02:20:01.044		0.93604			4
2025.12.05	02:20:39.578		0.93603			4
2025.12.05	02:20:41.305		0.93604			4
2025.12.05	02:20:41.818	0.93595				2
2025.12.05	02:20:51.084		0.93603			4
2025.12.05	02:20:57.991		0.93604			4
2025.12.05	02:21:02.430	0.93595				2
2025.12.05	02:21:03.277	0.93596				2
2025.12.05	02:21:06.884	0.93595				2
2025.12.05	02:21:34.508		0.93605			4
2025.12.05	02:21:36.517		0.93604			4
2025.12.05	02:21:45.070	0.93594	0.93603			6
2025.12.05	02:21:51.469		0.93604			4
2025.12.05	02:21:51.821	0.93595	0.93603			6
2025.12.05	02:21:56.666	0.93594				2
2025.12.05	02:22:00.605	0.93594				2
2025.12.05	02:22:05.833		0.93604			4
2025.12.05	02:22:09.653	0.93593	0.93602			6
2025.12.05	02:22:14.489		0.93603			4
2025.12.05	02:22:20.720	0.93594	0.93604			6
2025.12.05	02:22:23.114		0.93603			4
2025.12.05	02:22:25.260	0.93593				2
2025.12.05	02:22:30.903	0.93594	0.93604			6
2025.12.05	02:22:33.679		0.93603			4
2025.12.05	02:22:34.020		0.93604			4
2025.12.05	02:22:35.029		0.93603			4
2025.12.05	02:22:38.881	0.93595				2
2025.12.05	02:22:39.430	0.93593	0.93600			6
2025.12.05	02:22:40.817		0.93601			4
2025.12.05	02:22:41.633		0.93602			4
2025.12.05	02:22:41.992		0.93601			4
2025.12.05	02:22:42.801		0.93602			4
2025.12.05	02:22:43.804	0.93594				2
2025.12.05	02:22:45.414	0.93593	0.93603			6
2025.12.05	02:22:46.562		0.93604			4
2025.12.05	02:22:49.459	0.93594	0.93603			6
2025.12.05	02:23:00.819	0.93594				2
2025.12.05	02:23:17.863	0.93593				2
2025.12.05	02:23:19.590		0.93602			4
2025.12.05	02:23:21.662		0.93603			4
2025.12.05	02:23:22.032		0.93602			4
2025.12.05	02:23:30.457		0.93603			4
2025.12.05	02:23:41.702		0.93602			4
2025.12.05	02:23:51.074	0.93592				2
2025.12.05	02:23:52.272		0.93601			4
2025.12.05	02:23:54.559		0.93602			4
2025.12.05	02:24:01.604	0.93592	0.93601			6
2025.12.05	02:24:01.979		0.93602			4
2025.12.05	02:24:07.487		0.93601			4
2025.12.05	02:24:08.749		0.93599			4
2025.12.05	02:24:09.145		0.93601			4
2025.12.05	02:24:14.405		0.93602			4
2025.12.05	02:24:14.909	0.93591	0.93601			6
2025.12.05	02:24:21.719	0.93592	0.93600			6
2025.12.05	02:24:22.756	0.93591	0.93601			6
2025.12.05	02:24:23.790	0.93592	0.93600			6
2025.12.05	02:24:24.472		0.93601			4
2025.12.05	02:24:26.292	0.93593	0.93602			6
2025.12.05	02:24:27.949		0.93600			4
2025.12.05	02:24:28.884	0.93592	0.93602			6
2025.12.05	02:24:38.091	0.93593	0.93601			6
2025.12.05	02:24:41.166	0.93592				2
2025.12.05	02:24:43.039	0.93593				2
2025.12.05	02:24:45.421	0.93592				2
2025.12.05	02:24:52.866		0.93600			4
2025.12.05	02:24:56.434		0.93599			4
2025.12.05	02:24:56.750		0.93600			4
2025.12.05	02:25:00.412	0.93593	0.93599			6
2025.12.05	02:25:01.449		0.93603			4
2025.12.05	02:25:08.966		0.93601			4
2025.12.05	02:25:10.963	0.93592				2
2025.12.05	02:25:13.461		0.93599			4
2025.12.05	02:25:15.379		0.93600			4
2025.12.05	02:25:22.137		0.93599			4
2025.12.05	02:25:22.730		0.93600			4
2025.12.05	02:25:23.110		0.93599			4
2025.12.05	02:25:23.745		0.93600			4
2025.12.05	02:25:39.425		0.93602			4
2025.12.05	02:25:40.461	0.93593				2
2025.12.05	02:25:40.841	0.93592				2
2025.12.05	02:25:45.976	0.93593				2
2025.12.05	02:25:47.468	0.93592				2
2025.12.05	02:25:48.070	0.93593	0.93601			6
2025.12.05	02:25:49.174	0.93592	0.93602			6
2025.12.05	02:25:50.106	0.93593				2
2025.12.05	02:25:51.064		0.93601			4
2025.12.05	02:25:51.532	0.93592				2
2025.12.05	02:25:53.592	0.93593	0.93602			6
2025.12.05	02:26:00.590	0.93592	0.93601			6
2025.12.05	02:26:02.730	0.93593				2
2025.12.05	02:26:03.728		0.93602			4
2025.12.05	02:26:04.813	0.93592				2
2025.12.05	02:26:07.664		0.93601			4
2025.12.05	02:26:11.942		0.93600			4
2025.12.05	02:26:16.461	0.93591	0.93601			6
2025.12.05	02:26:16.862	0.93592				2
2025.12.05	02:26:21.085	0.93590	0.93597			6
2025.12.05	02:26:25.996		0.93598			4
2025.12.05	02:26:36.815	0.93591	0.93597			6
2025.12.05	02:26:37.304	0.93590	0.93598			6
2025.12.05	02:26:44.522		0.93599			4
2025.12.05	02:26:49.807	0.93591	0.93598			6
2025.12.05	02:26:52.078	0.93590	0.93599			6
2025.12.05	02:26:53.777	0.93591				2
2025.12.05	02:27:00.238	0.93591				2
2025.12.05	02:27:06.840		0.93598			4
2025.12.05	02:27:12.504		0.93599			4
2025.12.05	02:27:15.514	0.93590	0.93597			6
2025.12.05	02:27:16.470	0.93591	0.93598			6
2025.12.05	02:27:18.272	0.93590				2
2025.12.05	02:27:19.968	0.93591	0.93599			6
2025.12.05	02:27:26.059	0.93590				2
2025.12.05	02:27:26.530		0.93598			4
2025.12.05	02:27:27.747		0.93599			4
2025.12.05	02:27:29.373	0.93589	0.93598			6
2025.12.05	02:27:30.935		0.93597			4
2025.12.05	02:27:36.393	0.93588				2
2025.12.05	02:27:42.466		0.93596			4
2025.12.05	02:27:46.645		0.93597			4
2025.12.05	02:27:48.171	0.93589				2
2025.12.05	02:27:51.215		0.93594			4
2025.12.05	02:27:59.905		0.93593			4
2025.12.05	02:28:00.380	0.93589	0.93594			6
2025.12.05	02:28:01.014	0.93590				2
2025.12.05	02:28:02.193	0.93592	0.93596			6
2025.12.05	02:28:03.411		0.93600			4
2025.12.05	02:28:05.484	0.93591				2
2025.12.05	02:28:05.933	0.93592				2
2025.12.05	02:28:07.253	0.93586	0.93594			6
2025.12.05	02:28:17.262	0.93582	0.93592			6
2025.12.05	02:28:19.593	0.93583	0.93591			6
2025.12.05	02:28:22.388	0.93584	0.93593			6
2025.12.05	02:28:47.477		0.93591			4
2025.12.05	02:29:00.502	0.93584	0.93593			6
2025.12.05	02:29:01.207		0.93591			4
2025.12.05	02:29:01.682		0.93592			4
2025.12.05	02:29:12.236		0.93593			4
2025.12.05	02:29:25.495	0.93583	0.93590			6
2025.12.05	02:29:28.444	0.93586	0.93594			6
2025.12.05	02:29:28.748	0.93585	0.93593			6
2025.12.05	02:29:29.078		0.93594			4
2025.12.05	02:29:36.353	0.93584				2
2025.12.05	02:29:40.735	0.93585	0.93593			6
2025.12.05	02:29:45.011		0.93594			4
2025.12.05	02:29:59.001	0.93590	0.93596			6
2025.12.05	02:30:00.097	0.93590				2
2025.12.05	02:30:02.214	0.93589				2
2025.12.05	02:30:03.374	0.93592	0.93600			6
2025.12.05	02:30:03.680	0.93591	0.93599			6
2025.12.05	02:30:08.539		0.93598			4
2025.12.05	02:30:09.070	0.93592	0.93599			6
2025.12.05	02:30:11.174	0.93591				2
2025.12.05	02:30:11.480	0.93593	0.93602			6
2025.12.05	02:30:15.431		0.93600			4
2025.12.05	02:30:15.743	0.93592				2
2025.12.05	02:30:16.764	0.93593	0.93602			6
2025.12.05	02:30:17.509		0.93601			4
2025.12.05	02:30:17.899	0.93592				2
2025.12.05	02:30:18.244	0.93593				2
2025.12.05	02:30:21.695	0.93596	0.93604			6
2025.12.05	02:30:23.582	0.93595	0.93603			6
2025.12.05	02:30:23.898	0.93593	0.93602			6
2025.12.05	02:30:24.203	0.93596	0.93603			6
2025.12.05	02:30:24.537	0.93597				2
2025.12.05	02:30:26.308	0.93596				2
2025.12.05	02:30:26.615	0.93597	0.93602			6
2025.12.05	02:30:27.214	0.93596				2
2025.12.05	02:30:27.623	0.93597				2
2025.12.05	02:30:28.606		0.93604			4
2025.12.05	02:30:32.930	0.93598				2
2025.12.05	02:30:34.170	0.93597				2
2025.12.05	02:30:39.198		0.93603			4
2025.12.05	02:30:39.519	0.93592	0.93600			6
2025.12.05	02:30:40.575		0.93599			4
2025.12.05	02:30:44.633		0.93598			4
2025.12.05	02:30:45.674	0.93593	0.93600			6
2025.12.05	02:30:49.038		0.93599			4
2025.12.05	02:30:49.502		0.93600			4
2025.12.05	02:30:54.812		0.93599			4
2025.12.05	02:31:00.417	0.93593				2
2025.12.05	02:31:02.498		0.93600			4
2025.12.05	02:31:03.002	0.93591	0.93598			6
2025.12.05	02:31:04.422	0.93590				2
2025.12.05	02:31:05.429	0.93591				2
2025.12.05	02:31:09.883	0.93590				2
2025.12.05	02:31:10.214	0.93591				2
2025.12.05	02:31:15.378		0.93599			4
2025.12.05	02:31:15.789	0.93590	0.93598			6
2025.12.05	02:31:23.099	0.93591				2
2025.12.05	02:31:24.561	0.93590				2
2025.12.05	02:31:30.781	0.93591	0.93599			6
2025.12.05	02:31:42.021	0.93590	0.93598			6
2025.12.05	02:31:42.814		0.93599			4
2025.12.05	02:31:43.949	0.93591				2
2025.12.05	02:31:50.529		0.93598			4
2025.12.05	02:31:50.896		0.93599			4
2025.12.05	02:31:55.404	0.93592	0.93600			6
2025.12.05	02:31:55.818	0.93591	0.93601			6
2025.12.05	02:31:56.976		0.93600			4
2025.12.05	02:31:58.692	0.93589	0.93598			6
2025.12.05	02:32:00.436	0.93589				2
2025.12.05	02:32:00.788	0.93590				2
2025.12.05	02:32:04.788		0.93596			4
2025.12.05	02:32:05.410	0.93588	0.93595			6
2025.12.05	02:32:06.581		0.93596			4
2025.12.05	02:32:15.382	0.93589				2
2025.12.05	02:32:15.913	0.93588				2
2025.12.05	02:32:17.167	0.93587				2
2025.12.05	02:32:17.679		0.93598			4
2025.12.05	02:32:19.379	0.93588				2
2025.12.05	02:32:19.899		0.93597			4
2025.12.05	02:32:21.314		0.93598			4
2025.12.05	02:32:32.184	0.93589				2
2025.12.05	02:32:34.432		0.93596			4
2025.12.05	02:32:35.290	0.93588				2
2025.12.05	02:32:39.413	0.93589	0.93597			6
2025.12.05	02:32:44.654	0.93588	0.93596			6
2025.12.05	02:32:46.362	0.93591	0.93597			6
2025.12.05	02:32:47.102	0.93592				2
2025.12.05	02:32:47.830	0.93591				2
2025.12.05	02:32:48.829	0.93585	0.93594			6
2025.12.05	02:32:49.194		0.93593			4
2025.12.05	02:32:51.208	0.93584				2
2025.12.05	02:32:53.148		0.93592			4
2025.12.05	02:32:54.106		0.93594			4
2025.12.05	02:32:56.268	0.93585				2
2025.12.05	02:32:56.936	0.93584				2
2025.12.05	02:32:58.127	0.93585				2
2025.12.05	02:32:58.442	0.93583	0.93593			6
2025.12.05	02:33:00.378	0.93584				2
2025.12.05	02:33:01.948	0.93587	0.93594			6
2025.12.05	02:33:02.250	0.93584	0.93593			6
2025.12.05	02:33:06.884	0.93587	0.93596			6
2025.12.05	02:33:07.897	0.93588				2
2025.12.05	02:33:11.104	0.93587				2
2025.12.05	02:33:11.730	0.93588				2
2025.12.05	02:33:13.023	0.93586				2
2025.12.05	02:33:18.081	0.93585				2
2025.12.05	02:33:25.335	0.93586				2
2025.12.05	02:33:27.004	0.93587				2
2025.12.05	02:33:27.329	0.93586				2
2025.12.05	02:33:38.472	0.93587				2
2025.12.05	02:33:43.080	0.93586				2
2025.12.05	02:33:44.480	0.93587				2
2025.12.05	02:33:53.830	0.93588				2
2025.12.05	02:33:55.777	0.93586				2
2025.12.05	02:33:56.157		0.93595			4
2025.12.05	02:33:58.190		0.93596			4
2025.12.05	02:34:01.582	0.93587				2
2025.12.05	02:34:02.720	0.93586				2
2025.12.05	02:34:08.527	0.93588				2
2025.12.05	02:34:08.838	0.93587				2
2025.12.05	02:34:10.252	0.93586				2
2025.12.05	02:34:12.067	0.93587				2
2025.12.05	02:34:28.562	0.93586	0.93595			6
2025.12.05	02:34:29.724		0.93596			4
2025.12.05	02:34:32.159	0.93585	0.93595			6
2025.12.05	02:34:34.521	0.93586	0.93596			6
2025.12.05	02:34:35.235	0.93587				2
2025.12.05	02:34:37.071	0.93586	0.93595			6
2025.12.05	02:34:41.231		0.93594			4
2025.12.05	02:34:41.557		0.93596			4
2025.12.05	02:34:42.451	0.93584	0.93595			6
2025.12.05	02:34:42.821		0.93594			4
2025.12.05	02:34:43.891	0.93585	0.93595			6
2025.12.05	02:34:44.239		0.93594			4
2025.12.05	02:34:44.989	0.93584	0.93593			6
2025.12.05	02:34:48.020		0.93594			4
2025.12.05	02:34:51.418	0.93585				2
2025.12.05	02:34:51.886		0.93595			4
2025.12.05	02:34:54.302		0.93594			4
2025.12.05	02:34:58.324		0.93595			4
2025.12.05	02:34:59.275		0.93594			4
2025.12.05	02:35:00.928	0.93585	0.93595			6
2025.12.05	02:35:01.262	0.93586				2
2025.12.05	02:35:03.633		0.93596			4
2025.12.05	02:35:09.925	0.93587				2
2025.12.05	02:35:11.940	0.93585	0.93594			6
2025.12.05	02:35:12.261		0.93595			4
2025.12.05	02:35:18.954	0.93584	0.93594			6
2025.12.05	02:35:23.361		0.93593			4
2025.12.05	02:35:23.705	0.93585	0.93594			6
2025.12.05	02:35:25.998	0.93583	0.93592			6
2025.12.05	02:35:26.394	0.93584	0.93593			6
2025.12.05	02:35:28.459	0.93583	0.93592			6
2025.12.05	02:35:28.983	0.93584	0.93593			6
2025.12.05	02:35:30.094	0.93583				2
2025.12.05	02:35:43.383	0.93584				2
2025.12.05	02:35:47.825	0.93585				2
2025.12.05	02:35:52.136	0.93584				2
2025.12.05	02:35:52.636	0.93585				2
2025.12.05	02:35:52.938	0.93584				2
2025.12.05	02:35:53.739	0.93585				2
2025.12.05	02:35:55.969		0.93594			4
2025.12.05	02:35:59.493		0.93595			4
2025.12.05	02:35:59.926		0.93594			4
2025.12.05	02:36:00.630	0.93585	0.93595			6
2025.12.05	02:36:00.937	0.93584	0.93593			6
2025.12.05	02:36:01.678	0.93585				2
2025.12.05	02:36:02.325	0.93584				2
2025.12.05	02:36:03.992	0.93583	0.93592			6
2025.12.05	02:36:06.629	0.93584				2
2025.12.05	02:36:08.095		0.93593			4
2025.12.05	02:36:08.435		0.93592			4
2025.12.05	02:36:15.373		0.93593			4
2025.12.05	02:36:16.047	0.93583				2
2025.12.05	02:36:16.690		0.93592			4
2025.12.05	02:36:17.533		0.93593			4
2025.12.05	02:36:28.870	0.93585				2
2025.12.05	02:36:30.450		0.93592			4
2025.12.05	02:36:30.972	0.93584				2
2025.12.05	02:36:31.615	0.93585	0.93595			6
2025.12.05	02:36:40.515		0.93594			4
2025.12.05	02:36:44.307	0.93584				2
2025.12.05	02:36:54.752	0.93585				2
2025.12.05	02:36:56.279		0.93593			4
2025.12.05	02:36:58.239	0.93584	0.93594			6
2025.12.05	02:37:00.608	0.93584				2
2025.12.05	02:37:02.324		0.93593			4
2025.12.05	02:37:02.697		0.93594			4
2025.12.05	02:37:05.743	0.93585				2
2025.12.05	02:37:12.885	0.93584	0.93593			6
2025.12.05	02:37:25.922	0.93585	0.93592			6
2025.12.05	02:37:26.682	0.93584				2
2025.12.05	02:37:29.238	0.93585	0.93593			6
2025.12.05	02:37:37.835	0.93582	0.93592			6
2025.12.05	02:37:38.139		0.93591			4
2025.12.05	02:37:40.793	0.93583	0.93592			6
2025.12.05	02:37:41.109		0.93593			4
2025.12.05	02:37:42.813	0.93584	0.93592			6
2025.12.05	02:37:44.091	0.93583	0.93593			6
2025.12.05	02:37:46.898	0.93585				2
2025.12.05	02:37:47.266		0.93594			4
2025.12.05	02:37:57.235		0.93593			4
2025.12.05	02:38:00.466	0.93584				2
2025.12.05	02:38:02.907		0.93594			4
2025.12.05	02:38:03.233	0.93585				2
2025.12.05	02:38:06.373		0.93593			4
2025.12.05	02:38:11.451		0.93594			4
2025.12.05	02:38:12.284	0.93584				2
2025.12.05	02:38:12.610	0.93585				2
2025.12.05	02:38:13.582	0.93584	0.93593			6
2025.12.05	02:38:13.965	0.93585	0.93594			6
2025.12.05	02:38:14.700	0.93584				2
2025.12.05	02:38:16.799		0.93593			4
2025.12.05	02:38:17.740	0.93585	0.93594			6
2025.12.05	02:38:20.209		0.93593			4
2025.12.05	02:38:23.022	0.93584	0.93594			6
2025.12.05	02:38:23.595		0.93593			4
2025.12.05	02:38:25.308	0.93583				2
2025.12.05	02:38:26.133	0.93584				2
2025.12.05	02:38:37.903	0.93583				2
2025.12.05	02:38:38.908	0.93584	0.93592			6
2025.12.05	02:38:43.173	0.93583	0.93593			6
2025.12.05	02:38:43.656	0.93584				2
2025.12.05	02:38:46.184	0.93583	0.93592			6
2025.12.05	02:38:46.707		0.93593			4
2025.12.05	02:38:47.722		0.93592			4
2025.12.05	02:38:48.025	0.93582				2
2025.12.05	02:38:48.376	0.93583				2
2025.12.05	02:38:50.481		0.93593			4
2025.12.05	02:38:51.761		0.93592			4
2025.12.05	02:38:52.169		0.93593			4
2025.12.05	02:38:52.876		0.93592			4
2025.12.05	02:38:53.201		0.93593			4
2025.12.05	02:38:54.236		0.93592			4
2025.12.05	02:39:00.136	0.93582				2
2025.12.05	02:39:01.359	0.93583				2
2025.12.05	02:39:13.191	0.93582				2
2025.12.05	02:39:15.861	0.93583				2
2025.12.05	02:39:16.793	0.93584	0.93593			6
2025.12.05	02:39:23.389	0.93583				2
2025.12.05	02:39:24.979	0.93582	0.93592			6
2025.12.05	02:39:25.287		0.93591			4
2025.12.05	02:39:25.599	0.93583				2
2025.12.05	02:39:25.918		0.93592			4
2025.12.05	02:39:41.867		0.93593			4
2025.12.05	02:39:48.053		0.93592			4
2025.12.05	02:39:51.279		0.93591			4
2025.12.05	02:39:51.748		0.93593			4
2025.12.05	02:39:56.282		0.93592			4
2025.12.05	02:39:59.973		0.93593			4
2025.12.05	02:40:00.398	0.93583				2
2025.12.05	02:40:01.494		0.93592			4
2025.12.05	02:40:01.813	0.93582				2
2025.12.05	02:40:06.852	0.93583	0.93591			6
2025.12.05	02:40:07.157		0.93592			4
2025.12.05	02:40:09.139	0.93582				2
2025.12.05	02:40:09.471	0.93583				2
2025.12.05	02:40:15.517	0.93584				2
2025.12.05	02:40:15.897	0.93583				2
2025.12.05	02:40:28.356		0.93591			4
2025.12.05	02:40:29.009		0.93592			4
2025.12.05	02:40:33.744	0.93582	0.93591			6
2025.12.05	02:40:42.153		0.93590			4
2025.12.05	02:40:45.930		0.93591			4
2025.12.05	02:40:48.877		0.93590			4
2025.12.05	02:40:49.981	0.93581				2
2025.12.05	02:40:54.037	0.93582	0.93591			6
2025.12.05	02:40:55.065		0.93590			4
2025.12.05	02:40:59.909	0.93581				2
2025.12.05	02:41:01.160	0.93582	0.93591			6
2025.12.05	02:41:01.571	0.93580	0.93590			6
2025.12.05	02:41:02.134	0.93581	0.93591			6
2025.12.05	02:41:02.438	0.93582				2
2025.12.05	02:41:02.789	0.93581				2
2025.12.05	02:41:06.838		0.93590			4
2025.12.05	02:41:09.354	0.93582	0.93591			6
2025.12.05	02:41:13.443		0.93590			4
2025.12.05	02:41:15.991	0.93583	0.93591			6
2025.12.05	02:41:16.611	0.93582				2
2025.12.05	02:41:17.539	0.93581	0.93590			6
2025.12.05	02:41:23.075	0.93582				2
2025.12.05	02:41:28.983		0.93591			4
2025.12.05	02:41:30.457		0.93590			4
2025.12.05	02:41:41.764	0.93581	0.93589			6
2025.12.05	02:41:42.457		0.93588			4
2025.12.05	02:41:56.605		0.93590			4
2025.12.05	02:41:56.938		0.93589			4
2025.12.05	02:41:58.723	0.93582	0.93590			6
2025.12.05	02:41:59.039		0.93589			4
2025.12.05	02:41:59.402		0.93590			4
2025.12.05	02:42:00.700	0.93582	0.93589			6
2025.12.05	02:42:04.847	0.93583	0.93592			6
2025.12.05	02:42:06.297		0.93591			4
2025.12.05	02:42:08.682	0.93582	0.93590			6
2025.12.05	02:42:15.451	0.93583				2
2025.12.05	02:42:19.103	0.93584	0.93593			6
2025.12.05	02:42:22.457	0.93585				2
2025.12.05	02:42:23.759	0.93586	0.93595			6
2025.12.05	02:42:31.444	0.93589	0.93596			6
2025.12.05	02:42:33.222	0.93588	0.93597			6
2025.12.05	02:42:38.077		0.93596			4
2025.12.05	02:42:39.285	0.93589				2
2025.12.05	02:42:46.586		0.93597			4
2025.12.05	02:42:56.305	0.93591	0.93598			6
2025.12.05	02:43:00.625	0.93591				2
2025.12.05	02:43:08.446	0.93589	0.93596			6
2025.12.05	02:43:08.789	0.93591	0.93598			6
2025.12.05	02:43:21.067	0.93588	0.93594			6
2025.12.05	02:43:22.755	0.93589	0.93595			6
2025.12.05	02:43:27.060		0.93596			4
2025.12.05	02:43:37.265	0.93588				2
2025.12.05	02:43:38.190	0.93587				2
2025.12.05	02:43:38.628		0.93594			4
2025.12.05	02:43:42.388		0.93596			4
2025.12.05	02:43:43.923		0.93595			4
2025.12.05	02:43:45.835		0.93596			4
2025.12.05	02:43:47.639	0.93588				2
2025.12.05	02:43:47.998	0.93590				2
2025.12.05	02:43:49.181		0.93598			4
2025.12.05	02:43:59.775	0.93592	0.93599			6
2025.12.05	02:44:00.079	0.93592				2
2025.12.05	02:44:00.790	0.93591				2
2025.12.05	02:44:03.220	0.93589	0.93598			6
2025.12.05	02:44:06.339	0.93590				2
2025.12.05	02:44:07.428	0.93589				2
2025.12.05	02:44:09.425	0.93590				2
2025.12.05	02:44:14.918	0.93591				2
2025.12.05	02:44:23.388	0.93589	0.93596			6
2025.12.05	02:44:29.018	0.93588				2
2025.12.05	02:44:34.354	0.93589	0.93597			6
2025.12.05	02:44:36.426	0.93591	0.93600			6
2025.12.05	02:44:37.161	0.93590	0.93599			6
2025.12.05	02:44:38.502		0.93598			4
2025.12.05	02:44:38.818		0.93597			4
2025.12.05	02:44:39.161		0.93598			4
2025.12.05	02:44:45.273		0.93597			4
2025.12.05	02:44:49.869	0.93588				2
2025.12.05	02:44:51.612	0.93591	0.93600			6
2025.12.05	02:44:55.572	0.93592				2
2025.12.05	02:44:59.682	0.93593	0.93601			6
2025.12.05	02:45:00.712	0.93592				2
2025.12.05	02:45:01.074	0.93593				2
2025.12.05	02:45:04.435	0.93591	0.93600			6
2025.12.05	02:45:09.883	0.93592	0.93599			6
2025.12.05	02:45:14.396	0.93591	0.93600			6
2025.12.05	02:45:24.639	0.93592	0.93599			6
2025.12.05	02:45:30.704		0.93600			4
2025.12.05	02:45:36.811		0.93599			4
2025.12.05	02:45:42.576	0.93591				2
2025.12.05	02:45:45.229		0.93598			4
2025.12.05	02:45:47.973	0.93590	0.93599			6
2025.12.05	02:45:49.462		0.93600			4
2025.12.05	02:45:50.006	0.93591				2
2025.12.05	02:45:51.499		0.93599			4
2025.12.05	02:45:52.122	0.93590				2
2025.12.05	02:45:57.913	0.93591	0.93601			6
2025.12.05	02:45:59.301	0.93592				2
2025.12.05	02:46:00.412	0.93592	0.93599			6
2025.12.05	02:46:00.776	0.93591	0.93600			6
2025.12.05	02:46:01.120	0.93590	0.93599			6
2025.12.05	02:46:03.177	0.93591	0.93600			6
2025.12.05	02:46:04.173	0.93590	0.93599			6
2025.12.05	02:46:05.236		0.93600			4
2025.12.05	02:46:05.871		0.93599			4
2025.12.05	02:46:10.023	0.93589				2
2025.12.05	02:46:19.825	0.93590	0.93598			6
2025.12.05	02:46:20.477		0.93599			4
2025.12.05	02:46:21.662		0.93598			4
2025.12.05	02:46:22.071	0.93592	0.93600			6
2025.12.05	02:46:22.630	0.93590				2
2025.12.05	02:46:22.936		0.93599			4
2025.12.05	02:46:23.947	0.93591				2
2025.12.05	02:46:24.297	0.93592	0.93600			6
2025.12.05	02:46:25.358	0.93589	0.93597			6
2025.12.05	02:46:25.702	0.93592	0.93599			6
2025.12.05	02:46:26.020	0.93591	0.93600			6
2025.12.05	02:46:31.284	0.93590				2
2025.12.05	02:46:36.801	0.93591	0.93599			6
2025.12.05	02:46:37.635	0.93590				2
2025.12.05	02:46:38.478		0.93600			4
2025.12.05	02:46:39.074		0.93598			4
2025.12.05	02:46:50.758		0.93597			4
2025.12.05	02:46:51.212	0.93589	0.93598			6
2025.12.05	02:46:58.689	0.93590	0.93599			6
2025.12.05	02:46:59.152		0.93598			4
2025.12.05	02:47:02.710	0.93590				2
2025.12.05	02:47:11.408		0.93599			4
2025.12.05	02:47:18.273		0.93598			4
2025.12.05	02:47:21.319	0.93591				2
2025.12.05	02:47:24.318	0.93590				2
2025.12.05	02:47:31.902	0.93591				2
2025.12.05	02:47:35.057	0.93590				2
2025.12.05	02:47:39.194	0.93585	0.93593			6
2025.12.05	02:47:39.945		0.93594			4
2025.12.05	02:47:40.305	0.93586				2
2025.12.05	02:47:40.618	0.93583	0.93591			6
2025.12.05	02:47:41.114		0.93593			4
2025.12.05	02:47:41.595	0.93584				2
2025.12.05	02:47:48.273	0.93585				2
2025.12.05	02:47:48.579		0.93595			4
2025.12.05	02:47:49.323	0.93586				2
2025.12.05	02:47:53.711	0.93582	0.93590			6
2025.12.05	02:47:56.014	0.93583	0.93591			6
2025.12.05	02:47:56.541	0.93582				2
2025.12.05	02:47:57.257	0.93583				2
2025.12.05	02:47:59.056	0.93584				2
2025.12.05	02:48:00.282	0.93584				2
2025.12.05	02:48:01.905	0.93583				2
2025.12.05	02:48:09.827	0.93584				2
2025.12.05	02:48:10.140	0.93583				2
2025.12.05	02:48:11.685	0.93584	0.93592			6
2025.12.05	02:48:12.581	0.93583	0.93590			6
2025.12.05	02:48:13.020	0.93582				2
2025.12.05	02:48:20.751	0.93581	0.93589			6
2025.12.05	02:48:21.770	0.93582	0.93590			6
2025.12.05	02:48:22.974	0.93581				2
2025.12.05	02:48:23.654	0.93582				2
2025.12.05	02:48:26.221		0.93591			4
2025.12.05	02:48:26.541		0.93590			4
2025.12.05	02:48:31.133		0.93591			4
2025.12.05	02:48:39.291	0.93583				2
2025.12.05	02:48:48.881	0.93584				2
2025.12.05	02:48:50.676	0.93582				2
2025.12.05	02:48:51.047	0.93583				2
2025.12.05	02:48:52.282	0.93584				2
2025.12.05	02:48:54.642	0.93583				2
2025.12.05	02:48:54.962	0.93584	0.93592			6
2025.12.05	02:48:58.490	0.93583				2
2025.12.05	02:48:59.166	0.93584				2
2025.12.05	02:48:59.618	0.93583				2
2025.12.05	02:49:00.164	0.93585	0.93593			6
2025.12.05	02:49:00.603	0.93584	0.93592			6
2025.12.05	02:49:02.101	0.93583				2
2025.12.05	02:49:03.352	0.93585				2
2025.12.05	02:49:06.134	0.93584				2
2025.12.05	02:49:06.464	0.93583				2
2025.12.05	02:49:12.109	0.93581	0.93590			6
2025.12.05	02:49:12.419		0.93589			4
2025.12.05	02:49:12.796		0.93590			4
2025.12.05	02:49:13.605	0.93583				2
2025.12.05	02:49:28.441	0.93582				2
2025.12.05	02:49:35.188	0.93583				2
2025.12.05	02:49:36.423	0.93581	0.93589			6
2025.12.05	02:49:40.948		0.93590			4
2025.12.05	02:49:41.747	0.93582				2
2025.12.05	02:49:42.188	0.93581				2
2025.12.05	02:49:43.778		0.93589			4
2025.12.05	02:49:53.070	0.93582	0.93590			6
2025.12.05	02:49:55.323	0.93581				2
2025.12.05	02:49:55.736	0.93582				2
2025.12.05	02:49:57.615	0.93581				2
2025.12.05	02:49:58.463		0.93589			4
2025.12.05	02:49:59.057	0.93582				2
2025.12.05	02:50:00.461	0.93582	0.93590			6
2025.12.05	02:50:03.257		0.93591			4
2025.12.05	02:50:06.662	0.93580	0.93587			6
2025.12.05	02:50:06.985		0.93588			4
2025.12.05	02:50:07.425		0.93586			4
2025.12.05	02:50:08.665	0.93579	0.93587			6
2025.12.05	02:50:09.127	0.93580	0.93589			6
2025.12.05	02:50:14.297		0.93588			4
2025.12.05	02:50:21.612	0.93581				2
2025.12.05	02:50:26.704		0.93587			4
2025.12.05	02:50:31.580		0.93589			4
2025.12.05	02:50:33.300	0.93584				2
2025.12.05	02:50:33.684	0.93583	0.93590			6
2025.12.05	02:50:34.700		0.93589			4
2025.12.05	02:50:37.449		0.93590			4
2025.12.05	02:50:39.031	0.93584				2
2025.12.05	02:50:39.335		0.93589			4
2025.12.05	02:50:39.841		0.93590			4
2025.12.05	02:50:41.273		0.93589			4
2025.12.05	02:50:43.669		0.93590			4
2025.12.05	02:50:44.040	0.93582	0.93589			6
2025.12.05	02:50:44.372	0.93583				2
2025.12.05	02:50:45.152	0.93582				2
2025.12.05	02:50:50.257		0.93588			4
2025.12.05	02:50:52.186		0.93589			4
2025.12.05	02:50:55.945	0.93581	0.93588			6
2025.12.05	02:50:57.572	0.93582	0.93587			6
2025.12.05	02:51:00.429	0.93582				2
2025.12.05	02:51:02.495		0.93588			4
2025.12.05	02:51:04.203		0.93591			4
2025.12.05	02:51:06.032	0.93583				2
2025.12.05	02:51:32.422		0.93592			4
2025.12.05	02:51:42.899		0.93591			4
2025.12.05	02:51:43.871		0.93592			4
2025.12.05	02:51:46.946	0.93584	0.93593			6
2025.12.05	02:51:50.790	0.93585	0.93592			6
2025.12.05	02:51:51.098		0.93593			4
2025.12.05	02:51:51.441		0.93592			4
2025.12.05	02:51:52.324		0.93593			4
2025.12.05	02:52:00.220	0.93585				2
2025.12.05	02:52:11.880		0.93592			4
2025.12.05	02:52:15.369	0.93586	0.93595			6
2025.12.05	02:52:17.661	0.93585	0.93592			6
2025.12.05	02:52:18.653		0.93593			4
2025.12.05	02:52:27.285		0.93594			4
2025.12.05	02:52:29.527		0.93593			4
2025.12.05	02:52:40.742	0.93584				2
2025.12.05	02:52:41.439		0.93592			4
2025.12.05	02:52:46.285	0.93583				2
2025.12.05	02:52:46.848	0.93582				2
2025.12.05	02:52:47.527		0.93590			4
2025.12.05	02:52:47.851		0.93591			4
2025.12.05	02:52:49.474	0.93584				2
2025.12.05	02:52:50.448	0.93583				2
2025.12.05	02:52:51.748	0.93584				2
2025.12.05	02:52:55.039	0.93582	0.93589			6
2025.12.05	02:52:55.369		0.93590			4
2025.12.05	02:52:55.681	0.93583	0.93589			6
2025.12.05	02:52:56.515	0.93582	0.93591			6
2025.12.05	02:52:57.422		0.93590			4
2025.12.05	02:52:59.230		0.93591			4
2025.12.05	02:52:59.637		0.93589			4
2025.12.05	02:53:00.176	0.93583	0.93591			6
2025.12.05	02:53:00.935		0.93592			4
2025.12.05	02:53:02.348		0.93591			4
2025.12.05	02:53:03.776	0.93582				2
2025.12.05	02:53:05.540	0.93581	0.93589			6
2025.12.05	02:53:06.317		0.93590			4
2025.12.05	02:53:07.245		0.93589			4
2025.12.05	02:53:11.501	0.93580				2
2025.12.05	02:53:20.960		0.93588			4
2025.12.05	02:53:23.068		0.93589			4
2025.12.05	02:53:23.396		0.93588			4
2025.12.05	02:53:25.774		0.93589			4
2025.12.05	02:53:28.493	0.93581				2
2025.12.05	02:53:30.148	0.93580				2
2025.12.05	02:53:34.281	0.93581	0.93590			6
2025.12.05	02:53:34.797		0.93591			4
2025.12.05	02:53:35.867		0.93590			4
2025.12.05	02:53:37.238	0.93580	0.93589			6
2025.12.05	02:53:37.756	0.93584	0.93593			6
2025.12.05	02:53:39.764	0.93585				2
2025.12.05	02:53:56.520		0.93592			4
2025.12.05	02:53:57.425	0.93584	0.93593			6
2025.12.05	02:54:00.534	0.93584				2
2025.12.05	02:54:00.926	0.93583	0.93592			6
2025.12.05	02:54:09.221		0.93591			4
2025.12.05	02:54:09.727		0.93592			4
2025.12.05	02:54:10.815	0.93584	0.93593			6
2025.12.05	02:54:12.325	0.93587	0.93596			6
2025.12.05	02:54:14.859	0.93586	0.93595			6
2025.12.05	02:54:15.499		0.93594			4
2025.12.05	02:54:16.450	0.93585				2
2025.12.05	02:54:21.094	0.93586	0.93595			6
2025.12.05	02:54:21.406	0.93585	0.93594			6
2025.12.05	02:54:22.268		0.93593			4
2025.12.05	02:54:22.717		0.93594			4
2025.12.05	02:54:23.093	0.93584	0.93593			6
2025.12.05	02:54:25.675	0.93585	0.93595			6
2025.12.05	02:54:26.427	0.93586				2
2025.12.05	02:54:27.034	0.93584	0.93594			6
2025.12.05	02:54:27.392	0.93586	0.93595			6
2025.12.05	02:54:28.452		0.93594			4
2025.12.05	02:54:33.517	0.93583	0.93592			6
2025.12.05	02:54:33.989		0.93593			4
2025.12.05	02:54:35.487		0.93592			4
2025.12.05	02:54:35.791		0.93593			4
2025.12.05	02:54:37.322		0.93592			4
2025.12.05	02:54:37.639	0.93582				2
2025.12.05	02:54:38.427	0.93583				2
2025.12.05	02:54:39.599	0.93582				2
2025.12.05	02:54:39.915	0.93583				2
2025.12.05	02:54:40.249	0.93582				2
2025.12.05	02:54:41.283	0.93581				2
2025.12.05	02:54:41.630	0.93582				2
2025.12.05	02:54:42.921		0.93591			4
2025.12.05	02:54:43.492		0.93590			4
2025.12.05	02:54:43.797		0.93591			4
2025.12.05	02:54:45.189		0.93592			4
2025.12.05	02:54:45.766	0.93581	0.93591			6
2025.12.05	02:54:46.708		0.93590			4
2025.12.05	02:54:47.028		0.93591			4
2025.12.05	02:54:47.544		0.93590			4
2025.12.05	02:54:48.362	0.93582	0.93591			6
2025.12.05	02:54:49.138	0.93583	0.93592			6
2025.12.05	02:54:51.292	0.93582				2
2025.12.05	02:54:51.946	0.93583				2
2025.12.05	02:54:52.510		0.93593			4
2025.12.05	02:54:53.002	0.93582	0.93592			6
2025.12.05	02:54:53.461	0.93583				2
2025.12.05	02:54:54.064		0.93593			4
2025.12.05	02:54:54.453	0.93585	0.93594			6
2025.12.05	02:54:54.956	0.93587	0.93595			6
2025.12.05	02:54:55.353	0.93588	0.93596			6
2025.12.05	02:54:55.721		0.93597			4
2025.12.05	02:54:56.472		0.93598			4
2025.12.05	02:54:56.843	0.93587	0.93597			6
2025.12.05	02:54:57.158		0.93598			4
2025.12.05	02:54:58.110	0.93588	0.93597			6
2025.12.05	02:54:58.562	0.93587	0.93596			6
2025.12.05	02:54:59.443	0.93582	0.93591			6
2025.12.05	02:54:59.758	0.93584	0.93594			6
2025.12.05	02:55:00.336	0.93585				2
2025.12.05	02:55:00.665		0.93593			4
2025.12.05	02:55:01.244	0.93586	0.93595			6
2025.12.05	02:55:02.052	0.93585	0.93594			6
2025.12.05	02:55:04.252		0.93593			4
2025.12.05	02:55:04.798	0.93584	0.93594			6
2025.12.05	02:55:07.230	0.93585	0.93593			6
2025.12.05	02:55:07.815	0.93584	0.93594			6
2025.12.05	02:55:08.802	0.93586	0.93593			6
2025.12.05	02:55:09.441		0.93594			4
2025.12.05	02:55:10.224		0.93595			4
2025.12.05	02:55:10.880	0.93587				2
2025.12.05	02:55:11.206		0.93597			4
2025.12.05	02:55:12.413	0.93586	0.93596			6
2025.12.05	02:55:14.517		0.93594			4
2025.12.05	02:55:17.509	0.93585				2
2025.12.05	02:55:20.126	0.93587	0.93597			6
2025.12.05	02:55:22.187	0.93588				2
2025.12.05	02:55:23.333	0.93587				2
2025.12.05	02:55:23.638	0.93588				2
2025.12.05	02:55:26.077		0.93596			4
2025.12.05	02:55:26.467		0.93597			4
2025.12.05	02:55:27.740	0.93587	0.93595			6
2025.12.05	02:55:30.760	0.93588				2
2025.12.05	02:55:31.279	0.93587	0.93597			6
2025.12.05	02:55:31.617	0.93586	0.93594			6
2025.12.05	02:55:33.521		0.93595			4
2025.12.05	02:55:34.009		0.93594			4
2025.12.05	02:55:34.700	0.93585				2
2025.12.05	02:55:39.699	0.93587	0.93595			6
2025.12.05	02:55:40.894	0.93586				2
2025.12.05	02:55:42.955		0.93594			4
2025.12.05	02:55:43.502	0.93587	0.93596			6
2025.12.05	02:55:43.815		0.93595			4
2025.12.05	02:55:45.487	0.93586	0.93594			6
2025.12.05	02:55:49.939	0.93587	0.93595			6
2025.12.05	02:55:50.377		0.93594			4
2025.12.05	02:55:50.704	0.93586	0.93595			6
2025.12.05	02:55:51.114	0.93587				2
2025.12.05	02:55:52.531		0.93596			4
2025.12.05	02:55:53.150	0.93586	0.93594			6
2025.12.05	02:55:53.560		0.93595			4
2025.12.05	02:55:56.018		0.93594			4
2025.12.05	02:55:56.363	0.93585				2
2025.12.05	02:55:56.668	0.93586	0.93595			6
2025.12.05	02:55:59.958	0.93587				2
2025.12.05	02:56:00.761	0.93586				2
2025.12.05	02:56:05.514	0.93587				2
2025.12.05	02:56:06.007	0.93589	0.93597			6
2025.12.05	02:56:08.790	0.93590				2
2025.12.05	02:56:14.261	0.93589				2
2025.12.05	02:56:20.416		0.93598			4
2025.12.05	02:56:20.721	0.93590				2
2025.12.05	02:56:25.186		0.93597			4
2025.12.05	02:56:26.380		0.93598			4
2025.12.05	02:56:26.774		0.93597			4
2025.12.05	02:56:28.195		0.93598			4
2025.12.05	02:56:30.881	0.93589	0.93597			6
2025.12.05	02:56:31.386		0.93596			4
2025.12.05	02:56:31.961		0.93597			4
2025.12.05	02:56:32.351		0.93596			4
2025.12.05	02:56:33.256	0.93588	0.93597			6
2025.12.05	02:56:40.429	0.93589	0.93596			6
2025.12.05	02:56:40.755	0.93588				2
2025.12.05	02:56:42.451	0.93587				2
2025.12.05	02:56:46.773	0.93586	0.93594			6
2025.12.05	02:56:47.249	0.93585				2
2025.12.05	02:56:49.785		0.93595			4
2025.12.05	02:56:50.377	0.93586	0.93593			6
2025.12.05	02:56:50.721		0.93595			4
2025.12.05	02:56:53.182	0.93587				2
2025.12.05	02:57:02.012	0.93587				2
2025.12.05	02:57:07.394	0.93586				2
2025.12.05	02:57:07.710	0.93587				2
2025.12.05	02:57:09.410	0.93586	0.93594			6
2025.12.05	02:57:11.267	0.93585				2
2025.12.05	02:57:13.476		0.93592			4
2025.12.05	02:57:14.200		0.93593			4
2025.12.05	02:57:14.645	0.93586				2
2025.12.05	02:57:17.717		0.93594			4
2025.12.05	02:57:19.375	0.93584	0.93593			6
2025.12.05	02:57:21.084		0.93592			4
2025.12.05	02:57:21.572		0.93593			4
2025.12.05	02:57:24.111		0.93592			4
2025.12.05	02:57:30.397	0.93586	0.93595			6
2025.12.05	02:57:30.700	0.93585				2
2025.12.05	02:57:32.645	0.93586				2
2025.12.05	02:57:34.384	0.93587				2
2025.12.05	02:57:34.775	0.93588				2
2025.12.05	02:57:35.794	0.93587	0.93594			6
2025.12.05	02:57:39.811		0.93596			4
2025.12.05	02:57:43.694		0.93594			4
2025.12.05	02:57:44.014		0.93596			4
2025.12.05	02:57:44.484		0.93595			4
2025.12.05	02:57:49.532		0.93596			4
2025.12.05	02:57:50.608		0.93595			4
2025.12.05	02:57:56.181	0.93586	0.93594			6
2025.12.05	02:57:56.577	0.93587	0.93596			6
2025.12.05	02:57:56.927		0.93595			4
2025.12.05	02:58:00.478	0.93586				2
2025.12.05	02:58:03.557	0.93587	0.93596			6
2025.12.05	02:58:09.999	0.93586				2
2025.12.05	02:58:10.851	0.93587	0.93595			6
2025.12.05	02:58:12.363		0.93596			4
2025.12.05	02:58:14.580	0.93588	0.93597			6
2025.12.05	02:58:15.371		0.93596			4
2025.12.05	02:58:20.423		0.93597			4
2025.12.05	02:58:22.938	0.93587	0.93596			6
2025.12.05	02:58:28.818	0.93588	0.93597			6
2025.12.05	02:58:30.447	0.93587				2
2025.12.05	02:58:30.973	0.93588	0.93596			6
2025.12.05	02:58:32.299	0.93589	0.93597			6
2025.12.05	02:58:33.784		0.93598			4
2025.12.05	02:58:34.272	0.93588				2
2025.12.05	02:58:34.749		0.93597			4
2025.12.05	02:58:36.369	0.93589	0.93598			6
2025.12.05	02:58:38.593		0.93597			4
2025.12.05	02:58:41.682		0.93598			4
2025.12.05	02:58:42.454		0.93599			4
2025.12.05	02:58:42.786		0.93598			4
2025.12.05	02:58:43.178		0.93599			4
2025.12.05	02:58:43.998	0.93590	0.93598			6
2025.12.05	02:58:52.340	0.93586	0.93594			6
2025.12.05	02:58:55.756		0.93595			4
2025.12.05	02:58:58.720	0.93587	0.93594			6
2025.12.05	02:59:00.479	0.93587				2
2025.12.05	02:59:00.952	0.93586				2
2025.12.05	02:59:05.082		0.93593			4
2025.12.05	02:59:06.757	0.93585	0.93594			6
2025.12.05	02:59:07.701	0.93584	0.93592			6
2025.12.05	02:59:09.619	0.93585				2
2025.12.05	02:59:10.025	0.93584				2
2025.12.05	02:59:10.339	0.93585				2
2025.12.05	02:59:11.384	0.93586	0.93594			6
2025.12.05	02:59:15.083	0.93587				2
2025.12.05	02:59:18.073	0.93586				2
2025.12.05	02:59:22.044	0.93585				2
2025.12.05	02:59:22.414		0.93593			4
2025.12.05	02:59:23.742		0.93591			4
2025.12.05	02:59:25.891		0.93593			4
2025.12.05	02:59:28.298	0.93584	0.93592			6
2025.12.05	02:59:28.959		0.93591			4
2025.12.05	02:59:33.762	0.93582	0.93592			6
2025.12.05	02:59:36.467	0.93583	0.93589			6
2025.12.05	02:59:37.084		0.93591			4
2025.12.05	02:59:40.410	0.93584	0.93590			6
2025.12.05	02:59:41.487	0.93583	0.93589			6
2025.12.05	02:59:43.901	0.93581				2
2025.12.05	02:59:44.251	0.93580	0.93588			6
2025.12.05	02:59:45.465		0.93589			4
2025.12.05	02:59:46.388	0.93581	0.93588			6
2025.12.05	02:59:46.807	0.93580	0.93590			6
2025.12.05	02:59:47.704		0.93589			4
2025.12.05	02:59:51.652		0.93590			4
2025.12.05	02:59:53.608	0.93581	0.93589			6
2025.12.05	02:59:54.269		0.93588			4
2025.12.05	02:59:57.883		0.93589			4
2025.12.05	03:00:00.400	0.93581				2
2025.12.05	03:00:02.088	0.93582				2
2025.12.05	03:00:02.506	0.93581				2
2025.12.05	03:00:03.757	0.93580	0.93586			6
2025.12.05	03:00:07.872	0.93579	0.93587			6
2025.12.05	03:00:09.432	0.93580				2
2025.12.05	03:00:10.499		0.93588			4
2025.12.05	03:00:10.930		0.93589			4
2025.12.05	03:00:11.434		0.93588			4
2025.12.05	03:00:11.926	0.93581	0.93589			6
2025.12.05	03:00:12.241		0.93588			4
2025.12.05	03:00:12.717	0.93582	0.93589			6
2025.12.05	03:00:14.413		0.93588			4
2025.12.05	03:00:15.040		0.93589			4
2025.12.05	03:00:15.364	0.93581	0.93588			6
2025.12.05	03:00:16.176	0.93583				2
2025.12.05	03:00:18.485	0.93582				2
2025.12.05	03:00:20.028	0.93583	0.93589			6
2025.12.05	03:00:20.371	0.93582	0.93590			6
2025.12.05	03:00:20.680	0.93583	0.93589			6
2025.12.05	03:00:21.779	0.93581				2
2025.12.05	03:00:22.097	0.93582				2
2025.12.05	03:00:24.553		0.93588			4
2025.12.05	03:00:26.752	0.93584	0.93590			6
2025.12.05	03:00:28.683	0.93585	0.93591			6
2025.12.05	03:00:29.679		0.93592			4
2025.12.05	03:00:30.365	0.93588	0.93594			6
2025.12.05	03:00:30.897	0.93589	0.93595			6
2025.12.05	03:00:31.226	0.93588				2
2025.12.05	03:00:31.677		0.93596			4
2025.12.05	03:00:32.662	0.93589				2
2025.12.05	03:00:33.763	0.93590				2
2025.12.05	03:00:34.853		0.93597			4
2025.12.05	03:00:35.979		0.93596			4
2025.12.05	03:00:37.414		0.93597			4
2025.12.05	03:00:40.470	0.93591	0.93598			6
2025.12.05	03:00:40.775	0.93592				2
2025.12.05	03:00:41.079		0.93600			4
2025.12.05	03:00:42.855	0.93590	0.93597			6
2025.12.05	03:00:44.045	0.93591	0.93598			6
2025.12.05	03:00:45.193		0.93597			4
2025.12.05	03:00:46.382	0.93590	0.93598			6
2025.12.05	03:00:46.972	0.93591				2
2025.12.05	03:00:51.590	0.93590				2
2025.12.05	03:00:52.986	0.93591				2
2025.12.05	03:00:53.378		0.93597			4
2025.12.05	03:00:55.355	0.93595	0.93601			6
2025.12.05	03:00:59.863	0.93594				2
2025.12.05	03:01:00.364	0.93595	0.93602			6
2025.12.05	03:01:00.743	0.93594	0.93603			6
2025.12.05	03:01:01.068	0.93595				2
2025.12.05	03:01:10.861		0.93602			4
2025.12.05	03:01:12.481	0.93594	0.93601			6
2025.12.05	03:01:13.178	0.93593	0.93600			6
2025.12.05	03:01:13.500		0.93601			4
2025.12.05	03:01:20.357	0.93594	0.93602			6
2025.12.05	03:01:21.831	0.93595	0.93601			6
2025.12.05	03:01:22.770	0.93594	0.93602			6
2025.12.05	03:01:23.792	0.93597				2
2025.12.05	03:01:24.183		0.93604			4
2025.12.05	03:01:25.772	0.93596	0.93602			6
2025.12.05	03:01:26.969		0.93604			4
2025.12.05	03:01:32.962	0.93595	0.93602			6
2025.12.05	03:01:34.639		0.93601			4
2025.12.05	03:01:34.948		0.93602			4
2025.12.05	03:01:41.784	0.93596				2
2025.12.05	03:01:45.334	0.93595				2
2025.12.05	03:01:46.761	0.93596				2
2025.12.05	03:01:47.092	0.93595				2
2025.12.05	03:01:50.653	0.93596	0.93603			6
2025.12.05	03:01:50.961		0.93604			4
2025.12.05	03:01:55.151	0.93595				2
2025.12.05	03:01:56.839	0.93596				2
2025.12.05	03:01:57.588	0.93595				2
2025.12.05	03:01:59.147		0.93602			4
2025.12.05	03:01:59.907		0.93604			4
2025.12.05	03:02:00.276	0.93595				2
2025.12.05	03:02:00.581	0.93596	0.93602			6
2025.12.05	03:02:01.450		0.93604			4
2025.12.05	03:02:05.563	0.93595	0.93603			6
2025.12.05	03:02:06.673		0.93602			4
2025.12.05	03:02:07.286	0.93596	0.93601			6
2025.12.05	03:02:09.811	0.93595				2
2025.12.05	03:02:20.721		0.93603			4
2025.12.05	03:02:22.466	0.93596	0.93604			6
2025.12.05	03:02:23.262	0.93595	0.93602			6
2025.12.05	03:02:23.566	0.93594	0.93601			6
2025.12.05	03:02:25.428	0.93595				2
2025.12.05	03:02:26.057	0.93594				2
2025.12.05	03:02:26.429		0.93602			4
2025.12.05	03:02:26.876	0.93593				2
2025.12.05	03:02:27.291		0.93600			4
2025.12.05	03:02:27.755	0.93594				2
2025.12.05	03:02:28.217		0.93602			4
2025.12.05	03:02:28.526		0.93601			4
2025.12.05	03:02:28.912		0.93602			4
2025.12.05	03:02:29.842	0.93595				2
2025.12.05	03:02:32.779		0.93603			4
2025.12.05	03:02:34.461	0.93594				2
2025.12.05	03:02:34.774		0.93602			4
2025.12.05	03:02:35.240	0.93595				2
2025.12.05	03:02:39.669		0.93604			4
2025.12.05	03:02:42.749	0.93596				2
2025.12.05	03:02:43.742	0.93595				2
2025.12.05	03:02:45.621	0.93596				2
2025.12.05	03:02:46.021	0.93595				2
2025.12.05	03:02:46.931		0.93602			4
2025.12.05	03:02:50.234		0.93603			4
2025.12.05	03:02:58.361		0.93602			4
2025.12.05	03:02:59.511		0.93603			4
2025.12.05	03:03:00.473	0.93595	0.93602			6
2025.12.05	03:03:02.118	0.93596	0.93603			6
2025.12.05	03:03:03.359		0.93602			4
2025.12.05	03:03:03.943	0.93595				2
2025.12.05	03:03:07.569	0.93596	0.93603			6
2025.12.05	03:03:08.798		0.93604			4
2025.12.05	03:03:10.478		0.93602			4
2025.12.05	03:03:13.881	0.93595	0.93603			6
2025.12.05	03:03:15.706	0.93596				2
2025.12.05	03:03:20.273	0.93595				2
2025.12.05	03:03:21.036	0.93596	0.93604			6
2025.12.05	03:03:23.510	0.93595				2
2025.12.05	03:03:27.179		0.93603			4
2025.12.05	03:03:27.507	0.93596	0.93604			6
2025.12.05	03:03:29.447	0.93597				2
2025.12.05	03:03:31.432	0.93596				2
2025.12.05	03:03:34.809	0.93595				2
2025.12.05	03:03:35.120		0.93605			4
2025.12.05	03:03:36.261	0.93596				2
2025.12.05	03:03:36.799	0.93597	0.93604			6
2025.12.05	03:03:40.904		0.93605			4
2025.12.05	03:03:44.854		0.93604			4
2025.12.05	03:03:45.666	0.93596				2
2025.12.05	03:03:46.865	0.93597				2
2025.12.05	03:03:47.857	0.93596				2
2025.12.05	03:03:48.705	0.93597				2
2025.12.05	03:03:52.083	0.93598				2
2025.12.05	03:03:52.816	0.93597				2
2025.12.05	03:04:02.187	0.93598				2
2025.12.05	03:04:03.079	0.93597				2
2025.12.05	03:04:03.419	0.93596				2
2025.12.05	03:04:04.748	0.93597				2
2025.12.05	03:04:05.453	0.93598				2
2025.12.05	03:04:07.134	0.93597	0.93602			6
2025.12.05	03:04:09.588		0.93603			4
2025.12.05	03:04:11.825		0.93602			4
2025.12.05	03:04:12.402	0.93596				2
2025.12.05	03:04:12.805	0.93597				2
2025.12.05	03:04:14.462	0.93596	0.93604			6
2025.12.05	03:04:15.369	0.93595	0.93603			6
2025.12.05	03:04:16.574	0.93597	0.93604			6
2025.12.05	03:04:19.261		0.93603			4
2025.12.05	03:04:20.313		0.93604			4
2025.12.05	03:04:25.466	0.93598				2
2025.12.05	03:04:28.259	0.93596				2
2025.12.05	03:04:31.792	0.93597				2
2025.12.05	03:04:33.502	0.93598				2
2025.12.05	03:04:35.264	0.93599				2
2025.12.05	03:04:35.671	0.93598				2
2025.12.05	03:04:38.844	0.93599				2
2025.12.05	03:04:39.653	0.93598				2
2025.12.05	03:04:43.121	0.93599				2
2025.12.05	03:04:48.312	0.93600				2
2025.12.05	03:04:48.619	0.93599				2
2025.12.05	03:04:55.669	0.93600				2
2025.12.05	03:04:57.231	0.93599	0.93603			6
2025.12.05	03:04:57.540	0.93598	0.93604			6
2025.12.05	03:05:00.374	0.93598				2
2025.12.05	03:05:17.392	0.93600				2
2025.12.05	03:05:17.861	0.93599				2
2025.12.05	03:05:18.495	0.93600				2
2025.12.05	03:05:20.123	0.93599				2
2025.12.05	03:05:21.985	0.93600				2
2025.12.05	03:05:22.726	0.93599				2
2025.12.05	03:05:27.599	0.93600	0.93606			6
2025.12.05	03:05:27.904		0.93607			4
2025.12.05	03:05:28.722	0.93599	0.93604			6
2025.12.05	03:05:31.253	0.93598				2
2025.12.05	03:05:41.471	0.93599				2
2025.12.05	03:05:45.767	0.93598				2
2025.12.05	03:05:46.876		0.93603			4
2025.12.05	03:05:47.533		0.93604			4
2025.12.05	03:05:54.883	0.93599				2
2025.12.05	03:05:55.348	0.93598				2
2025.12.05	03:06:00.953	0.93598				2
2025.12.05	03:06:03.677		0.93603			4
2025.12.05	03:06:05.651	0.93597				2
2025.12.05	03:06:06.748	0.93596				2
2025.12.05	03:06:07.145		0.93604			4
2025.12.05	03:06:07.531		0.93603			4
2025.12.05	03:06:07.841	0.93595				2
2025.12.05	03:06:09.456	0.93596				2
2025.12.05	03:06:11.389	0.93595				2
2025.12.05	03:06:12.023	0.93596				2
2025.12.05	03:06:21.514	0.93598	0.93604			6
2025.12.05	03:06:21.943		0.93605			4
2025.12.05	03:06:23.349		0.93604			4
2025.12.05	03:06:33.572	0.93597				2
2025.12.05	03:06:39.597	0.93598				2
2025.12.05	03:06:41.365		0.93605			4
2025.12.05	03:06:45.804	0.93599				2
2025.12.05	03:06:49.498	0.93597	0.93604			6
2025.12.05	03:06:50.198	0.93598				2
2025.12.05	03:06:50.500	0.93599	0.93605			6
2025.12.05	03:06:50.941	0.93598	0.93604			6
2025.12.05	03:06:53.830		0.93605			4
2025.12.05	03:06:54.491		0.93604			4
2025.12.05	03:06:54.817	0.93599	0.93605			6
2025.12.05	03:06:56.373	0.93598	0.93604			6
2025.12.05	03:06:57.910	0.93597	0.93605			6
2025.12.05	03:07:01.414	0.93598	0.93604			6
2025.12.05	03:07:02.266	0.93597	0.93605			6
2025.12.05	03:07:02.704	0.93598	0.93604			6
2025.12.05	03:07:04.337		0.93605			4
2025.12.05	03:07:05.770	0.93599				2
2025.12.05	03:07:06.626		0.93604			4
2025.12.05	03:07:07.730	0.93600				2
2025.12.05	03:07:14.094		0.93605			4
2025.12.05	03:07:16.075		0.93604			4
2025.12.05	03:07:17.534	0.93601	0.93606			6
2025.12.05	03:07:18.651	0.93600	0.93604			6
2025.12.05	03:07:28.678	0.93599				2
2025.12.05	03:07:35.316	0.93598				2
2025.12.05	03:08:00.414	0.93598				2
2025.12.05	03:08:03.378		0.93605			4
2025.12.05	03:08:04.893		0.93604			4
2025.12.05	03:08:06.463		0.93605			4
2025.12.05	03:08:07.034		0.93604			4
2025.12.05	03:08:08.061		0.93605			4
2025.12.05	03:08:08.695		0.93604			4
2025.12.05	03:08:09.722		0.93605			4
2025.12.05	03:08:12.228		0.93604			4
2025.12.05	03:08:20.555	0.93599				2
2025.12.05	03:08:21.378		0.93605			4
2025.12.05	03:08:23.930	0.93598				2
2025.12.05	03:08:28.546	0.93599	0.93604			6
2025.12.05	03:08:36.927		0.93605			4
2025.12.05	03:08:38.278		0.93604			4
2025.12.05	03:08:42.370	0.93598				2
2025.12.05	03:08:43.830		0.93605			4
2025.12.05	03:08:45.903		0.93606			4
2025.12.05	03:08:47.372	0.93597	0.93605			6
2025.12.05	03:08:47.700		0.93604			4
2025.12.05	03:08:48.101	0.93596	0.93602			6
2025.12.05	03:08:48.801		0.93603			4
2025.12.05	03:08:50.203		0.93602			4
2025.12.05	03:08:50.530		0.93605			4
2025.12.05	03:08:51.931		0.93603			4
2025.12.05	03:08:54.500	0.93595				2
