<DATE>	<TIME>	<BID>	<ASK>	<LAST>	<VOLUME>	<FLAGS>
2025.12.12	00:03:31.368	0.93319	0.93421			6
2025.12.12	00:04:10.366	0.93319				2
2025.12.12	00:04:50.799		0.93421			4
2025.12.12	00:05:05.728	0.93319				2
2025.12.12	00:05:40.554	0.93314				2
2025.12.12	00:05:51.409		0.93421			4
2025.12.12	00:06:00.756	0.93314				2
2025.12.12	00:06:18.048	0.93185	0.93422			6
2025.12.12	00:06:18.359	0.93189	0.93421			6
2025.12.12	00:06:18.664		0.93420			4
2025.12.12	00:06:19.969	0.93190	0.93419			6
2025.12.12	00:06:21.519	0.93191				2
2025.12.12	00:06:22.020	0.93189	0.93420			6
2025.12.12	00:06:22.324	0.93190	0.93419			6
2025.12.12	00:06:24.777		0.93420			4
2025.12.12	00:06:30.476	0.93189	0.93421			6
2025.12.12	00:06:32.560	0.93190	0.93420			6
2025.12.12	00:06:33.600	0.93189				2
2025.12.12	00:06:33.905	0.93190	0.93419			6
2025.12.12	00:06:34.221	0.93191	0.93418			6
2025.12.12	00:06:34.548		0.93417			4
2025.12.12	00:06:34.916	0.93192				2
2025.12.12	00:06:35.603	0.93193	0.93416			6
2025.12.12	00:06:36.292	0.93192				2
2025.12.12	00:06:36.596		0.93417			4
2025.12.12	00:06:36.900	0.93193	0.93415			6
2025.12.12	00:06:37.259	0.93194				2
2025.12.12	00:06:37.560		0.93414			4
2025.12.12	00:06:38.502		0.93415			4
2025.12.12	00:06:41.566	0.93190	0.93414			6
2025.12.12	00:06:41.873	0.93192	0.93415			6
2025.12.12	00:06:42.193	0.93191	0.93416			6
2025.12.12	00:06:42.502	0.93193	0.93414			6
2025.12.12	00:06:42.810	0.93192	0.93415			6
2025.12.12	00:06:43.117	0.93194	0.93413			6
2025.12.12	00:06:43.793	0.93192	0.93416			6
2025.12.12	00:06:44.099		0.93414			4
2025.12.12	00:06:45.191	0.93191	0.93415			6
2025.12.12	00:06:45.498	0.93192	0.93414			6
2025.12.12	00:06:46.206		0.93421			4
2025.12.12	00:06:48.189	0.93187	0.93419			6
2025.12.12	00:06:48.503	0.93185	0.93421			6
2025.12.12	00:06:48.810	0.93188	0.93417			6
2025.12.12	00:06:49.125	0.93189				2
2025.12.12	00:06:49.452	0.93190	0.93415			6
2025.12.12	00:06:49.765		0.93416			4
2025.12.12	00:06:50.093		0.93415			4
2025.12.12	00:06:50.398	0.93188				2
2025.12.12	00:06:50.705		0.93418			4
2025.12.12	00:06:51.036	0.93191	0.93415			6
2025.12.12	00:06:51.354	0.93188	0.93414			6
2025.12.12	00:06:51.663	0.93191				2
2025.12.12	00:06:51.987	0.93192	0.93413			6
2025.12.12	00:06:52.287	0.93189	0.93416			6
2025.12.12	00:06:52.899	0.93192	0.93413			6
2025.12.12	00:06:53.524	0.93193				2
2025.12.12	00:06:53.840	0.93192				2
2025.12.12	00:06:54.152	0.93190	0.93415			6
2025.12.12	00:06:54.452	0.93192	0.93413			6
2025.12.12	00:06:56.686	0.93193				2
2025.12.12	00:06:56.987	0.93192				2
2025.12.12	00:06:57.339	0.93194	0.93421			6
2025.12.12	00:07:02.668	0.93194				2
2025.12.12	00:07:03.215	0.93192	0.93422			6
2025.12.12	00:07:04.202	0.93259				2
2025.12.12	00:07:08.657	0.93189	0.93419			6
2025.12.12	00:07:09.800	0.93247	0.93412			6
2025.12.12	00:07:10.126	0.93241	0.93416			6
2025.12.12	00:07:10.433	0.93189	0.93419			6
2025.12.12	00:07:19.590	0.93181				2
2025.12.12	00:07:25.788	0.93190	0.93418			6
2025.12.12	00:07:27.176	0.93199	0.93417			6
2025.12.12	00:07:42.177	0.93205				2
2025.12.12	00:07:43.556	0.93187	0.93421			6
2025.12.12	00:07:49.602	0.93235	0.93405			6
2025.12.12	00:07:49.920	0.93190	0.93407			6
2025.12.12	00:07:54.210	0.93191	0.93410			6
2025.12.12	00:08:00.454	0.93191				2
2025.12.12	00:08:06.822	0.93252	0.93423			6
2025.12.12	00:08:07.763		0.93422			4
2025.12.12	00:08:08.069		0.93421			4
2025.12.12	00:08:08.377		0.93420			4
2025.12.12	00:08:08.701		0.93419			4
2025.12.12	00:08:09.019		0.93418			4
2025.12.12	00:08:09.650		0.93416			4
2025.12.12	00:08:09.959		0.93417			4
2025.12.12	00:08:10.261		0.93416			4
2025.12.12	00:08:10.567		0.93415			4
2025.12.12	00:08:10.874		0.93414			4
2025.12.12	00:08:11.580		0.93416			4
2025.12.12	00:08:11.884	0.93188	0.93421			6
2025.12.12	00:08:24.648	0.93189	0.93418			6
2025.12.12	00:08:32.770	0.93186	0.93419			6
2025.12.12	00:08:48.987	0.93223	0.93416			6
2025.12.12	00:08:49.495	0.93243	0.93423			6
2025.12.12	00:08:51.730	0.93260				2
2025.12.12	00:08:55.880	0.93244	0.93404			6
2025.12.12	00:08:56.213	0.93232	0.93417			6
2025.12.12	00:08:56.546	0.93248	0.93393			6
2025.12.12	00:08:56.852	0.93182	0.93420			6
2025.12.12	00:09:00.821	0.93189	0.93419			6
2025.12.12	00:09:02.176	0.93182	0.93420			6
2025.12.12	00:09:06.081	0.93243	0.93423			6
2025.12.12	00:09:06.948	0.93189	0.93421			6
2025.12.12	00:09:09.802	0.93186	0.93420			6
2025.12.12	00:09:16.768	0.93189	0.93421			6
2025.12.12	00:09:23.720	0.93198	0.93420			6
2025.12.12	00:09:24.122	0.93229	0.93405			6
2025.12.12	00:09:24.437	0.93219	0.93418			6
2025.12.12	00:09:37.399	0.93182	0.93419			6
2025.12.12	00:09:51.198	0.93189	0.93418			6
2025.12.12	00:09:53.220	0.93182	0.93419			6
2025.12.12	00:10:00.382	0.93182				2
2025.12.12	00:10:03.736		0.93420			4
2025.12.12	00:10:07.890	0.93183				2
2025.12.12	00:10:08.598	0.93223	0.93402			6
2025.12.12	00:10:08.916	0.93213	0.93403			6
2025.12.12	00:10:09.236	0.93225	0.93401			6
2025.12.12	00:10:09.854	0.93224	0.93404			6
2025.12.12	00:10:10.199	0.93223	0.93405			6
2025.12.12	00:10:10.526	0.93278	0.93390			6
2025.12.12	00:10:10.993		0.93398			4
2025.12.12	00:10:13.145	0.93262	0.93423			6
2025.12.12	00:10:13.754		0.93421			4
2025.12.12	00:10:14.059		0.93420			4
2025.12.12	00:10:14.366		0.93419			4
2025.12.12	00:10:14.682		0.93418			4
2025.12.12	00:10:15.295		0.93417			4
2025.12.12	00:10:15.633	0.93278	0.93398			6
2025.12.12	00:10:15.939	0.93270	0.93418			6
2025.12.12	00:10:16.263	0.93278	0.93397			6
2025.12.12	00:10:17.866		0.93401			4
2025.12.12	00:10:30.356	0.93224	0.93405			6
2025.12.12	00:10:30.659	0.93250	0.93384			6
2025.12.12	00:10:33.196	0.93278	0.93393			6
2025.12.12	00:10:43.076	0.93224	0.93405			6
2025.12.12	00:10:43.377	0.93227	0.93397			6
2025.12.12	00:10:54.439	0.93253	0.93391			6
2025.12.12	00:10:55.140	0.93239	0.93384			6
2025.12.12	00:10:56.992	0.93259	0.93400			6
2025.12.12	00:10:57.302	0.93254	0.93414			6
2025.12.12	00:10:58.262	0.93259	0.93400			6
2025.12.12	00:10:58.891	0.93251	0.93414			6
2025.12.12	00:10:59.196	0.93259	0.93400			6
2025.12.12	00:10:59.513	0.93181	0.93412			6
2025.12.12	00:10:59.889	0.93264	0.93386			6
2025.12.12	00:11:00.198	0.93259	0.93399			6
2025.12.12	00:11:00.535	0.93251	0.93409			6
2025.12.12	00:11:00.842	0.93259	0.93399			6
2025.12.12	00:11:01.143	0.93258	0.93402			6
2025.12.12	00:11:01.455	0.93264	0.93387			6
2025.12.12	00:11:01.764	0.93259	0.93400			6
2025.12.12	00:11:02.072	0.93262	0.93392			6
2025.12.12	00:11:02.382	0.93250	0.93407			6
2025.12.12	00:11:02.704	0.93261	0.93397			6
2025.12.12	00:11:03.032	0.93268	0.93380			6
2025.12.12	00:11:03.335	0.93251	0.93408			6
2025.12.12	00:11:03.638	0.93267	0.93381			6
2025.12.12	00:11:03.946	0.93261	0.93397			6
2025.12.12	00:11:04.584	0.93260	0.93400			6
2025.12.12	00:11:04.886	0.93261	0.93399			6
2025.12.12	00:11:05.209	0.93260	0.93401			6
2025.12.12	00:11:05.535	0.93251	0.93410			6
2025.12.12	00:11:05.862	0.93260	0.93401			6
2025.12.12	00:11:06.188	0.93253	0.93411			6
2025.12.12	00:11:06.496	0.93264	0.93391			6
2025.12.12	00:11:06.799	0.93251	0.93409			6
2025.12.12	00:11:07.124	0.93186	0.93420			6
2025.12.12	00:11:08.517	0.93198	0.93419			6
2025.12.12	00:11:10.624	0.93191	0.93420			6
2025.12.12	00:11:12.598	0.93269	0.93399			6
2025.12.12	00:11:13.273		0.93398			4
2025.12.12	00:11:13.573	0.93191	0.93420			6
2025.12.12	00:11:17.953	0.93184	0.93419			6
2025.12.12	00:11:18.820	0.93236	0.93420			6
2025.12.12	00:11:19.666	0.93184	0.93419			6
2025.12.12	00:11:25.153	0.93239	0.93408			6
2025.12.12	00:11:25.455	0.93257	0.93401			6
2025.12.12	00:11:25.775	0.93239	0.93408			6
2025.12.12	00:11:26.081	0.93184	0.93419			6
2025.12.12	00:11:26.538	0.93199	0.93417			6
2025.12.12	00:11:29.649	0.93184	0.93420			6
2025.12.12	00:11:31.528	0.93266	0.93399			6
2025.12.12	00:11:31.836	0.93273	0.93418			6
2025.12.12	00:11:32.143	0.93278	0.93399			6
2025.12.12	00:11:32.530	0.93197	0.93419			6
2025.12.12	00:11:36.011	0.93201	0.93418			6
2025.12.12	00:11:49.948	0.93182	0.93419			6
2025.12.12	00:11:56.135	0.93190				2
2025.12.12	00:11:56.632		0.93421			4
2025.12.12	00:11:57.133	0.93257	0.93419			6
2025.12.12	00:11:57.590	0.93259	0.93416			6
2025.12.12	00:11:57.902	0.93269	0.93399			6
2025.12.12	00:11:58.207	0.93278	0.93394			6
2025.12.12	00:11:58.633	0.93210	0.93410			6
2025.12.12	00:11:58.942	0.93260	0.93422			6
2025.12.12	00:11:59.638	0.93262	0.93423			6
2025.12.12	00:12:00.133	0.93189	0.93421			6
2025.12.12	00:12:00.636	0.93262	0.93423			6
2025.12.12	00:12:01.137	0.93194	0.93421			6
2025.12.12	00:12:01.635	0.93271	0.93423			6
2025.12.12	00:12:02.133	0.93195	0.93421			6
2025.12.12	00:12:02.433	0.93184				2
2025.12.12	00:12:02.753	0.93269	0.93420			6
2025.12.12	00:12:03.133	0.93188	0.93421			6
2025.12.12	00:12:03.580	0.93278	0.93417			6
2025.12.12	00:12:04.132	0.93200	0.93421			6
2025.12.12	00:12:04.637	0.93201				2
2025.12.12	00:12:05.134	0.93183				2
2025.12.12	00:12:06.138	0.93259				2
2025.12.12	00:12:06.437	0.93266	0.93399			6
2025.12.12	00:12:06.783	0.93265	0.93400			6
2025.12.12	00:12:08.632	0.93194	0.93421			6
2025.12.12	00:12:22.747	0.93201				2
2025.12.12	00:12:23.625	0.93202	0.93417			6
2025.12.12	00:12:29.633	0.93194	0.93421			6
2025.12.12	00:12:40.825	0.93195				2
2025.12.12	00:12:45.930	0.93200				2
2025.12.12	00:12:47.779	0.93195				2
2025.12.12	00:12:48.477	0.93198				2
2025.12.12	00:12:50.355	0.93199				2
2025.12.12	00:12:50.784	0.93195				2
2025.12.12	00:13:01.408	0.93195				2
2025.12.12	00:13:03.376	0.93200				2
2025.12.12	00:13:17.931	0.93207	0.93416			6
2025.12.12	00:13:25.637	0.93201	0.93421			6
2025.12.12	00:13:37.211	0.93202				2
2025.12.12	00:13:52.281	0.93212	0.93420			6
2025.12.12	00:14:00.216	0.93212				2
2025.12.12	00:14:09.235	0.93202	0.93417			6
2025.12.12	00:14:11.656	0.93197	0.93421			6
2025.12.12	00:14:24.271	0.93204				2
2025.12.12	00:14:26.732	0.93221	0.93402			6
2025.12.12	00:14:27.039	0.93225	0.93398			6
2025.12.12	00:14:27.341	0.93212	0.93421			6
2025.12.12	00:14:27.663	0.93226	0.93398			6
2025.12.12	00:14:27.990		0.93393			4
2025.12.12	00:14:30.785	0.93203	0.93421			6
2025.12.12	00:14:32.682	0.93195				2
2025.12.12	00:14:33.684	0.93200				2
2025.12.12	00:14:38.527	0.93195				2
2025.12.12	00:14:41.533	0.93248	0.93406			6
2025.12.12	00:14:41.837	0.93246	0.93404			6
2025.12.12	00:14:42.137	0.93231	0.93393			6
2025.12.12	00:14:51.864	0.93232	0.93389			6
2025.12.12	00:14:56.343	0.93235	0.93390			6
2025.12.12	00:15:00.361	0.93235				2
2025.12.12	00:15:00.947	0.93239	0.93397			6
2025.12.12	00:15:01.283	0.93246	0.93404			6
2025.12.12	00:15:01.589	0.93236	0.93397			6
2025.12.12	00:15:03.712	0.93250	0.93404			6
2025.12.12	00:15:04.870	0.93263	0.93411			6
2025.12.12	00:15:08.802	0.93235	0.93393			6
2025.12.12	00:15:11.803	0.93251	0.93398			6
2025.12.12	00:15:13.201	0.93258				2
2025.12.12	00:15:14.599		0.93397			4
2025.12.12	00:15:15.857		0.93399			4
2025.12.12	00:15:16.300	0.93277	0.93405			6
2025.12.12	00:15:17.590		0.93414			4
2025.12.12	00:15:21.786	0.93278	0.93409			6
2025.12.12	00:15:24.081	0.93234	0.93392			6
2025.12.12	00:15:26.671	0.93266	0.93395			6
2025.12.12	00:15:27.081	0.93265	0.93396			6
2025.12.12	00:15:27.884	0.93273	0.93402			6
2025.12.12	00:15:31.580	0.93274	0.93414			6
2025.12.12	00:15:34.638		0.93413			4
2025.12.12	00:15:37.800	0.93266	0.93392			6
2025.12.12	00:15:39.798		0.93395			4
2025.12.12	00:15:41.807	0.93234	0.93387			6
2025.12.12	00:15:42.118		0.93386			4
2025.12.12	00:15:43.717		0.93384			4
2025.12.12	00:15:44.810		0.93383			4
2025.12.12	00:15:45.298	0.93272	0.93405			6
2025.12.12	00:15:46.302	0.93273	0.93395			6
2025.12.12	00:15:50.238		0.93404			4
2025.12.12	00:15:51.799		0.93403			4
2025.12.12	00:15:55.718	0.93266	0.93382			6
2025.12.12	00:15:58.301	0.93234	0.93381			6
2025.12.12	00:16:01.323	0.93266	0.93386			6
2025.12.12	00:16:02.375	0.93234	0.93381			6
2025.12.12	00:16:02.720		0.93382			4
2025.12.12	00:16:03.169	0.93233				2
2025.12.12	00:16:06.002		0.93380			4
2025.12.12	00:16:07.124	0.93213	0.93386			6
2025.12.12	00:16:08.400	0.93217	0.93354			6
2025.12.12	00:16:10.731	0.93222	0.93374			6
2025.12.12	00:16:11.569		0.93364			4
2025.12.12	00:16:24.396	0.93195	0.93384			6
2025.12.12	00:16:25.242		0.93412			4
2025.12.12	00:16:38.110		0.93411			4
2025.12.12	00:16:38.479		0.93408			4
2025.12.12	00:16:44.358		0.93412			4
2025.12.12	00:16:49.597		0.93408			4
2025.12.12	00:16:57.634		0.93407			4
2025.12.12	00:17:00.464	0.93195				2
2025.12.12	00:17:23.538		0.93406			4
2025.12.12	00:17:24.811		0.93407			4
2025.12.12	00:17:30.738		0.93406			4
2025.12.12	00:17:57.640		0.93421			4
2025.12.12	00:18:00.460	0.93195				2
2025.12.12	00:18:57.655		0.93421			4
2025.12.12	00:19:00.738	0.93195				2
2025.12.12	00:19:52.018		0.93407			4
2025.12.12	00:20:00.383	0.93195				2
2025.12.12	00:20:09.833		0.93421			4
2025.12.12	00:20:22.018		0.93405			4
2025.12.12	00:20:52.017		0.93421			4
2025.12.12	00:20:59.315		0.93422			4
2025.12.12	00:21:05.916	0.93195				2
2025.12.12	00:21:13.797		0.93423			4
2025.12.12	00:21:20.642		0.93424			4
2025.12.12	00:21:28.642		0.93407			4
2025.12.12	00:21:38.538		0.93408			4
2025.12.12	00:21:50.835		0.93406			4
2025.12.12	00:22:00.460	0.93195				2
2025.12.12	00:22:02.900		0.93398			4
2025.12.12	00:22:18.139		0.93413			4
2025.12.12	00:22:25.964		0.93412			4
2025.12.12	00:22:29.538		0.93413			4
2025.12.12	00:22:29.899		0.93412			4
2025.12.12	00:23:02.646	0.93195				2
2025.12.12	00:23:31.407		0.93412			4
2025.12.12	00:23:41.398	0.93216	0.93400			6
2025.12.12	00:23:42.459	0.93215				2
2025.12.12	00:24:00.628	0.93210				2
2025.12.12	00:24:10.699	0.93211				2
2025.12.12	00:24:15.886	0.93192	0.93423			6
2025.12.12	00:24:19.986	0.93210	0.93400			6
2025.12.12	00:24:26.537	0.93195	0.93423			6
2025.12.12	00:24:29.900		0.93422			4
2025.12.12	00:24:40.287		0.93416			4
2025.12.12	00:24:55.122		0.93411			4
2025.12.12	00:25:00.372	0.93195				2
2025.12.12	00:25:10.123	0.93209	0.93402			6
2025.12.12	00:25:14.460	0.93195	0.93411			6
2025.12.12	00:25:20.539		0.93410			4
2025.12.12	00:25:25.399		0.93411			4
2025.12.12	00:25:29.204		0.93410			4
2025.12.12	00:25:30.840		0.93409			4
2025.12.12	00:25:39.218		0.93408			4
2025.12.12	00:25:52.339		0.93407			4
2025.12.12	00:26:00.460	0.93195	0.93406			6
2025.12.12	00:26:09.211		0.93407			4
2025.12.12	00:26:19.205		0.93409			4
2025.12.12	00:26:32.300		0.93406			4
2025.12.12	00:26:33.235		0.93407			4
2025.12.12	00:26:37.625		0.93406			4
2025.12.12	00:26:38.060		0.93407			4
2025.12.12	00:26:42.381		0.93406			4
2025.12.12	00:26:45.435		0.93408			4
2025.12.12	00:26:48.750		0.93410			4
2025.12.12	00:26:55.099		0.93409			4
2025.12.12	00:27:01.999	0.93195				2
2025.12.12	00:27:20.842		0.93410			4
2025.12.12	00:27:29.251		0.93409			4
2025.12.12	00:27:34.828		0.93411			4
2025.12.12	00:27:43.735		0.93412			4
2025.12.12	00:27:49.846	0.93192	0.93423			6
2025.12.12	00:27:55.501	0.93193				2
2025.12.12	00:27:57.879	0.93195	0.93412			6
2025.12.12	00:27:58.901		0.93413			4
2025.12.12	00:28:00.459	0.93195				2
2025.12.12	00:28:07.441		0.93411			4
2025.12.12	00:28:13.939		0.93412			4
2025.12.12	00:28:20.292		0.93413			4
2025.12.12	00:28:41.330	0.93192	0.93423			6
2025.12.12	00:28:42.342	0.93195	0.93414			6
2025.12.12	00:28:53.898		0.93420			4
2025.12.12	00:28:58.923		0.93425			4
2025.12.12	00:29:00.423	0.93196	0.93423			6
2025.12.12	00:29:01.537	0.93195	0.93420			6
2025.12.12	00:29:15.900		0.93417			4
2025.12.12	00:29:27.610		0.93418			4
2025.12.12	00:29:39.910		0.93415			4
2025.12.12	00:29:58.924		0.93420			4
2025.12.12	00:29:59.232		0.93416			4
2025.12.12	00:30:00.710	0.93195	0.93402			6
2025.12.12	00:30:05.845		0.93403			4
2025.12.12	00:30:10.295		0.93402			4
2025.12.12	00:30:10.847		0.93404			4
2025.12.12	00:30:13.360		0.93405			4
2025.12.12	00:30:16.999		0.93406			4
2025.12.12	00:30:24.403		0.93409			4
2025.12.12	00:30:25.302		0.93413			4
2025.12.12	00:30:25.870		0.93411			4
2025.12.12	00:30:27.669		0.93402			4
2025.12.12	00:30:28.226		0.93403			4
2025.12.12	00:30:28.910		0.93401			4
2025.12.12	00:30:29.219		0.93400			4
2025.12.12	00:30:30.261		0.93401			4
2025.12.12	00:30:31.900		0.93397			4
2025.12.12	00:30:34.805		0.93394			4
2025.12.12	00:30:35.162		0.93393			4
2025.12.12	00:30:35.770		0.93388			4
2025.12.12	00:30:36.071	0.93190	0.93378			6
2025.12.12	00:30:37.183		0.93377			4
2025.12.12	00:30:37.903	0.93183	0.93376			6
2025.12.12	00:30:38.600		0.93375			4
2025.12.12	00:30:38.915	0.93186	0.93373			6
2025.12.12	00:30:41.028	0.93192	0.93372			6
2025.12.12	00:30:41.546		0.93373			4
2025.12.12	00:30:48.749	0.93196				2
2025.12.12	00:30:49.608	0.93180	0.93374			6
2025.12.12	00:30:50.065	0.93186	0.93383			6
2025.12.12	00:30:51.074	0.93194	0.93373			6
2025.12.12	00:30:51.380	0.93201	0.93371			6
2025.12.12	00:30:51.812	0.93187	0.93370			6
2025.12.12	00:30:52.125	0.93204				2
2025.12.12	00:30:53.767		0.93369			4
2025.12.12	00:30:54.772	0.93210	0.93371			6
2025.12.12	00:30:56.868	0.93218	0.93372			6
2025.12.12	00:30:59.752	0.93230	0.93371			6
2025.12.12	00:31:00.842	0.93234	0.93368			6
2025.12.12	00:31:01.466	0.93252	0.93361			6
2025.12.12	00:31:01.973	0.93251	0.93362			6
2025.12.12	00:31:03.028	0.93211	0.93370			6
2025.12.12	00:31:03.339	0.93212	0.93363			6
2025.12.12	00:31:03.800	0.93223	0.93379			6
2025.12.12	00:31:04.122	0.93206	0.93367			6
2025.12.12	00:31:04.427	0.93212				2
2025.12.12	00:31:05.098		0.93362			4
2025.12.12	00:31:06.199		0.93363			4
2025.12.12	00:31:07.075	0.93216	0.93370			6
2025.12.12	00:31:07.898	0.93215	0.93390			6
2025.12.12	00:31:08.202		0.93392			4
2025.12.12	00:31:08.936	0.93234	0.93382			6
2025.12.12	00:31:10.112	0.93236	0.93379			6
2025.12.12	00:31:11.713	0.93251	0.93366			6
2025.12.12	00:31:12.808	0.93253	0.93363			6
2025.12.12	00:31:14.075		0.93362			4
2025.12.12	00:31:14.821	0.93255	0.93364			6
2025.12.12	00:31:15.326	0.93183	0.93387			6
2025.12.12	00:31:16.586	0.93227	0.93383			6
2025.12.12	00:31:17.696	0.93234	0.93374			6
2025.12.12	00:31:20.453	0.93251	0.93361			6
2025.12.12	00:31:20.771	0.93252				2
2025.12.12	00:31:21.456	0.93253	0.93363			6
2025.12.12	00:31:21.777	0.93180	0.93377			6
2025.12.12	00:31:22.093	0.93190				2
2025.12.12	00:31:22.663	0.93247	0.93392			6
2025.12.12	00:31:23.239		0.93393			4
2025.12.12	00:31:23.943	0.93258	0.93395			6
2025.12.12	00:31:24.423	0.93219	0.93377			6
2025.12.12	00:31:24.739		0.93372			4
2025.12.12	00:31:25.058	0.93196				2
2025.12.12	00:31:25.361	0.93252	0.93361			6
2025.12.12	00:31:26.911	0.93253	0.93364			6
2025.12.12	00:31:27.918	0.93252	0.93362			6
2025.12.12	00:31:28.265		0.93361			4
2025.12.12	00:31:28.769	0.93253	0.93362			6
2025.12.12	00:31:29.075	0.93255	0.93364			6
2025.12.12	00:31:29.794	0.93254	0.93363			6
2025.12.12	00:31:30.304	0.93255	0.93364			6
2025.12.12	00:31:31.354	0.93256	0.93365			6
2025.12.12	00:31:31.858	0.93254	0.93363			6
2025.12.12	00:31:32.177	0.93255	0.93364			6
2025.12.12	00:31:32.886	0.93254	0.93363			6
2025.12.12	00:31:33.393	0.93253				2
2025.12.12	00:31:33.806		0.93362			4
2025.12.12	00:31:34.487	0.93254	0.93364			6
2025.12.12	00:31:34.998		0.93363			4
2025.12.12	00:31:35.502	0.93255	0.93364			6
2025.12.12	00:31:35.936	0.93254				2
2025.12.12	00:31:36.422	0.93180	0.93405			6
2025.12.12	00:31:37.075		0.93404			4
2025.12.12	00:31:39.075		0.93403			4
2025.12.12	00:31:41.474	0.93225	0.93393			6
2025.12.12	00:31:42.554	0.93227	0.93384			6
2025.12.12	00:31:44.075	0.93228	0.93376			6
2025.12.12	00:31:45.076	0.93234	0.93368			6
2025.12.12	00:31:45.900	0.93244	0.93365			6
2025.12.12	00:31:46.797	0.93246	0.93364			6
2025.12.12	00:31:47.127	0.93255				2
2025.12.12	00:31:47.714		0.93365			4
2025.12.12	00:31:48.222	0.93253	0.93362			6
2025.12.12	00:31:48.533	0.93252	0.93361			6
2025.12.12	00:31:49.036		0.93362			4
2025.12.12	00:31:49.552	0.93254	0.93364			6
2025.12.12	00:31:50.063	0.93253	0.93362			6
2025.12.12	00:31:50.434	0.93254	0.93364			6
2025.12.12	00:31:51.177		0.93362			4
2025.12.12	00:31:51.687	0.93252	0.93361			6
2025.12.12	00:31:52.207		0.93365			4
2025.12.12	00:31:52.536	0.93254	0.93363			6
2025.12.12	00:31:52.982	0.93255	0.93364			6
2025.12.12	00:31:53.494	0.93252	0.93361			6
2025.12.12	00:31:53.963	0.93253	0.93362			6
2025.12.12	00:31:54.435	0.93254	0.93363			6
2025.12.12	00:31:55.003	0.93253	0.93362			6
2025.12.12	00:31:55.435	0.93255	0.93364			6
2025.12.12	00:31:55.975	0.93249	0.93362			6
2025.12.12	00:31:56.277	0.93254	0.93363			6
2025.12.12	00:31:56.705	0.93253	0.93362			6
2025.12.12	00:31:57.116	0.93254	0.93363			6
2025.12.12	00:31:57.537	0.93250	0.93368			6
2025.12.12	00:31:57.839	0.93252	0.93362			6
2025.12.12	00:31:58.294	0.93253	0.93363			6
2025.12.12	00:31:58.750	0.93227	0.93385			6
2025.12.12	00:31:59.057	0.93253	0.93362			6
2025.12.12	00:31:59.485	0.93252	0.93363			6
2025.12.12	00:31:59.839	0.93180	0.93396			6
2025.12.12	00:32:00.154	0.93182	0.93391			6
2025.12.12	00:32:00.636	0.93235	0.93367			6
2025.12.12	00:32:01.274	0.93250	0.93362			6
2025.12.12	00:32:02.602	0.93252	0.93361			6
2025.12.12	00:32:03.683	0.93253	0.93362			6
2025.12.12	00:32:04.264	0.93241	0.93365			6
2025.12.12	00:32:05.486	0.93250	0.93362			6
2025.12.12	00:32:05.982	0.93252				2
2025.12.12	00:32:06.484	0.93253				2
2025.12.12	00:32:07.493	0.93255	0.93364			6
2025.12.12	00:32:08.010	0.93252	0.93362			6
2025.12.12	00:32:08.517	0.93250				2
2025.12.12	00:32:09.036	0.93254	0.93363			6
2025.12.12	00:32:09.550	0.93253	0.93362			6
2025.12.12	00:32:10.571	0.93250				2
2025.12.12	00:32:11.097	0.93252	0.93361			6
2025.12.12	00:32:12.112	0.93251	0.93362			6
2025.12.12	00:32:12.640	0.93253				2
2025.12.12	00:32:13.183	0.93251				2
2025.12.12	00:32:13.709	0.93253				2
2025.12.12	00:32:14.097	0.93254	0.93363			6
2025.12.12	00:32:14.466	0.93253	0.93362			6
2025.12.12	00:32:14.771	0.93252	0.93363			6
2025.12.12	00:32:15.396	0.93180	0.93389			6
2025.12.12	00:32:17.011	0.93216	0.93368			6
2025.12.12	00:32:17.588		0.93364			4
2025.12.12	00:32:18.647	0.93221	0.93367			6
2025.12.12	00:32:24.900	0.93232	0.93368			6
2025.12.12	00:32:28.639		0.93367			4
2025.12.12	00:32:32.609	0.93249	0.93362			6
2025.12.12	00:32:33.108	0.93252				2
2025.12.12	00:32:33.493	0.93251				2
2025.12.12	00:32:34.149	0.93252	0.93361			6
2025.12.12	00:32:34.673	0.93251	0.93362			6
2025.12.12	00:32:34.986	0.93253				2
2025.12.12	00:32:35.346	0.93252	0.93363			6
2025.12.12	00:32:35.997		0.93362			4
2025.12.12	00:32:36.548	0.93251				2
2025.12.12	00:32:37.109	0.93252	0.93361			6
2025.12.12	00:32:37.547	0.93253	0.93362			6
2025.12.12	00:32:38.053	0.93252	0.93361			6
2025.12.12	00:32:38.657	0.93251	0.93370			6
2025.12.12	00:32:38.978	0.93254	0.93363			6
2025.12.12	00:32:39.471	0.93253	0.93362			6
2025.12.12	00:32:39.777	0.93252	0.93361			6
2025.12.12	00:32:40.089		0.93363			4
2025.12.12	00:32:40.399	0.93256	0.93365			6
2025.12.12	00:32:40.769	0.93254	0.93364			6
2025.12.12	00:32:41.073	0.93235	0.93371			6
2025.12.12	00:32:41.377	0.93243	0.93364			6
2025.12.12	00:32:41.702	0.93246				2
2025.12.12	00:32:42.148	0.93239	0.93366			6
2025.12.12	00:32:42.733	0.93250	0.93362			6
2025.12.12	00:32:43.717	0.93253				2
2025.12.12	00:32:44.141	0.93252	0.93361			6
2025.12.12	00:32:44.882	0.93227	0.93385			6
2025.12.12	00:32:45.198	0.93198	0.93372			6
2025.12.12	00:32:46.532	0.93222	0.93387			6
2025.12.12	00:32:47.727	0.93238	0.93394			6
2025.12.12	00:32:52.899		0.93381			4
2025.12.12	00:32:53.981	0.93248	0.93366			6
2025.12.12	00:32:54.484	0.93252	0.93362			6
2025.12.12	00:32:54.973		0.93361			4
2025.12.12	00:32:55.488	0.93253	0.93362			6
2025.12.12	00:32:57.156	0.93252				2
2025.12.12	00:32:58.710	0.93254	0.93363			6
2025.12.12	00:32:59.245	0.93252	0.93362			6
2025.12.12	00:32:59.701	0.93255	0.93366			6
2025.12.12	00:33:00.018	0.93255	0.93364			6
2025.12.12	00:33:00.502	0.93252	0.93361			6
2025.12.12	00:33:00.946	0.93253	0.93362			6
2025.12.12	00:33:01.336	0.93204	0.93393			6
2025.12.12	00:33:01.638	0.93250	0.93367			6
2025.12.12	00:33:01.959	0.93198	0.93392			6
2025.12.12	00:33:03.252	0.93237	0.93366			6
2025.12.12	00:33:03.555	0.93245	0.93364			6
2025.12.12	00:33:04.258	0.93250	0.93362			6
2025.12.12	00:33:04.706	0.93252				2
2025.12.12	00:33:05.210		0.93361			4
2025.12.12	00:33:05.713	0.93250	0.93362			6
2025.12.12	00:33:06.038	0.93251				2
2025.12.12	00:33:06.556	0.93252	0.93361			6
2025.12.12	00:33:07.063	0.93180	0.93405			6
2025.12.12	00:33:09.140	0.93200	0.93399			6
2025.12.12	00:33:10.196	0.93214	0.93397			6
2025.12.12	00:33:11.201	0.93226	0.93405			6
2025.12.12	00:33:11.627	0.93234	0.93407			6
2025.12.12	00:33:13.116		0.93406			4
2025.12.12	00:33:13.645	0.93237				2
2025.12.12	00:33:14.468	0.93252	0.93415			6
2025.12.12	00:33:14.802	0.93211	0.93388			6
2025.12.12	00:33:15.117	0.93238	0.93366			6
2025.12.12	00:33:15.597	0.93251	0.93362			6
2025.12.12	00:33:16.081	0.93250				2
2025.12.12	00:33:16.544	0.93252	0.93361			6
2025.12.12	00:33:17.704		0.93363			4
2025.12.12	00:33:18.217	0.93251	0.93361			6
2025.12.12	00:33:18.612	0.93253	0.93363			6
2025.12.12	00:33:19.121	0.93254				2
2025.12.12	00:33:19.625	0.93253	0.93362			6
2025.12.12	00:33:20.788	0.93219	0.93391			6
2025.12.12	00:33:21.099	0.93247	0.93371			6
2025.12.12	00:33:21.402	0.93255	0.93364			6
2025.12.12	00:33:21.873	0.93252	0.93361			6
2025.12.12	00:33:22.178	0.93255	0.93365			6
2025.12.12	00:33:22.494	0.93245	0.93373			6
2025.12.12	00:33:22.798	0.93254	0.93363			6
2025.12.12	00:33:23.502	0.93253	0.93362			6
2025.12.12	00:33:23.923	0.93254	0.93363			6
2025.12.12	00:33:24.288	0.93255	0.93364			6
2025.12.12	00:33:24.740	0.93253	0.93362			6
2025.12.12	00:33:25.223	0.93241	0.93377			6
2025.12.12	00:33:25.526	0.93252	0.93361			6
2025.12.12	00:33:25.848	0.93253	0.93362			6
2025.12.12	00:33:26.242	0.93254	0.93363			6
2025.12.12	00:33:27.125	0.93252	0.93361			6
2025.12.12	00:33:27.639		0.93362			4
2025.12.12	00:33:28.022	0.93256	0.93372			6
2025.12.12	00:33:28.519	0.93257	0.93369			6
2025.12.12	00:33:29.033	0.93254	0.93365			6
2025.12.12	00:33:29.555	0.93253	0.93364			6
2025.12.12	00:33:29.880	0.93252				2
2025.12.12	00:33:30.925	0.93251	0.93362			6
2025.12.12	00:33:31.457	0.93252	0.93364			6
2025.12.12	00:33:31.935	0.93255	0.93367			6
2025.12.12	00:33:32.677	0.93252	0.93364			6
2025.12.12	00:33:33.188	0.93253				2
2025.12.12	00:33:33.764		0.93365			4
2025.12.12	00:33:34.777	0.93252	0.93363			6
2025.12.12	00:33:35.084	0.93249	0.93375			6
2025.12.12	00:33:35.387	0.93253	0.93364			6
2025.12.12	00:33:36.068	0.93203	0.93392			6
2025.12.12	00:33:37.037		0.93391			4
2025.12.12	00:33:38.083		0.93375			4
2025.12.12	00:33:39.083	0.93217	0.93377			6
2025.12.12	00:33:39.800	0.93223	0.93374			6
2025.12.12	00:33:40.838	0.93225	0.93371			6
2025.12.12	00:33:41.841	0.93226	0.93370			6
2025.12.12	00:33:43.084	0.93227	0.93367			6
2025.12.12	00:33:43.899	0.93236	0.93368			6
2025.12.12	00:33:44.903	0.93247	0.93365			6
2025.12.12	00:33:45.628	0.93250	0.93363			6
2025.12.12	00:33:46.037	0.93253				2
2025.12.12	00:33:46.621	0.93252	0.93362			6
2025.12.12	00:33:47.130		0.93364			4
2025.12.12	00:33:47.649		0.93365			4
2025.12.12	00:33:48.177	0.93206	0.93380			6
2025.12.12	00:33:48.478	0.93254	0.93366			6
2025.12.12	00:33:49.370	0.93250	0.93362			6
2025.12.12	00:33:50.000	0.93251				2
2025.12.12	00:33:50.531	0.93180	0.93383			6
2025.12.12	00:33:51.702	0.93217	0.93365			6
2025.12.12	00:33:52.758	0.93218				2
2025.12.12	00:33:53.790	0.93221	0.93362			6
2025.12.12	00:33:54.806	0.93223	0.93358			6
2025.12.12	00:33:57.084	0.93232	0.93360			6
2025.12.12	00:33:58.500	0.93250	0.93363			6
2025.12.12	00:33:59.020		0.93362			4
2025.12.12	00:33:59.597		0.93363			4
2025.12.12	00:34:00.011	0.93251				2
2025.12.12	00:34:00.620	0.93197				2
2025.12.12	00:34:00.931	0.93204	0.93362			6
2025.12.12	00:34:01.639		0.93361			4
2025.12.12	00:34:05.084	0.93206				2
2025.12.12	00:34:07.699		0.93360			4
2025.12.12	00:34:08.900	0.93224	0.93367			6
2025.12.12	00:34:09.205	0.93219	0.93370			6
2025.12.12	00:34:10.038	0.93228				2
2025.12.12	00:34:10.352		0.93371			4
2025.12.12	00:34:11.756	0.93256	0.93393			6
2025.12.12	00:34:12.061		0.93406			4
2025.12.12	00:34:12.365	0.93227	0.93385			6
2025.12.12	00:34:13.251	0.93228	0.93374			6
2025.12.12	00:34:13.842		0.93373			4
2025.12.12	00:34:20.238	0.93231	0.93372			6
2025.12.12	00:34:20.558	0.93235				2
2025.12.12	00:34:21.074		0.93371			4
2025.12.12	00:34:23.084	0.93240	0.93368			6
2025.12.12	00:34:24.219	0.93243	0.93366			6
2025.12.12	00:34:24.756	0.93246	0.93360			6
2025.12.12	00:34:25.087	0.93242	0.93359			6
2025.12.12	00:34:25.400		0.93360			4
2025.12.12	00:34:25.769	0.93247	0.93359			6
2025.12.12	00:34:26.097	0.93248	0.93361			6
2025.12.12	00:34:26.614	0.93251	0.93358			6
2025.12.12	00:34:27.199	0.93254	0.93359			6
2025.12.12	00:34:27.739	0.93253	0.93358			6
2025.12.12	00:34:28.298	0.93252	0.93355			6
2025.12.12	00:34:28.737	0.93261	0.93367			6
2025.12.12	00:34:29.037	0.93265	0.93368			6
2025.12.12	00:34:29.342	0.93263	0.93367			6
2025.12.12	00:34:29.651	0.93264	0.93370			6
2025.12.12	00:34:29.959	0.93277				2
2025.12.12	00:34:30.266	0.93267	0.93371			6
2025.12.12	00:34:30.629	0.93245	0.93366			6
2025.12.12	00:34:30.940	0.93261	0.93364			6
2025.12.12	00:34:31.243		0.93367			4
2025.12.12	00:34:31.561	0.93266	0.93363			6
2025.12.12	00:34:31.868	0.93277	0.93371			6
2025.12.12	00:34:32.212	0.93276	0.93373			6
2025.12.12	00:34:32.535	0.93275	0.93370			6
2025.12.12	00:34:32.890	0.93232	0.93368			6
2025.12.12	00:34:33.198	0.93276	0.93371			6
2025.12.12	00:34:33.512	0.93219	0.93363			6
2025.12.12	00:34:33.918	0.93250	0.93361			6
2025.12.12	00:34:34.940	0.93258	0.93360			6
2025.12.12	00:34:35.265	0.93264	0.93364			6
2025.12.12	00:34:35.936	0.93223	0.93349			6
2025.12.12	00:34:36.241	0.93251	0.93348			6
2025.12.12	00:34:36.688	0.93261	0.93357			6
2025.12.12	00:34:37.156	0.93274	0.93369			6
2025.12.12	00:34:37.469	0.93228	0.93365			6
2025.12.12	00:34:37.779	0.93234				2
2025.12.12	00:34:38.081	0.93278	0.93373			6
2025.12.12	00:34:38.394	0.93258	0.93363			6
2025.12.12	00:34:38.698	0.93276	0.93369			6
2025.12.12	00:34:39.165	0.93243				2
2025.12.12	00:34:39.480	0.93281	0.93374			6
2025.12.12	00:34:39.831	0.93240	0.93370			6
2025.12.12	00:34:40.165	0.93276				2
2025.12.12	00:34:40.540	0.93249	0.93368			6
2025.12.12	00:34:40.899	0.93221	0.93366			6
2025.12.12	00:34:41.201	0.93238				2
2025.12.12	00:34:41.518	0.93233				2
2025.12.12	00:34:41.842		0.93367			4
2025.12.12	00:34:42.205	0.93269				2
2025.12.12	00:34:42.507	0.93244	0.93364			6
2025.12.12	00:34:42.818	0.93231	0.93361			6
2025.12.12	00:34:43.124	0.93247	0.93346			6
2025.12.12	00:34:43.435	0.93253	0.93351			6
2025.12.12	00:34:43.749	0.93256	0.93350			6
2025.12.12	00:34:44.135	0.93253	0.93346			6
2025.12.12	00:34:44.766	0.93252				2
2025.12.12	00:34:45.287	0.93256	0.93349			6
2025.12.12	00:34:45.597	0.93215	0.93351			6
2025.12.12	00:34:46.814	0.93211				2
2025.12.12	00:34:47.571		0.93350			4
2025.12.12	00:35:01.099	0.93211				2
2025.12.12	00:35:01.729	0.93216				2
2025.12.12	00:35:07.474	0.93230	0.93351			6
2025.12.12	00:35:07.781	0.93247	0.93352			6
2025.12.12	00:35:08.308		0.93351			4
2025.12.12	00:35:09.214		0.93348			4
2025.12.12	00:35:10.398		0.93349			4
2025.12.12	00:35:11.399		0.93347			4
2025.12.12	00:35:12.695	0.93244	0.93351			6
2025.12.12	00:35:13.000	0.93243	0.93350			6
2025.12.12	00:35:13.939		0.93349			4
2025.12.12	00:35:14.747	0.93246	0.93350			6
2025.12.12	00:35:15.088	0.93243				2
2025.12.12	00:35:15.900	0.93244	0.93351			6
2025.12.12	00:35:16.399	0.93241	0.93352			6
2025.12.12	00:35:16.898		0.93351			4
2025.12.12	00:35:22.957	0.93258	0.93357			6
2025.12.12	00:35:23.258	0.93252	0.93356			6
2025.12.12	00:35:28.239	0.93244	0.93357			6
2025.12.12	00:35:28.701		0.93356			4
2025.12.12	00:35:29.212	0.93245				2
2025.12.12	00:35:29.841	0.93252	0.93357			6
2025.12.12	00:35:30.140	0.93255	0.93359			6
2025.12.12	00:35:30.460	0.93256				2
2025.12.12	00:35:30.762		0.93357			4
2025.12.12	00:35:37.604		0.93358			4
2025.12.12	00:35:38.076	0.93239	0.93357			6
2025.12.12	00:35:38.395	0.93210	0.93358			6
2025.12.12	00:35:38.750	0.93220	0.93356			6
2025.12.12	00:35:39.055	0.93226				2
2025.12.12	00:35:39.371	0.93211				2
2025.12.12	00:35:39.678	0.93221				2
2025.12.12	00:35:40.023	0.93211	0.93355			6
2025.12.12	00:35:40.339	0.93217				2
2025.12.12	00:35:40.680	0.93233				2
2025.12.12	00:35:42.707	0.93231	0.93356			6
2025.12.12	00:35:43.024	0.93216	0.93355			6
2025.12.12	00:35:43.361	0.93227				2
2025.12.12	00:35:43.901	0.93236				2
2025.12.12	00:35:44.231	0.93217	0.93356			6
2025.12.12	00:35:44.534	0.93226	0.93359			6
2025.12.12	00:35:44.837	0.93228	0.93356			6
2025.12.12	00:35:45.147	0.93236	0.93357			6
2025.12.12	00:35:46.209	0.93230	0.93356			6
2025.12.12	00:35:46.517	0.93223				2
2025.12.12	00:35:46.850	0.93206	0.93357			6
2025.12.12	00:35:47.199	0.93227	0.93356			6
2025.12.12	00:35:47.771	0.93226				2
2025.12.12	00:35:48.342	0.93235				2
2025.12.12	00:35:49.091	0.93217	0.93378			6
2025.12.12	00:35:49.412	0.93236	0.93370			6
2025.12.12	00:35:49.713	0.93218				2
2025.12.12	00:35:50.018	0.93216	0.93389			6
2025.12.12	00:35:50.405	0.93212				2
2025.12.12	00:35:50.884	0.93224	0.93390			6
2025.12.12	00:35:51.218	0.93218				2
2025.12.12	00:35:52.090	0.93230	0.93382			6
2025.12.12	00:35:52.517	0.93223	0.93381			6
2025.12.12	00:35:53.084	0.93221	0.93377			6
2025.12.12	00:35:53.538	0.93222	0.93373			6
2025.12.12	00:35:54.018	0.93231				2
2025.12.12	00:35:54.415		0.93372			4
2025.12.12	00:35:54.740	0.93238	0.93371			6
2025.12.12	00:35:55.366	0.93224	0.93369			6
2025.12.12	00:35:55.900	0.93229				2
2025.12.12	00:35:56.297	0.93230	0.93365			6
2025.12.12	00:35:56.598		0.93366			4
2025.12.12	00:35:57.138		0.93365			4
2025.12.12	00:35:57.458		0.93363			4
2025.12.12	00:35:57.800	0.93238	0.93362			6
2025.12.12	00:35:58.547	0.93222				2
2025.12.12	00:35:59.006	0.93235				2
2025.12.12	00:35:59.348	0.93220				2
2025.12.12	00:36:00.201	0.93228	0.93363			6
2025.12.12	00:36:00.518	0.93237	0.93362			6
2025.12.12	00:36:00.937	0.93243				2
2025.12.12	00:36:01.399	0.93241				2
2025.12.12	00:36:01.999		0.93357			4
2025.12.12	00:36:02.317	0.93233	0.93362			6
2025.12.12	00:36:02.901	0.93228				2
2025.12.12	00:36:03.218		0.93357			4
2025.12.12	00:36:04.096	0.93219				2
2025.12.12	00:36:04.522	0.93221				2
2025.12.12	00:36:05.076	0.93232				2
2025.12.12	00:36:05.537	0.93245				2
2025.12.12	00:36:09.710	0.93222				2
2025.12.12	00:36:10.207	0.93227				2
2025.12.12	00:36:10.797	0.93234	0.93358			6
2025.12.12	00:36:11.208	0.93225	0.93357			6
2025.12.12	00:36:11.550	0.93218	0.93359			6
2025.12.12	00:36:13.018	0.93221	0.93358			6
2025.12.12	00:36:13.357	0.93217				2
2025.12.12	00:36:13.700		0.93359			4
2025.12.12	00:36:14.873	0.93220				2
2025.12.12	00:36:15.241	0.93241	0.93357			6
2025.12.12	00:36:15.900	0.93245				2
2025.12.12	00:36:19.900	0.93244				2
2025.12.12	00:36:26.199	0.93245	0.93356			6
2025.12.12	00:36:26.805	0.93244	0.93357			6
2025.12.12	00:36:27.140	0.93242	0.93356			6
2025.12.12	00:36:27.609	0.93246				2
2025.12.12	00:36:28.674		0.93357			4
2025.12.12	00:36:30.198		0.93356			4
2025.12.12	00:36:33.422		0.93357			4
2025.12.12	00:36:34.183		0.93356			4
2025.12.12	00:36:38.402	0.93248	0.93357			6
2025.12.12	00:36:38.824	0.93236	0.93358			6
2025.12.12	00:36:39.138	0.93242	0.93363			6
2025.12.12	00:36:39.444	0.93261	0.93359			6
2025.12.12	00:36:40.100	0.93217	0.93356			6
2025.12.12	00:36:40.401	0.93247	0.93357			6
2025.12.12	00:36:41.108	0.93253				2
2025.12.12	00:36:41.898		0.93358			4
2025.12.12	00:36:44.434	0.93248	0.93356			6
2025.12.12	00:36:46.700		0.93357			4
2025.12.12	00:36:48.499		0.93356			4
2025.12.12	00:36:49.938		0.93357			4
2025.12.12	00:36:50.767		0.93356			4
2025.12.12	00:36:53.299		0.93357			4
2025.12.12	00:36:55.700	0.93246	0.93355			6
2025.12.12	00:36:56.231		0.93353			4
2025.12.12	00:36:56.536		0.93355			4
2025.12.12	00:36:56.838	0.93243				2
2025.12.12	00:36:57.448		0.93354			4
2025.12.12	00:36:57.899	0.93247	0.93390			6
2025.12.12	00:36:58.297	0.93224	0.93384			6
2025.12.12	00:36:58.597		0.93380			4
2025.12.12	00:36:58.903	0.93219	0.93372			6
2025.12.12	00:36:59.270	0.93224	0.93370			6
2025.12.12	00:36:59.577	0.93248	0.93368			6
2025.12.12	00:37:00.093	0.93248	0.93367			6
2025.12.12	00:37:00.529		0.93368			4
2025.12.12	00:37:01.427		0.93369			4
2025.12.12	00:37:01.734	0.93237				2
2025.12.12	00:37:02.096	0.93250				2
2025.12.12	00:37:02.900		0.93368			4
2025.12.12	00:37:04.374		0.93367			4
2025.12.12	00:37:04.999		0.93362			4
2025.12.12	00:37:05.502	0.93220	0.93351			6
2025.12.12	00:37:06.074	0.93231	0.93352			6
2025.12.12	00:37:06.490	0.93238				2
2025.12.12	00:37:07.096		0.93351			4
2025.12.12	00:37:07.684	0.93240				2
2025.12.12	00:37:09.096	0.93241	0.93352			6
2025.12.12	00:37:09.415	0.93232	0.93351			6
2025.12.12	00:37:10.040		0.93352			4
2025.12.12	00:37:10.857		0.93351			4
2025.12.12	00:37:11.544	0.93234				2
2025.12.12	00:37:13.773		0.93352			4
2025.12.12	00:37:14.097	0.93240				2
2025.12.12	00:37:19.224		0.93353			4
2025.12.12	00:37:20.600	0.93241	0.93354			6
2025.12.12	00:37:20.975	0.93243	0.93356			6
2025.12.12	00:37:21.278	0.93250				2
2025.12.12	00:37:21.901	0.93235	0.93355			6
2025.12.12	00:37:22.203	0.93258				2
2025.12.12	00:37:22.612	0.93271	0.93359			6
2025.12.12	00:37:22.928	0.93253	0.93355			6
2025.12.12	00:37:23.352	0.93268	0.93356			6
2025.12.12	00:37:23.713	0.93255	0.93353			6
2025.12.12	00:37:24.071		0.93354			4
2025.12.12	00:37:25.639		0.93353			4
2025.12.12	00:37:26.112	0.93252	0.93352			6
2025.12.12	00:37:26.936	0.93262	0.93353			6
2025.12.12	00:37:27.439		0.93354			4
2025.12.12	00:37:28.098	0.93233	0.93350			6
2025.12.12	00:37:28.601	0.93235				2
2025.12.12	00:37:28.938	0.93230	0.93349			6
2025.12.12	00:37:29.287		0.93351			4
2025.12.12	00:37:29.602	0.93232				2
2025.12.12	00:37:30.448	0.93233	0.93350			6
2025.12.12	00:37:32.439	0.93237				2
2025.12.12	00:37:34.047	0.93224	0.93352			6
2025.12.12	00:37:34.440		0.93351			4
2025.12.12	00:37:34.806	0.93226				2
2025.12.12	00:37:35.324	0.93218	0.93345			6
2025.12.12	00:37:35.832	0.93220				2
2025.12.12	00:37:36.307	0.93227	0.93346			6
2025.12.12	00:37:36.773	0.93218				2
2025.12.12	00:37:37.171		0.93345			4
2025.12.12	00:37:37.488	0.93221				2
2025.12.12	00:37:37.825	0.93229				2
2025.12.12	00:37:38.406		0.93346			4
2025.12.12	00:37:38.898	0.93237				2
2025.12.12	00:37:40.595		0.93347			4
2025.12.12	00:37:41.167	0.93228	0.93350			6
2025.12.12	00:37:41.798		0.93349			4
2025.12.12	00:37:42.172	0.93236	0.93348			6
2025.12.12	00:37:44.303	0.93229	0.93349			6
2025.12.12	00:37:44.627	0.93231	0.93348			6
2025.12.12	00:37:45.012	0.93235				2
2025.12.12	00:37:46.207	0.93225	0.93347			6
2025.12.12	00:37:46.709	0.93228	0.93346			6
2025.12.12	00:37:47.840		0.93347			4
2025.12.12	00:37:49.674	0.93231				2
2025.12.12	00:37:51.900	0.93226	0.93345			6
2025.12.12	00:37:52.298	0.93228				2
2025.12.12	00:37:52.700	0.93233	0.93342			6
2025.12.12	00:37:53.902		0.93341			4
2025.12.12	00:37:54.275	0.93230				2
2025.12.12	00:37:54.739	0.93232	0.93339			6
2025.12.12	00:37:55.401		0.93340			4
2025.12.12	00:37:55.796		0.93339			4
2025.12.12	00:37:56.539	0.93233				2
2025.12.12	00:37:58.866	0.93232	0.93337			6
2025.12.12	00:37:59.901		0.93336			4
2025.12.12	00:38:01.900	0.93232	0.93334			6
2025.12.12	00:38:02.907	0.93228	0.93331			6
2025.12.12	00:38:04.150	0.93234	0.93330			6
2025.12.12	00:38:04.901	0.93221	0.93328			6
2025.12.12	00:38:05.822	0.93224				2
2025.12.12	00:38:06.898	0.93230	0.93327			6
2025.12.12	00:38:07.217	0.93224	0.93326			6
2025.12.12	00:38:08.000	0.93231				2
2025.12.12	00:38:08.899	0.93226	0.93324			6
2025.12.12	00:38:09.200	0.93228				2
2025.12.12	00:38:09.901	0.93236	0.93321			6
2025.12.12	00:38:11.300	0.93235				2
2025.12.12	00:38:11.658	0.93237	0.93320			6
2025.12.12	00:38:11.991	0.93230				2
2025.12.12	00:38:13.901		0.93319			4
2025.12.12	00:38:14.534	0.93236	0.93320			6
2025.12.12	00:38:15.749	0.93239	0.93321			6
2025.12.12	00:38:16.163	0.93238	0.93322			6
2025.12.12	00:38:17.899	0.93226	0.93340			6
2025.12.12	00:38:18.500	0.93229	0.93343			6
2025.12.12	00:38:18.912	0.93230	0.93345			6
2025.12.12	00:38:19.288	0.93232	0.93348			6
2025.12.12	00:38:19.901	0.93242	0.93354			6
2025.12.12	00:38:23.285		0.93355			4
2025.12.12	00:38:28.439	0.93247				2
2025.12.12	00:38:29.838		0.93356			4
2025.12.12	00:38:31.207	0.93239	0.93359			6
2025.12.12	00:38:32.237	0.93241				2
2025.12.12	00:38:41.704		0.93360			4
2025.12.12	00:38:44.235		0.93361			4
2025.12.12	00:38:46.665		0.93362			4
2025.12.12	00:38:49.276		0.93359			4
2025.12.12	00:38:49.946	0.93238	0.93362			6
2025.12.12	00:38:50.590	0.93241	0.93358			6
2025.12.12	00:38:50.907		0.93359			4
2025.12.12	00:38:51.900	0.93240				2
2025.12.12	00:38:52.899	0.93229				2
2025.12.12	00:38:53.729		0.93360			4
2025.12.12	00:38:55.116		0.93362			4
2025.12.12	00:38:59.265		0.93360			4
2025.12.12	00:38:59.575		0.93362			4
2025.12.12	00:39:00.570	0.93228	0.93361			6
2025.12.12	00:39:02.727		0.93362			4
2025.12.12	00:39:03.930		0.93363			4
2025.12.12	00:39:05.727	0.93230				2
2025.12.12	00:39:07.759	0.93180	0.93377			6
2025.12.12	00:39:08.102		0.93381			4
2025.12.12	00:39:08.462		0.93373			4
2025.12.12	00:39:08.899		0.93377			4
2025.12.12	00:39:09.383		0.93380			4
2025.12.12	00:39:09.697	0.93210	0.93383			6
2025.12.12	00:39:10.010	0.93223	0.93381			6
2025.12.12	00:39:10.333		0.93383			4
2025.12.12	00:39:10.639		0.93385			4
2025.12.12	00:39:11.102	0.93236	0.93382			6
2025.12.12	00:39:11.744		0.93381			4
2025.12.12	00:39:13.104		0.93373			4
2025.12.12	00:39:13.476		0.93374			4
2025.12.12	00:39:14.031	0.93246				2
2025.12.12	00:39:15.930		0.93375			4
2025.12.12	00:39:16.904		0.93376			4
2025.12.12	00:39:19.092		0.93377			4
2025.12.12	00:39:20.422		0.93378			4
2025.12.12	00:39:23.787		0.93377			4
2025.12.12	00:39:24.146		0.93379			4
2025.12.12	00:39:24.653		0.93380			4
2025.12.12	00:39:25.728	0.93253				2
2025.12.12	00:39:27.844	0.93247				2
2025.12.12	00:39:32.836	0.93254				2
2025.12.12	00:39:34.154	0.93248				2
2025.12.12	00:39:34.526	0.93254				2
2025.12.12	00:39:34.828	0.93247				2
2025.12.12	00:39:39.169		0.93381			4
2025.12.12	00:39:40.105	0.93254	0.93382			6
2025.12.12	00:39:45.127	0.93250	0.93378			6
2025.12.12	00:39:46.222	0.93260				2
2025.12.12	00:39:46.572		0.93376			4
2025.12.12	00:39:46.900	0.93240	0.93369			6
2025.12.12	00:39:47.227	0.93236	0.93366			6
2025.12.12	00:39:49.197		0.93368			4
2025.12.12	00:39:49.573		0.93365			4
2025.12.12	00:39:49.975		0.93364			4
2025.12.12	00:39:52.440		0.93363			4
2025.12.12	00:39:52.802		0.93362			4
2025.12.12	00:39:53.889		0.93363			4
2025.12.12	00:39:54.535		0.93364			4
2025.12.12	00:39:56.497		0.93363			4
2025.12.12	00:40:00.437	0.93236				2
2025.12.12	00:40:05.237		0.93364			4
2025.12.12	00:40:20.325		0.93365			4
2025.12.12	00:40:23.151		0.93363			4
2025.12.12	00:40:24.752		0.93362			4
2025.12.12	00:40:25.126	0.93235				2
2025.12.12	00:40:25.976		0.93365			4
2025.12.12	00:40:31.552		0.93366			4
2025.12.12	00:40:31.932		0.93365			4
2025.12.12	00:40:32.243	0.93223	0.93370			6
2025.12.12	00:40:33.132	0.93224	0.93367			6
2025.12.12	00:40:36.903		0.93368			4
2025.12.12	00:40:38.899		0.93367			4
2025.12.12	00:40:39.438		0.93368			4
2025.12.12	00:40:40.132	0.93230	0.93370			6
2025.12.12	00:40:40.696	0.93226	0.93369			6
2025.12.12	00:40:42.799	0.93220	0.93370			6
2025.12.12	00:40:46.837		0.93369			4
2025.12.12	00:40:47.374	0.93223				2
2025.12.12	00:40:48.161	0.93206	0.93361			6
2025.12.12	00:40:48.601	0.93205				2
2025.12.12	00:40:49.063		0.93366			4
2025.12.12	00:40:49.433	0.93221	0.93365			6
2025.12.12	00:40:51.031		0.93368			4
2025.12.12	00:40:52.459	0.93220				2
2025.12.12	00:40:52.908		0.93369			4
2025.12.12	00:41:01.048	0.93212	0.93364			6
2025.12.12	00:41:01.407	0.93217				2
2025.12.12	00:41:02.156	0.93218	0.93366			6
2025.12.12	00:41:07.115		0.93367			4
2025.12.12	00:41:07.467	0.93212	0.93364			6
2025.12.12	00:41:08.705		0.93363			4
2025.12.12	00:41:09.201	0.93213				2
2025.12.12	00:41:10.967	0.93216	0.93368			6
2025.12.12	00:41:11.341	0.93221	0.93365			6
2025.12.12	00:41:11.646		0.93369			4
2025.12.12	00:41:15.434		0.93370			4
2025.12.12	00:41:16.153	0.93213	0.93361			6
2025.12.12	00:41:16.515	0.93212	0.93359			6
2025.12.12	00:41:16.883	0.93213				2
2025.12.12	00:41:17.667	0.93224	0.93367			6
2025.12.12	00:41:18.221		0.93361			4
2025.12.12	00:41:18.684	0.93230	0.93365			6
2025.12.12	00:41:19.110	0.93229	0.93366			6
2025.12.12	00:41:21.407	0.93227	0.93365			6
2025.12.12	00:41:22.467	0.93224				2
2025.12.12	00:41:23.159		0.93367			4
2025.12.12	00:41:25.115	0.93218	0.93363			6
2025.12.12	00:41:25.699	0.93224	0.93365			6
2025.12.12	00:41:33.900		0.93364			4
2025.12.12	00:41:34.909	0.93221				2
2025.12.12	00:41:36.704	0.93223				2
2025.12.12	00:41:37.184		0.93368			4
2025.12.12	00:41:37.498	0.93216	0.93367			6
2025.12.12	00:41:39.288		0.93369			4
2025.12.12	00:41:39.646		0.93367			4
2025.12.12	00:41:42.738	0.93207				2
2025.12.12	00:41:43.500	0.93224	0.93363			6
2025.12.12	00:41:43.812		0.93366			4
2025.12.12	00:41:45.179		0.93363			4
2025.12.12	00:41:45.508		0.93364			4
2025.12.12	00:41:52.905		0.93366			4
2025.12.12	00:41:58.968	0.93217				2
2025.12.12	00:41:59.310	0.93218	0.93368			6
2025.12.12	00:41:59.900		0.93367			4
2025.12.12	00:42:00.215	0.93199	0.93359			6
2025.12.12	00:42:00.537	0.93200				2
2025.12.12	00:42:01.412		0.93360			4
2025.12.12	00:42:03.824	0.93199	0.93359			6
2025.12.12	00:42:06.064		0.93360			4
2025.12.12	00:42:07.446	0.93217	0.93365			6
2025.12.12	00:42:09.003	0.93216	0.93363			6
2025.12.12	00:42:19.980	0.93205	0.93358			6
2025.12.12	00:42:21.454	0.93204				2
2025.12.12	00:42:23.456	0.93205	0.93363			6
2025.12.12	00:42:23.955	0.93216				2
2025.12.12	00:42:25.978	0.93203				2
2025.12.12	00:42:27.730		0.93364			4
2025.12.12	00:42:29.967	0.93196	0.93359			6
2025.12.12	00:42:30.459	0.93203	0.93363			6
2025.12.12	00:42:30.843		0.93362			4
2025.12.12	00:42:32.647		0.93359			4
2025.12.12	00:42:37.466	0.93207	0.93360			6
2025.12.12	00:42:37.922		0.93361			4
2025.12.12	00:42:43.497	0.93212				2
2025.12.12	00:42:44.231		0.93360			4
2025.12.12	00:42:45.051	0.93203	0.93356			6
2025.12.12	00:42:47.560	0.93216	0.93359			6
2025.12.12	00:42:48.058		0.93364			4
2025.12.12	00:42:49.196	0.93220	0.93367			6
2025.12.12	00:42:49.698	0.93226				2
2025.12.12	00:42:51.976		0.93368			4
2025.12.12	00:42:52.429		0.93366			4
2025.12.12	00:42:53.509		0.93365			4
2025.12.12	00:42:56.239		0.93366			4
2025.12.12	00:42:57.945		0.93365			4
2025.12.12	00:42:58.319		0.93366			4
2025.12.12	00:43:00.436	0.93226				2
2025.12.12	00:43:02.570	0.93231	0.93367			6
2025.12.12	00:43:04.650		0.93368			4
2025.12.12	00:43:05.214	0.93232	0.93366			6
2025.12.12	00:43:06.409		0.93365			4
2025.12.12	00:43:07.428		0.93366			4
2025.12.12	00:43:16.110	0.93235				2
2025.12.12	00:43:16.482	0.93233				2
2025.12.12	00:43:17.571		0.93368			4
2025.12.12	00:43:18.438		0.93369			4
2025.12.12	00:43:20.204	0.93235	0.93368			6
2025.12.12	00:43:22.428		0.93367			4
2025.12.12	00:43:25.695	0.93225	0.93366			6
2025.12.12	00:43:27.499		0.93367			4
2025.12.12	00:43:29.311	0.93227	0.93366			6
2025.12.12	00:43:29.745	0.93236				2
2025.12.12	00:43:31.099		0.93367			4
2025.12.12	00:43:32.945	0.93234	0.93368			6
2025.12.12	00:43:33.249	0.93233	0.93370			6
2025.12.12	00:43:34.257		0.93371			4
2025.12.12	00:43:36.441		0.93370			4
2025.12.12	00:43:37.546	0.93239	0.93371			6
2025.12.12	00:43:38.046	0.93240	0.93368			6
2025.12.12	00:43:42.122		0.93369			4
2025.12.12	00:43:42.861		0.93368			4
2025.12.12	00:43:44.736	0.93242				2
2025.12.12	00:43:45.765	0.93240				2
2025.12.12	00:43:47.571		0.93370			4
2025.12.12	00:43:49.937		0.93371			4
2025.12.12	00:43:52.436	0.93242	0.93369			6
2025.12.12	00:43:53.473	0.93251	0.93368			6
2025.12.12	00:43:58.770		0.93367			4
2025.12.12	00:43:59.099	0.93246	0.93372			6
2025.12.12	00:44:00.501	0.93246				2
2025.12.12	00:44:01.529	0.93244	0.93371			6
2025.12.12	00:44:01.937	0.93248	0.93372			6
2025.12.12	00:44:02.571		0.93373			4
2025.12.12	00:44:12.858		0.93374			4
2025.12.12	00:44:17.253	0.93249	0.93372			6
2025.12.12	00:44:18.141		0.93371			4
2025.12.12	00:44:19.811	0.93245				2
2025.12.12	00:44:20.539		0.93370			4
2025.12.12	00:44:22.466		0.93369			4
2025.12.12	00:44:25.305	0.93249				2
2025.12.12	00:44:26.018	0.93253				2
2025.12.12	00:44:26.382	0.93249				2
2025.12.12	00:44:26.692	0.93253				2
2025.12.12	00:44:27.132	0.93249				2
2025.12.12	00:44:27.524		0.93370			4
2025.12.12	00:44:28.280		0.93372			4
2025.12.12	00:44:29.272	0.93242	0.93373			6
2025.12.12	00:44:29.924	0.93248				2
2025.12.12	00:44:30.247		0.93370			4
2025.12.12	00:44:32.569	0.93249				2
2025.12.12	00:44:32.899	0.93253	0.93368			6
2025.12.12	00:44:33.219	0.93249	0.93369			6
2025.12.12	00:44:34.640		0.93370			4
2025.12.12	00:44:36.373	0.93254	0.93368			6
2025.12.12	00:44:36.700	0.93253				2
2025.12.12	00:44:37.015	0.93249	0.93369			6
2025.12.12	00:44:38.185		0.93368			4
2025.12.12	00:44:38.513		0.93369			4
2025.12.12	00:44:39.073	0.93253				2
2025.12.12	00:44:39.464	0.93254	0.93368			6
2025.12.12	00:44:40.695		0.93369			4
2025.12.12	00:44:42.140		0.93368			4
2025.12.12	00:44:42.762	0.93255	0.93367			6
2025.12.12	00:44:44.234	0.93256	0.93368			6
2025.12.12	00:44:44.859	0.93251	0.93369			6
2025.12.12	00:44:46.390	0.93254				2
2025.12.12	00:44:46.800	0.93255	0.93368			6
2025.12.12	00:44:47.472	0.93251	0.93369			6
2025.12.12	00:44:48.333	0.93255				2
2025.12.12	00:44:48.771	0.93251				2
2025.12.12	00:44:49.330	0.93255				2
2025.12.12	00:44:49.831	0.93251				2
2025.12.12	00:44:50.240	0.93252	0.93370			6
2025.12.12	00:44:52.215	0.93253	0.93369			6
2025.12.12	00:44:52.523	0.93252				2
2025.12.12	00:44:54.599	0.93253				2
2025.12.12	00:44:54.911	0.93256				2
2025.12.12	00:44:55.412	0.93252				2
2025.12.12	00:44:56.006	0.93256				2
2025.12.12	00:44:56.499	0.93243				2
2025.12.12	00:44:57.258	0.93247				2
2025.12.12	00:44:57.651	0.93250	0.93368			6
2025.12.12	00:44:58.122	0.93251				2
2025.12.12	00:45:01.637	0.93251				2
2025.12.12	00:45:02.272	0.93250	0.93371			6
2025.12.12	00:45:03.201	0.93192	0.93381			6
2025.12.12	00:45:03.814	0.93190	0.93383			6
2025.12.12	00:45:04.134	0.93188	0.93384			6
2025.12.12	00:45:04.758	0.93187	0.93385			6
2025.12.12	00:45:05.065		0.93386			4
2025.12.12	00:45:06.621	0.93253	0.93373			6
2025.12.12	00:45:08.300		0.93372			4
2025.12.12	00:45:11.965	0.93271	0.93354			6
2025.12.12	00:45:14.909	0.93269				2
2025.12.12	00:45:19.073		0.93357			4
2025.12.12	00:45:23.442		0.93355			4
2025.12.12	00:45:24.549		0.93356			4
2025.12.12	00:45:25.458		0.93354			4
2025.12.12	00:45:28.401		0.93355			4
2025.12.12	00:45:29.233		0.93354			4
2025.12.12	00:45:34.280	0.93270	0.93351			6
2025.12.12	00:45:34.780	0.93272				2
2025.12.12	00:45:39.765		0.93353			4
2025.12.12	00:45:40.765		0.93351			4
2025.12.12	00:45:42.958		0.93350			4
2025.12.12	00:45:43.802	0.93271	0.93351			6
2025.12.12	00:45:44.304		0.93350			4
2025.12.12	00:45:45.012		0.93351			4
2025.12.12	00:45:45.606		0.93350			4
2025.12.12	00:45:47.837		0.93349			4
2025.12.12	00:45:51.331	0.93265	0.93352			6
2025.12.12	00:45:52.139	0.93270	0.93350			6
2025.12.12	00:45:54.502		0.93351			4
2025.12.12	00:45:55.942		0.93352			4
2025.12.12	00:45:57.508		0.93351			4
2025.12.12	00:45:57.959	0.93266				2
2025.12.12	00:45:59.304	0.93265				2
2025.12.12	00:45:59.651	0.93261	0.93350			6
2025.12.12	00:46:00.282	0.93272				2
2025.12.12	00:46:00.646		0.93349			4
2025.12.12	00:46:01.116	0.93260	0.93348			6
2025.12.12	00:46:01.453	0.93267				2
2025.12.12	00:46:01.862	0.93271	0.93351			6
2025.12.12	00:46:02.346		0.93349			4
2025.12.12	00:46:03.150		0.93351			4
2025.12.12	00:46:05.297	0.93274	0.93355			6
2025.12.12	00:46:08.914	0.93273				2
2025.12.12	00:46:09.225		0.93352			4
2025.12.12	00:46:10.297	0.93270	0.93350			6
2025.12.12	00:46:10.675		0.93352			4
2025.12.12	00:46:12.199		0.93355			4
2025.12.12	00:46:12.958	0.93271	0.93354			6
2025.12.12	00:46:16.038		0.93353			4
2025.12.12	00:46:17.301		0.93352			4
2025.12.12	00:46:21.137		0.93351			4
2025.12.12	00:46:23.140	0.93272				2
2025.12.12	00:46:32.395	0.93269				2
2025.12.12	00:46:32.755	0.93270				2
2025.12.12	00:46:35.795		0.93350			4
2025.12.12	00:46:36.308	0.93272	0.93352			6
2025.12.12	00:46:39.139	0.93271				2
2025.12.12	00:46:45.741		0.93353			4
2025.12.12	00:46:49.098		0.93350			4
2025.12.12	00:46:49.404	0.93264				2
2025.12.12	00:46:49.981	0.93269				2
2025.12.12	00:46:51.169		0.93349			4
2025.12.12	00:46:52.971	0.93265				2
2025.12.12	00:46:53.473	0.93270	0.93348			6
2025.12.12	00:46:55.148	0.93269				2
2025.12.12	00:46:56.228	0.93272	0.93349			6
2025.12.12	00:46:58.232		0.93350			4
2025.12.12	00:46:59.059		0.93349			4
2025.12.12	00:46:59.372	0.93273				2
2025.12.12	00:46:59.811		0.93344			4
2025.12.12	00:47:00.115	0.93273				2
2025.12.12	00:47:01.141	0.93279				2
2025.12.12	00:47:01.590		0.93345			4
2025.12.12	00:47:03.236	0.93199	0.93351			6
2025.12.12	00:47:04.509	0.93200	0.93350			6
2025.12.12	00:47:04.832		0.93349			4
2025.12.12	00:47:06.715	0.93279	0.93343			6
2025.12.12	00:47:10.900	0.93275	0.93342			6
2025.12.12	00:47:11.647	0.93278				2
2025.12.12	00:47:12.265		0.93343			4
2025.12.12	00:47:22.899	0.93274				2
2025.12.12	00:47:31.699		0.93342			4
2025.12.12	00:47:35.121		0.93343			4
2025.12.12	00:47:36.321	0.93275	0.93341			6
2025.12.12	00:47:37.913	0.93276				2
2025.12.12	00:47:38.634	0.93275				2
2025.12.12	00:47:42.134		0.93340			4
2025.12.12	00:47:42.600	0.93279				2
2025.12.12	00:47:44.135	0.93275				2
2025.12.12	00:47:45.211	0.93278				2
2025.12.12	00:47:48.582	0.93275				2
2025.12.12	00:47:48.983	0.93278				2
2025.12.12	00:47:49.821		0.93341			4
2025.12.12	00:47:51.146	0.93275	0.93340			6
2025.12.12	00:47:52.640	0.93265	0.93332			6
2025.12.12	00:47:53.170	0.93259				2
2025.12.12	00:47:53.544	0.93265	0.93331			6
2025.12.12	00:47:58.905	0.93264	0.93332			6
2025.12.12	00:47:59.298		0.93331			4
2025.12.12	00:48:00.136	0.93269	0.93333			6
2025.12.12	00:48:00.451	0.93262	0.93331			6
2025.12.12	00:48:00.776	0.93257	0.93327			6
2025.12.12	00:48:01.139	0.93259	0.93325			6
2025.12.12	00:48:02.101	0.93257				2
2025.12.12	00:48:02.559	0.93250	0.93324			6
2025.12.12	00:48:03.679		0.93325			4
2025.12.12	00:48:18.466		0.93324			4
2025.12.12	00:48:27.038		0.93325			4
2025.12.12	00:48:38.946		0.93326			4
2025.12.12	00:48:39.269		0.93325			4
2025.12.12	00:48:39.915	0.93255	0.93327			6
2025.12.12	00:48:40.458	0.93257	0.93326			6
2025.12.12	00:48:40.812	0.93250	0.93325			6
2025.12.12	00:48:51.062		0.93326			4
2025.12.12	00:48:52.502	0.93257				2
2025.12.12	00:48:53.904	0.93258	0.93327			6
2025.12.12	00:48:55.209		0.93325			4
2025.12.12	00:48:56.900		0.93326			4
2025.12.12	00:48:57.327		0.93325			4
2025.12.12	00:49:00.374	0.93258				2
2025.12.12	00:49:22.102		0.93324			4
2025.12.12	00:49:29.214		0.93325			4
2025.12.12	00:49:38.674	0.93254	0.93327			6
2025.12.12	00:49:39.095	0.93258	0.93328			6
2025.12.12	00:49:39.397	0.93263	0.93326			6
2025.12.12	00:49:39.709	0.93258				2
2025.12.12	00:49:40.801		0.93325			4
2025.12.12	00:49:43.429		0.93326			4
2025.12.12	00:49:49.204	0.93257	0.93338			6
2025.12.12	00:49:49.510		0.93335			4
2025.12.12	00:49:51.024		0.93331			4
2025.12.12	00:49:52.111		0.93329			4
2025.12.12	00:49:53.126		0.93328			4
2025.12.12	00:49:54.143	0.93260	0.93326			6
2025.12.12	00:49:54.901	0.93259	0.93328			6
2025.12.12	00:49:55.218		0.93326			4
2025.12.12	00:49:55.683	0.93261				2
2025.12.12	00:49:56.331	0.93253	0.93324			6
2025.12.12	00:49:59.275	0.93256	0.93325			6
2025.12.12	00:50:00.144	0.93260	0.93326			6
2025.12.12	00:50:02.238		0.93325			4
2025.12.12	00:50:10.276		0.93324			4
2025.12.12	00:50:13.221		0.93322			4
2025.12.12	00:50:15.321	0.93259				2
2025.12.12	00:50:16.257	0.93258	0.93324			6
2025.12.12	00:50:29.081	0.93262	0.93327			6
2025.12.12	00:50:31.667		0.93328			4
2025.12.12	00:50:33.159		0.93329			4
2025.12.12	00:50:35.299		0.93330			4
2025.12.12	00:50:36.001		0.93328			4
2025.12.12	00:50:36.317	0.93259	0.93325			6
2025.12.12	00:50:37.483		0.93324			4
2025.12.12	00:50:38.888		0.93327			4
2025.12.12	00:50:39.222		0.93329			4
2025.12.12	00:50:39.536		0.93327			4
2025.12.12	00:50:39.903		0.93326			4
2025.12.12	00:50:40.561		0.93325			4
2025.12.12	00:50:41.239		0.93327			4
2025.12.12	00:50:41.900		0.93328			4
2025.12.12	00:50:43.042		0.93329			4
2025.12.12	00:50:44.215	0.93265				2
2025.12.12	00:50:44.528	0.93257	0.93328			6
2025.12.12	00:50:44.842		0.93327			4
2025.12.12	00:50:45.188		0.93326			4
2025.12.12	00:50:46.668	0.93259				2
2025.12.12	00:50:47.000		0.93327			4
2025.12.12	00:50:48.685	0.93260	0.93325			6
2025.12.12	00:50:49.099		0.93324			4
2025.12.12	00:50:49.967		0.93326			4
2025.12.12	00:50:50.290		0.93328			4
2025.12.12	00:50:51.521		0.93329			4
2025.12.12	00:50:52.163	0.93269	0.93328			6
2025.12.12	00:50:52.466	0.93263				2
2025.12.12	00:50:52.772		0.93325			4
2025.12.12	00:50:55.148	0.93260	0.93328			6
2025.12.12	00:50:55.459		0.93329			4
2025.12.12	00:50:56.023		0.93325			4
2025.12.12	00:50:57.029		0.93327			4
2025.12.12	00:50:57.376	0.93266				2
2025.12.12	00:50:57.685	0.93263				2
2025.12.12	00:50:59.030	0.93260	0.93324			6
2025.12.12	00:51:00.149	0.93260	0.93328			6
2025.12.12	00:51:00.901		0.93324			4
2025.12.12	00:51:01.904	0.93261	0.93326			6
2025.12.12	00:51:02.221		0.93330			4
2025.12.12	00:51:04.792		0.93329			4
2025.12.12	00:51:05.218		0.93326			4
2025.12.12	00:51:06.056		0.93327			4
2025.12.12	00:51:06.601		0.93325			4
2025.12.12	00:51:07.604		0.93324			4
2025.12.12	00:51:18.224		0.93325			4
2025.12.12	00:51:19.639		0.93324			4
2025.12.12	00:51:27.082	0.93262				2
2025.12.12	00:51:28.180		0.93325			4
2025.12.12	00:51:37.675		0.93326			4
2025.12.12	00:51:38.417		0.93325			4
2025.12.12	00:51:39.767	0.93266	0.93328			6
2025.12.12	00:51:40.139	0.93263	0.93327			6
2025.12.12	00:51:40.455		0.93328			4
2025.12.12	00:51:40.836	0.93266	0.93327			6
2025.12.12	00:51:42.071		0.93325			4
2025.12.12	00:51:45.139		0.93326			4
2025.12.12	00:51:49.201	0.93263	0.93328			6
2025.12.12	00:51:49.704		0.93326			4
2025.12.12	00:51:50.780	0.93266	0.93328			6
2025.12.12	00:51:51.150	0.93263	0.93327			6
2025.12.12	00:51:52.151	0.93269	0.93329			6
2025.12.12	00:51:52.720	0.93276				2
2025.12.12	00:51:54.800		0.93330			4
2025.12.12	00:51:58.286		0.93329			4
2025.12.12	00:51:59.463	0.93277				2
2025.12.12	00:52:03.025	0.93279				2
2025.12.12	00:52:05.001		0.93330			4
2025.12.12	00:52:06.222		0.93329			4
2025.12.12	00:52:07.691		0.93331			4
2025.12.12	00:52:09.212		0.93330			4
2025.12.12	00:52:13.968	0.93280	0.93331			6
2025.12.12	00:52:16.399	0.93281				2
2025.12.12	00:52:16.730	0.93280				2
2025.12.12	00:52:20.712	0.93281				2
2025.12.12	00:52:21.467		0.93332			4
2025.12.12	00:52:21.904		0.93331			4
2025.12.12	00:52:23.982		0.93330			4
2025.12.12	00:52:25.738		0.93331			4
2025.12.12	00:52:27.800		0.93330			4
2025.12.12	00:52:37.692		0.93331			4
2025.12.12	00:52:51.611		0.93329			4
2025.12.12	00:52:52.334		0.93331			4
2025.12.12	00:52:53.129	0.93283				2
2025.12.12	00:53:00.168	0.93283				2
2025.12.12	00:53:02.645		0.93332			4
2025.12.12	00:53:04.069		0.93333			4
2025.12.12	00:53:05.139		0.93332			4
2025.12.12	00:53:06.090		0.93331			4
2025.12.12	00:53:13.115	0.93280	0.93332			6
2025.12.12	00:53:14.991		0.93331			4
2025.12.12	00:53:16.451	0.93282	0.93332			6
2025.12.12	00:53:19.634		0.93333			4
2025.12.12	00:53:21.800		0.93332			4
2025.12.12	00:53:26.515		0.93333			4
2025.12.12	00:53:27.158	0.93284				2
2025.12.12	00:53:27.501		0.93332			4
2025.12.12	00:53:28.452		0.93333			4
2025.12.12	00:53:30.422		0.93336			4
2025.12.12	00:53:30.789	0.93287				2
2025.12.12	00:53:32.573		0.93334			4
2025.12.12	00:53:39.173	0.93285				2
2025.12.12	00:53:40.622	0.93286	0.93335			6
2025.12.12	00:53:40.927	0.93261	0.93328			6
2025.12.12	00:53:41.232	0.93263				2
2025.12.12	00:53:41.623	0.93268	0.93327			6
2025.12.12	00:53:42.041	0.93270	0.93325			6
2025.12.12	00:53:50.110	0.93271				2
2025.12.12	00:53:50.899		0.93324			4
2025.12.12	00:53:52.141	0.93262	0.93323			6
2025.12.12	00:53:52.939	0.93260				2
2025.12.12	00:53:54.160	0.93259				2
2025.12.12	00:53:54.467	0.93258	0.93322			6
2025.12.12	00:53:54.770	0.93253	0.93321			6
2025.12.12	00:53:55.496	0.93259	0.93323			6
2025.12.12	00:53:56.158	0.93262				2
2025.12.12	00:53:56.588	0.93259				2
2025.12.12	00:53:57.559		0.93322			4
2025.12.12	00:53:58.165	0.93256	0.93321			6
2025.12.12	00:53:59.266	0.93253	0.93322			6
2025.12.12	00:53:59.602		0.93323			4
2025.12.12	00:53:59.935		0.93325			4
2025.12.12	00:54:00.266	0.93262	0.93326			6
2025.12.12	00:54:00.574	0.93261	0.93324			6
2025.12.12	00:54:00.935	0.93265	0.93325			6
2025.12.12	00:54:02.073	0.93256	0.93323			6
2025.12.12	00:54:02.381		0.93326			4
2025.12.12	00:54:02.899	0.93254	0.93322			6
2025.12.12	00:54:03.236	0.93253	0.93321			6
2025.12.12	00:54:14.157	0.93254	0.93322			6
2025.12.12	00:54:14.666		0.93320			4
2025.12.12	00:54:15.164	0.93250	0.93322			6
2025.12.12	00:54:17.835	0.93261	0.93323			6
2025.12.12	00:54:18.160	0.93257	0.93321			6
2025.12.12	00:54:18.487	0.93262				2
2025.12.12	00:54:20.574		0.93322			4
2025.12.12	00:54:21.074	0.93258				2
2025.12.12	00:54:23.540	0.93262				2
2025.12.12	00:54:28.572	0.93257	0.93321			6
2025.12.12	00:54:28.902	0.93262				2
2025.12.12	00:54:29.217	0.93258				2
2025.12.12	00:54:29.643		0.93322			4
2025.12.12	00:54:29.948	0.93262				2
2025.12.12	00:54:30.720	0.93258				2
2025.12.12	00:54:31.021	0.93262				2
2025.12.12	00:54:31.367	0.93259				2
2025.12.12	00:54:31.699	0.93262				2
2025.12.12	00:54:32.441	0.93256				2
2025.12.12	00:54:32.942	0.93255	0.93328			6
2025.12.12	00:54:33.444	0.93266				2
2025.12.12	00:54:33.761	0.93260	0.93326			6
2025.12.12	00:54:34.065	0.93258	0.93322			6
2025.12.12	00:54:34.785	0.93257	0.93323			6
2025.12.12	00:54:35.444	0.93252	0.93321			6
2025.12.12	00:54:35.815	0.93257				2
2025.12.12	00:54:38.568	0.93249	0.93323			6
2025.12.12	00:54:38.941	0.93257				2
2025.12.12	00:54:43.164		0.93322			4
2025.12.12	00:54:44.796		0.93321			4
2025.12.12	00:54:46.640	0.93256	0.93322			6
2025.12.12	00:54:48.012	0.93255	0.93321			6
2025.12.12	00:54:50.021	0.93257				2
2025.12.12	00:54:52.165		0.93320			4
2025.12.12	00:54:58.068	0.93252				2
2025.12.12	00:54:58.451	0.93260	0.93324			6
2025.12.12	00:54:58.760	0.93255	0.93320			6
2025.12.12	00:55:00.412	0.93229	0.93322			6
2025.12.12	00:55:00.803		0.93324			4
2025.12.12	00:55:01.165	0.93236	0.93326			6
2025.12.12	00:55:03.164	0.93239				2
2025.12.12	00:55:08.467		0.93324			4
2025.12.12	00:55:15.931	0.93257				2
2025.12.12	00:55:16.233	0.93230	0.93320			6
2025.12.12	00:55:17.268	0.93243	0.93325			6
2025.12.12	00:55:17.862	0.93255				2
2025.12.12	00:55:18.912		0.93326			4
2025.12.12	00:55:22.038		0.93323			4
2025.12.12	00:55:23.383	0.93234	0.93324			6
2025.12.12	00:55:23.698	0.93232	0.93322			6
2025.12.12	00:55:24.312	0.93256	0.93326			6
2025.12.12	00:55:24.732		0.93324			4
2025.12.12	00:55:25.040	0.93239	0.93326			6
2025.12.12	00:55:28.166	0.93256	0.93328			6
2025.12.12	00:55:28.736	0.93242				2
2025.12.12	00:55:29.568	0.93253	0.93327			6
2025.12.12	00:55:32.570	0.93242				2
2025.12.12	00:55:33.069	0.93255	0.93328			6
2025.12.12	00:55:33.823		0.93327			4
2025.12.12	00:55:35.173	0.93242	0.93325			6
2025.12.12	00:55:35.507	0.93230	0.93320			6
2025.12.12	00:55:36.580	0.93224				2
2025.12.12	00:55:36.900	0.93236	0.93322			6
2025.12.12	00:55:37.501		0.93323			4
2025.12.12	00:55:38.696	0.93229				2
2025.12.12	00:55:39.019	0.93232	0.93325			6
2025.12.12	00:55:40.090	0.93236	0.93323			6
2025.12.12	00:55:40.518	0.93227	0.93325			6
2025.12.12	00:55:40.823	0.93236				2
2025.12.12	00:55:41.124	0.93227	0.93323			6
2025.12.12	00:55:41.431	0.93235	0.93324			6
2025.12.12	00:55:41.814		0.93325			4
2025.12.12	00:55:42.969	0.93228	0.93322			6
2025.12.12	00:55:43.359		0.93324			4
2025.12.12	00:55:44.081	0.93234	0.93326			6
2025.12.12	00:55:44.788	0.93247	0.93325			6
2025.12.12	00:55:45.099	0.93242	0.93324			6
2025.12.12	00:55:45.464	0.93232	0.93326			6
2025.12.12	00:55:46.485	0.93237	0.93322			6
2025.12.12	00:55:46.799	0.93255	0.93325			6
2025.12.12	00:55:47.449		0.93327			4
2025.12.12	00:55:49.968	0.93252				2
2025.12.12	00:55:54.474	0.93256	0.93326			6
2025.12.12	00:55:55.068		0.93328			4
2025.12.12	00:55:55.378	0.93225	0.93327			6
2025.12.12	00:55:55.694	0.93235	0.93325			6
2025.12.12	00:55:56.081		0.93326			4
2025.12.12	00:55:56.981	0.93236	0.93321			6
2025.12.12	00:55:58.449	0.93227	0.93323			6
2025.12.12	00:55:58.758	0.93241	0.93326			6
2025.12.12	00:55:59.197	0.93229	0.93324			6
2025.12.12	00:55:59.535	0.93240				2
2025.12.12	00:56:00.938	0.93231	0.93322			6
2025.12.12	00:56:01.335		0.93327			4
2025.12.12	00:56:03.024	0.93232	0.93328			6
2025.12.12	00:56:03.330	0.93235	0.93326			6
2025.12.12	00:56:03.644		0.93327			4
2025.12.12	00:56:04.122	0.93238	0.93326			6
2025.12.12	00:56:04.428	0.93235				2
2025.12.12	00:56:04.760	0.93229				2
2025.12.12	00:56:05.079	0.93228	0.93322			6
2025.12.12	00:56:05.686		0.93326			4
2025.12.12	00:56:06.030	0.93253	0.93327			6
2025.12.12	00:56:07.781	0.93233	0.93324			6
2025.12.12	00:56:08.095	0.93248	0.93327			6
2025.12.12	00:56:08.403	0.93241	0.93328			6
2025.12.12	00:56:11.455		0.93327			4
2025.12.12	00:56:11.930	0.93244				2
2025.12.12	00:56:13.038	0.93235	0.93325			6
2025.12.12	00:56:13.347		0.93324			4
2025.12.12	00:56:14.747	0.93238	0.93327			6
2025.12.12	00:56:16.176	0.93236	0.93324			6
2025.12.12	00:56:16.497	0.93242				2
2025.12.12	00:56:17.612	0.93239	0.93325			6
2025.12.12	00:56:18.574	0.93237	0.93327			6
2025.12.12	00:56:18.881	0.93238	0.93325			6
2025.12.12	00:56:19.844	0.93229				2
2025.12.12	00:56:20.167	0.93227				2
2025.12.12	00:56:20.478		0.93324			4
2025.12.12	00:56:20.910	0.93248	0.93325			6
2025.12.12	00:56:21.211	0.93230	0.93326			6
2025.12.12	00:56:21.906	0.93233				2
2025.12.12	00:56:24.198	0.93248				2
2025.12.12	00:56:24.507	0.93235	0.93323			6
2025.12.12	00:56:24.811	0.93227	0.93322			6
2025.12.12	00:56:25.238	0.93233	0.93326			6
2025.12.12	00:56:26.514		0.93325			4
2025.12.12	00:56:26.988	0.93249	0.93327			6
2025.12.12	00:56:27.512	0.93255	0.93326			6
2025.12.12	00:56:28.036	0.93237	0.93325			6
2025.12.12	00:56:28.474	0.93236	0.93328			6
2025.12.12	00:56:29.537	0.93226	0.93322			6
2025.12.12	00:56:29.846		0.93323			4
2025.12.12	00:56:30.159		0.93325			4
2025.12.12	00:56:30.526	0.93236	0.93328			6
2025.12.12	00:56:31.100		0.93325			4
2025.12.12	00:56:32.466	0.93234	0.93327			6
2025.12.12	00:56:32.784	0.93242	0.93325			6
2025.12.12	00:56:33.115		0.93328			4
2025.12.12	00:56:34.077	0.93227	0.93324			6
2025.12.12	00:56:34.578	0.93235	0.93323			6
2025.12.12	00:56:34.963	0.93226	0.93322			6
2025.12.12	00:56:35.289		0.93323			4
2025.12.12	00:56:36.174	0.93240	0.93326			6
2025.12.12	00:56:36.496	0.93231				2
2025.12.12	00:56:36.797	0.93253	0.93328			6
2025.12.12	00:56:37.116	0.93256				2
2025.12.12	00:56:37.503	0.93235	0.93325			6
2025.12.12	00:56:38.029		0.93324			4
2025.12.12	00:56:38.337	0.93229	0.93326			6
2025.12.12	00:56:38.723	0.93230	0.93329			6
2025.12.12	00:56:39.037		0.93327			4
2025.12.12	00:56:40.764		0.93325			4
2025.12.12	00:56:41.080	0.93228	0.93326			6
2025.12.12	00:56:41.388		0.93325			4
2025.12.12	00:56:41.767	0.93233	0.93327			6
2025.12.12	00:56:42.600		0.93329			4
2025.12.12	00:56:43.267		0.93325			4
2025.12.12	00:56:44.159	0.93241	0.93329			6
2025.12.12	00:56:44.492	0.93234	0.93324			6
2025.12.12	00:56:44.799		0.93326			4
2025.12.12	00:56:45.649	0.93233	0.93327			6
2025.12.12	00:56:46.197	0.93232	0.93325			6
2025.12.12	00:56:46.498	0.93241	0.93327			6
2025.12.12	00:56:46.850	0.93256	0.93326			6
2025.12.12	00:56:47.162	0.93232	0.93325			6
2025.12.12	00:56:47.767	0.93233	0.93326			6
2025.12.12	00:56:48.267	0.93229	0.93329			6
2025.12.12	00:56:48.579	0.93237	0.93325			6
2025.12.12	00:56:48.936	0.93230	0.93327			6
2025.12.12	00:56:49.267	0.93255	0.93326			6
2025.12.12	00:56:50.419		0.93328			4
2025.12.12	00:56:54.468	0.93246	0.93326			6
2025.12.12	00:56:56.383	0.93237	0.93325			6
2025.12.12	00:56:56.993	0.93241				2
2025.12.12	00:56:57.468		0.93328			4
2025.12.12	00:56:57.770	0.93247				2
2025.12.12	00:56:58.990	0.93234	0.93327			6
2025.12.12	00:56:59.298	0.93244	0.93328			6
2025.12.12	00:57:00.612	0.93244				2
2025.12.12	00:57:01.633	0.93238	0.93327			6
2025.12.12	00:57:01.934		0.93326			4
2025.12.12	00:57:02.661	0.93230	0.93325			6
2025.12.12	00:57:03.594		0.93327			4
2025.12.12	00:57:04.462	0.93236				2
2025.12.12	00:57:04.788		0.93329			4
2025.12.12	00:57:05.297		0.93325			4
2025.12.12	00:57:05.730	0.93231	0.93326			6
2025.12.12	00:57:06.166	0.93244	0.93327			6
2025.12.12	00:57:07.273	0.93238				2
2025.12.12	00:57:07.675		0.93329			4
2025.12.12	00:57:08.965	0.93236	0.93324			6
2025.12.12	00:57:09.474	0.93228	0.93327			6
2025.12.12	00:57:09.785	0.93242	0.93329			6
2025.12.12	00:57:11.934	0.93247				2
2025.12.12	00:57:13.985	0.93250				2
2025.12.12	00:57:16.043	0.93247				2
2025.12.12	00:57:22.157	0.93290	0.93327			6
2025.12.12	00:57:22.685	0.93286	0.93330			6
2025.12.12	00:57:23.072	0.93291				2
2025.12.12	00:57:25.112	0.93290	0.93331			6
2025.12.12	00:57:25.418	0.93296	0.93333			6
2025.12.12	00:57:25.730	0.93295	0.93334			6
2025.12.12	00:57:27.119	0.93256	0.93328			6
2025.12.12	00:57:27.476		0.93331			4
2025.12.12	00:57:28.274	0.93274	0.93335			6
2025.12.12	00:57:28.782	0.93267	0.93341			6
2025.12.12	00:57:30.154	0.93268				2
2025.12.12	00:57:30.459	0.93269				2
2025.12.12	00:57:31.172	0.93293	0.93406			6
2025.12.12	00:57:32.094		0.93405			4
2025.12.12	00:57:34.108	0.93294	0.93404			6
2025.12.12	00:57:34.422	0.93296	0.93371			6
2025.12.12	00:57:36.037	0.93300				2
2025.12.12	00:57:37.245	0.93302	0.93372			6
2025.12.12	00:57:38.974	0.93303				2
2025.12.12	00:57:39.897	0.93302				2
2025.12.12	00:57:40.759	0.93301				2
2025.12.12	00:57:50.401	0.93302				2
2025.12.12	00:57:53.241	0.93301				2
2025.12.12	00:57:54.434	0.93300				2
2025.12.12	00:57:55.545	0.93301				2
2025.12.12	00:57:56.981	0.93300				2
2025.12.12	00:57:59.271	0.93302				2
2025.12.12	00:57:59.851	0.93303				2
2025.12.12	00:58:00.176	0.93303	0.93394			6
2025.12.12	00:58:00.571	0.93304	0.93392			6
2025.12.12	00:58:00.880	0.93305	0.93391			6
2025.12.12	00:58:08.242	0.93307	0.93390			6
2025.12.12	00:58:13.038		0.93389			4
2025.12.12	00:58:15.176	0.93308	0.93388			6
2025.12.12	00:58:18.188	0.93307				2
2025.12.12	00:58:19.270	0.93306	0.93390			6
2025.12.12	00:58:20.458		0.93391			4
2025.12.12	00:58:23.312	0.93304	0.93377			6
2025.12.12	00:58:24.178		0.93374			4
2025.12.12	00:58:28.373	0.93302	0.93376			6
2025.12.12	00:58:28.679	0.93303	0.93375			6
2025.12.12	00:58:30.873		0.93387			4
2025.12.12	00:58:31.176		0.93375			4
2025.12.12	00:58:34.356	0.93305				2
2025.12.12	00:58:34.735	0.93303	0.93376			6
2025.12.12	00:58:35.181	0.93305				2
2025.12.12	00:58:36.812	0.93304				2
2025.12.12	00:58:37.232	0.93306	0.93389			6
2025.12.12	00:58:37.608	0.93304	0.93391			6
2025.12.12	00:58:37.918	0.93205	0.93367			6
2025.12.12	00:58:38.222	0.93220	0.93342			6
2025.12.12	00:58:38.524	0.93215	0.93345			6
2025.12.12	00:58:38.837	0.93226	0.93340			6
2025.12.12	00:58:40.315		0.93341			4
2025.12.12	00:58:41.175	0.93209	0.93354			6
2025.12.12	00:58:42.368	0.93221	0.93349			6
2025.12.12	00:58:42.681	0.93224	0.93342			6
2025.12.12	00:58:42.988		0.93343			4
2025.12.12	00:58:43.810	0.93222	0.93336			6
2025.12.12	00:58:53.722	0.93223	0.93335			6
2025.12.12	00:58:54.104	0.93227	0.93336			6
2025.12.12	00:58:54.449	0.93223				2
2025.12.12	00:58:54.816	0.93198	0.93373			6
2025.12.12	00:58:55.133	0.93203	0.93380			6
2025.12.12	00:58:55.438	0.93200	0.93376			6
2025.12.12	00:58:56.080	0.93198	0.93385			6
2025.12.12	00:58:56.389		0.93382			4
2025.12.12	00:58:56.697		0.93398			4
2025.12.12	00:58:57.036		0.93393			4
2025.12.12	00:58:57.339		0.93391			4
2025.12.12	00:58:57.712	0.93211	0.93352			6
2025.12.12	00:58:58.020	0.93208	0.93351			6
2025.12.12	00:58:58.913	0.93198	0.93364			6
2025.12.12	00:58:59.223	0.93199	0.93359			6
2025.12.12	00:58:59.556	0.93220	0.93340			6
2025.12.12	00:59:00.317	0.93198	0.93376			6
2025.12.12	00:59:00.622		0.93379			4
2025.12.12	00:59:01.097		0.93365			4
2025.12.12	00:59:01.726	0.93211	0.93348			6
2025.12.12	00:59:02.737	0.93198	0.93368			6
2025.12.12	00:59:03.294	0.93199	0.93367			6
2025.12.12	00:59:03.682	0.93225	0.93341			6
2025.12.12	00:59:04.240	0.93206	0.93355			6
2025.12.12	00:59:04.724	0.93225	0.93333			6
2025.12.12	00:59:05.041	0.93227	0.93331			6
2025.12.12	00:59:05.396	0.93187	0.93323			6
2025.12.12	00:59:05.698	0.93227	0.93327			6
2025.12.12	00:59:06.018	0.93220	0.93334			6
2025.12.12	00:59:06.339	0.93223	0.93342			6
2025.12.12	00:59:06.665	0.93231	0.93323			6
2025.12.12	00:59:06.982	0.93237	0.93331			6
2025.12.12	00:59:07.404	0.93230	0.93327			6
2025.12.12	00:59:07.741	0.93222	0.93331			6
2025.12.12	00:59:08.050	0.93224	0.93329			6
2025.12.12	00:59:08.388	0.93213	0.93334			6
2025.12.12	00:59:08.701	0.93215	0.93332			6
2025.12.12	00:59:09.099	0.93213	0.93334			6
2025.12.12	00:59:09.413	0.93198	0.93357			6
2025.12.12	00:59:09.762	0.93202				2
2025.12.12	00:59:10.101	0.93197	0.93377			6
2025.12.12	00:59:10.434		0.93376			4
2025.12.12	00:59:10.841		0.93370			4
2025.12.12	00:59:11.271	0.93200	0.93353			6
2025.12.12	00:59:11.588		0.93347			4
2025.12.12	00:59:12.343	0.93203	0.93339			6
2025.12.12	00:59:12.658	0.93201	0.93343			6
2025.12.12	00:59:13.467	0.93213	0.93330			6
2025.12.12	00:59:13.912		0.93331			4
2025.12.12	00:59:14.266	0.93209	0.93336			6
2025.12.12	00:59:14.577	0.93215				2
2025.12.12	00:59:14.899	0.93204	0.93362			6
2025.12.12	00:59:15.217	0.93198	0.93383			6
2025.12.12	00:59:15.532		0.93367			4
2025.12.12	00:59:15.901	0.93201	0.93346			6
2025.12.12	00:59:16.202	0.93198	0.93361			6
2025.12.12	00:59:16.532		0.93362			4
2025.12.12	00:59:16.964		0.93372			4
2025.12.12	00:59:17.274		0.93375			4
2025.12.12	00:59:17.733		0.93368			4
2025.12.12	00:59:18.100		0.93355			4
2025.12.12	00:59:19.103		0.93356			4
2025.12.12	00:59:19.416	0.93203				2
2025.12.12	00:59:19.717	0.93200	0.93359			6
2025.12.12	00:59:20.107	0.93198	0.93354			6
2025.12.12	00:59:20.761	0.93199				2
2025.12.12	00:59:21.105	0.93200	0.93353			6
2025.12.12	00:59:21.440	0.93198	0.93350			6
2025.12.12	00:59:21.757		0.93340			4
2025.12.12	00:59:22.190		0.93356			4
2025.12.12	00:59:22.499		0.93346			4
2025.12.12	00:59:22.840	0.93204	0.93355			6
2025.12.12	00:59:23.145	0.93207	0.93351			6
2025.12.12	00:59:23.451	0.93201				2
2025.12.12	00:59:24.436	0.93209				2
2025.12.12	00:59:24.740	0.93210	0.93349			6
2025.12.12	00:59:25.063	0.93208	0.93351			6
2025.12.12	00:59:25.745	0.93201	0.93345			6
2025.12.12	00:59:26.216		0.93360			4
2025.12.12	00:59:26.776	0.93198	0.93375			6
2025.12.12	00:59:27.082	0.93204	0.93341			6
2025.12.12	00:59:27.398	0.93199	0.93347			6
2025.12.12	00:59:27.701	0.93198	0.93346			6
2025.12.12	00:59:28.045	0.93211	0.93347			6
2025.12.12	00:59:28.375	0.93217	0.93346			6
2025.12.12	00:59:28.738	0.93208	0.93351			6
2025.12.12	00:59:29.043	0.93212	0.93348			6
2025.12.12	00:59:29.371	0.93208				2
2025.12.12	00:59:29.672	0.93219	0.93346			6
2025.12.12	00:59:30.018	0.93220	0.93343			6
2025.12.12	00:59:30.337		0.93344			4
2025.12.12	00:59:30.654	0.93211	0.93345			6
2025.12.12	00:59:30.974	0.93215	0.93346			6
2025.12.12	00:59:31.275	0.93211	0.93345			6
2025.12.12	00:59:31.578	0.93199	0.93349			6
2025.12.12	00:59:31.882	0.93227	0.93348			6
2025.12.12	00:59:32.197	0.93201	0.93342			6
2025.12.12	00:59:32.501	0.93222	0.93339			6
2025.12.12	00:59:32.857	0.93219	0.93340			6
2025.12.12	00:59:33.586		0.93342			4
2025.12.12	00:59:34.040		0.93340			4
2025.12.12	00:59:34.546		0.93342			4
2025.12.12	00:59:34.900	0.93200	0.93352			6
2025.12.12	00:59:35.966	0.93213	0.93342			6
2025.12.12	00:59:37.329	0.93201	0.93364			6
2025.12.12	00:59:37.675		0.93358			4
2025.12.12	00:59:38.346		0.93357			4
2025.12.12	00:59:40.517	0.93209	0.93359			6
2025.12.12	00:59:40.845	0.93203	0.93345			6
2025.12.12	00:59:41.965	0.93212				2
2025.12.12	00:59:42.284	0.93198	0.93347			6
2025.12.12	00:59:42.785		0.93345			4
2025.12.12	00:59:44.435	0.93225	0.93340			6
2025.12.12	00:59:45.688		0.93341			4
2025.12.12	00:59:46.190		0.93344			4
2025.12.12	00:59:46.508	0.93221	0.93343			6
2025.12.12	00:59:47.901		0.93342			4
2025.12.12	00:59:48.275		0.93345			4
2025.12.12	00:59:48.815	0.93229	0.93344			6
2025.12.12	00:59:49.265	0.93227	0.93339			6
2025.12.12	00:59:49.573	0.93212	0.93337			6
2025.12.12	00:59:49.921	0.93222				2
2025.12.12	00:59:50.404	0.93208	0.93339			6
2025.12.12	00:59:50.766	0.93213	0.93333			6
2025.12.12	00:59:51.073		0.93336			4
2025.12.12	00:59:51.413		0.93339			4
2025.12.12	00:59:51.789		0.93334			4
2025.12.12	00:59:52.114	0.93227	0.93339			6
2025.12.12	00:59:52.420		0.93335			4
2025.12.12	00:59:52.903	0.93205	0.93341			6
2025.12.12	00:59:58.966	0.93208	0.93334			6
2025.12.12	00:59:59.276	0.93203	0.93336			6
2025.12.12	00:59:59.970		0.93337			4
2025.12.12	01:00:00.275	0.93230	0.93349			6
2025.12.12	01:00:00.582	0.93236	0.93352			6
2025.12.12	01:00:00.895		0.93357			4
2025.12.12	01:00:01.199	0.93259	0.93361			6
2025.12.12	01:00:01.600		0.93362			4
2025.12.12	01:00:01.904	0.93263	0.93365			6
2025.12.12	01:00:02.219	0.93259	0.93364			6
2025.12.12	01:00:02.900	0.93270				2
2025.12.12	01:00:03.282		0.93363			4
2025.12.12	01:00:03.598	0.93173	0.93368			6
2025.12.12	01:00:03.906	0.93175				2
2025.12.12	01:00:04.539		0.93370			4
2025.12.12	01:00:04.840	0.93172	0.93367			6
2025.12.12	01:00:05.174	0.93173				2
2025.12.12	01:00:06.115	0.93172	0.93368			6
2025.12.12	01:00:06.741		0.93367			4
2025.12.12	01:00:07.043	0.93277	0.93360			6
2025.12.12	01:00:07.381	0.93292				2
2025.12.12	01:00:07.699	0.93277				2
2025.12.12	01:00:09.039	0.93292	0.93361			6
2025.12.12	01:00:09.344	0.93278				2
2025.12.12	01:00:10.290	0.93287				2
2025.12.12	01:00:10.645		0.93362			4
2025.12.12	01:00:11.336	0.93291	0.93364			6
2025.12.12	01:00:11.662	0.93294				2
2025.12.12	01:00:11.979	0.93290	0.93361			6
2025.12.12	01:00:12.299	0.93286	0.93360			6
2025.12.12	01:00:12.605	0.93289	0.93361			6
2025.12.12	01:00:13.371	0.93296				2
2025.12.12	01:00:13.988	0.93299				2
2025.12.12	01:00:15.111		0.93360			4
2025.12.12	01:00:15.491	0.93297	0.93359			6
2025.12.12	01:00:16.984	0.93296				2
2025.12.12	01:00:20.165		0.93357			4
2025.12.12	01:00:20.497	0.93299	0.93361			6
2025.12.12	01:00:21.850		0.93357			4
2025.12.12	01:00:23.328		0.93358			4
2025.12.12	01:00:24.748		0.93360			4
2025.12.12	01:00:25.099		0.93359			4
2025.12.12	01:00:25.590		0.93360			4
2025.12.12	01:00:26.523		0.93364			4
2025.12.12	01:00:27.322		0.93355			4
2025.12.12	01:00:27.895	0.93300	0.93354			6
2025.12.12	01:00:28.588		0.93355			4
2025.12.12	01:00:29.237	0.93299	0.93356			6
2025.12.12	01:00:30.383		0.93355			4
2025.12.12	01:00:30.699	0.93302	0.93356			6
2025.12.12	01:00:31.912	0.93322				2
2025.12.12	01:00:32.880	0.93326				2
2025.12.12	01:00:33.891	0.93299				2
2025.12.12	01:00:37.939		0.93357			4
2025.12.12	01:00:38.603	0.93305				2
2025.12.12	01:00:39.255	0.93299				2
2025.12.12	01:00:39.583		0.93358			4
2025.12.12	01:00:40.797		0.93357			4
2025.12.12	01:00:46.098		0.93355			4
2025.12.12	01:00:46.404	0.93320	0.93350			6
2025.12.12	01:00:52.270	0.93315				2
2025.12.12	01:00:55.324	0.93320				2
2025.12.12	01:00:56.300	0.93318				2
2025.12.12	01:00:56.668	0.93299				2
2025.12.12	01:00:57.033		0.93349			4
2025.12.12	01:01:00.309	0.93299				2
2025.12.12	01:01:18.802		0.93348			4
2025.12.12	01:01:20.185		0.93349			4
2025.12.12	01:01:28.939		0.93350			4
2025.12.12	01:01:36.200		0.93349			4
2025.12.12	01:01:46.671		0.93348			4
2025.12.12	01:01:47.693		0.93349			4
2025.12.12	01:01:50.218		0.93348			4
2025.12.12	01:01:51.519		0.93347			4
2025.12.12	01:01:52.374		0.93348			4
2025.12.12	01:01:53.840		0.93347			4
2025.12.12	01:01:59.053		0.93348			4
2025.12.12	01:01:59.678		0.93351			4
2025.12.12	01:02:00.006	0.93299				2
2025.12.12	01:02:00.394		0.93348			4
2025.12.12	01:02:00.737		0.93349			4
2025.12.12	01:02:01.045		0.93348			4
2025.12.12	01:02:02.297		0.93347			4
2025.12.12	01:02:03.027		0.93349			4
2025.12.12	01:02:03.977		0.93348			4
2025.12.12	01:02:04.278		0.93347			4
2025.12.12	01:02:05.078	0.93300				2
2025.12.12	01:02:05.382	0.93299				2
2025.12.12	01:02:05.741		0.93346			4
2025.12.12	01:02:06.624		0.93347			4
2025.12.12	01:02:06.993	0.93309	0.93348			6
2025.12.12	01:02:07.298		0.93349			4
2025.12.12	01:02:07.615	0.93316				2
2025.12.12	01:02:08.287	0.93317				2
2025.12.12	01:02:08.591	0.93299	0.93347			6
2025.12.12	01:02:08.896	0.93302	0.93348			6
2025.12.12	01:02:09.199	0.93305				2
2025.12.12	01:02:09.543	0.93316	0.93349			6
2025.12.12	01:02:11.763	0.93317				2
2025.12.12	01:02:13.362	0.93316				2
2025.12.12	01:02:18.266	0.93317				2
2025.12.12	01:02:20.838	0.93318				2
2025.12.12	01:02:22.038	0.93316				2
2025.12.12	01:02:24.003	0.93323	0.93350			6
2025.12.12	01:02:28.711		0.93352			4
2025.12.12	01:02:29.599	0.93324				2
2025.12.12	01:02:30.148	0.93299	0.93347			6
2025.12.12	01:02:30.495	0.93310	0.93346			6
2025.12.12	01:02:30.839	0.93318	0.93351			6
2025.12.12	01:02:31.153	0.93319				2
2025.12.12	01:02:31.844		0.93349			4
2025.12.12	01:02:32.614		0.93351			4
2025.12.12	01:02:32.982		0.93349			4
2025.12.12	01:02:34.721	0.93320	0.93351			6
2025.12.12	01:02:37.567		0.93350			4
2025.12.12	01:02:40.400	0.93321				2
2025.12.12	01:02:40.939	0.93320				2
2025.12.12	01:02:42.835	0.93321	0.93351			6
2025.12.12	01:02:47.230	0.93320				2
2025.12.12	01:02:47.600	0.93321				2
2025.12.12	01:02:48.914	0.93323				2
2025.12.12	01:02:49.257	0.93320				2
2025.12.12	01:02:49.724	0.93321				2
2025.12.12	01:02:55.533		0.93350			4
2025.12.12	01:02:55.949		0.93351			4
2025.12.12	01:02:56.580		0.93350			4
2025.12.12	01:02:56.895	0.93320	0.93351			6
2025.12.12	01:03:00.374	0.93320				2
2025.12.12	01:03:02.548	0.93319	0.93349			6
2025.12.12	01:03:03.198		0.93350			4
2025.12.12	01:03:04.547	0.93318	0.93349			6
2025.12.12	01:03:11.255		0.93348			4
2025.12.12	01:03:12.498		0.93349			4
2025.12.12	01:03:15.263		0.93347			4
2025.12.12	01:03:17.612		0.93349			4
2025.12.12	01:03:18.021	0.93319				2
2025.12.12	01:03:19.073	0.93318				2
2025.12.12	01:03:19.489	0.93319				2
2025.12.12	01:03:19.905		0.93350			4
2025.12.12	01:03:20.320		0.93349			4
2025.12.12	01:03:22.195		0.93350			4
2025.12.12	01:03:23.539	0.93320				2
2025.12.12	01:03:24.800	0.93319				2
2025.12.12	01:03:30.200	0.93320				2
2025.12.12	01:03:32.850	0.93319	0.93348			6
2025.12.12	01:03:39.143	0.93320				2
2025.12.12	01:03:39.527		0.93350			4
2025.12.12	01:03:40.771		0.93349			4
2025.12.12	01:03:41.078	0.93319				2
2025.12.12	01:03:41.456	0.93320	0.93347			6
2025.12.12	01:03:42.212		0.93348			4
2025.12.12	01:03:42.537		0.93347			4
2025.12.12	01:03:42.978	0.93319				2
2025.12.12	01:03:44.721	0.93320				2
2025.12.12	01:03:48.413	0.93321				2
2025.12.12	01:03:48.909	0.93320				2
2025.12.12	01:03:49.700	0.93319				2
2025.12.12	01:03:50.423	0.93320	0.93348			6
2025.12.12	01:03:51.679		0.93349			4
2025.12.12	01:03:59.792	0.93319	0.93347			6
2025.12.12	01:04:00.307	0.93319				2
2025.12.12	01:04:04.938	0.93320				2
2025.12.12	01:04:05.560	0.93319	0.93346			6
2025.12.12	01:04:08.618	0.93317				2
2025.12.12	01:04:09.618		0.93345			4
2025.12.12	01:04:11.101		0.93346			4
2025.12.12	01:04:12.500	0.93318				2
2025.12.12	01:04:13.370	0.93332	0.93337			6
2025.12.12	01:04:17.088	0.93318	0.93346			6
2025.12.12	01:04:28.339	0.93319				2
2025.12.12	01:04:29.914		0.93347			4
2025.12.12	01:04:31.874	0.93324				2
2025.12.12	01:04:32.219	0.93319				2
2025.12.12	01:04:32.563	0.93324				2
2025.12.12	01:04:32.911	0.93319				2
2025.12.12	01:04:33.259	0.93324				2
2025.12.12	01:04:33.615	0.93319				2
2025.12.12	01:04:33.960	0.93324				2
2025.12.12	01:04:34.310	0.93319				2
2025.12.12	01:04:34.661	0.93324				2
2025.12.12	01:04:35.001	0.93319				2
2025.12.12	01:04:35.333	0.93324				2
2025.12.12	01:04:35.690	0.93319				2
2025.12.12	01:04:36.982	0.93331	0.93336			6
2025.12.12	01:04:40.681	0.93319	0.93347			6
2025.12.12	01:04:49.401	0.93320				2
2025.12.12	01:04:52.950	0.93322	0.93348			6
2025.12.12	01:04:53.322		0.93350			4
2025.12.12	01:04:54.561		0.93348			4
2025.12.12	01:04:56.543		0.93347			4
2025.12.12	01:04:57.138	0.93321				2
2025.12.12	01:04:57.461		0.93349			4
2025.12.12	01:04:58.099	0.93322				2
2025.12.12	01:04:58.559	0.93321	0.93347			6
2025.12.12	01:05:00.322	0.93323	0.93349			6
2025.12.12	01:05:01.852	0.93324	0.93351			6
2025.12.12	01:05:02.860	0.93323	0.93349			6
2025.12.12	01:05:04.401		0.93348			4
2025.12.12	01:05:06.271	0.93319	0.93341			6
2025.12.12	01:05:06.578		0.93340			4
2025.12.12	01:05:07.999	0.93320	0.93339			6
2025.12.12	01:05:08.541		0.93340			4
2025.12.12	01:05:10.038	0.93319				2
2025.12.12	01:05:13.099		0.93341			4
2025.12.12	01:05:13.406		0.93344			4
2025.12.12	01:05:14.528		0.93345			4
2025.12.12	01:05:15.625	0.93315	0.93342			6
2025.12.12	01:05:17.204		0.93341			4
2025.12.12	01:05:17.830	0.93314				2
2025.12.12	01:05:18.879	0.93316	0.93342			6
2025.12.12	01:05:19.507	0.93315	0.93341			6
2025.12.12	01:05:19.858		0.93342			4
2025.12.12	01:05:20.164	0.93316				2
2025.12.12	01:05:21.384	0.93320	0.93347			6
2025.12.12	01:05:22.026	0.93321				2
2025.12.12	01:05:24.550	0.93320	0.93345			6
2025.12.12	01:05:24.853		0.93346			4
2025.12.12	01:05:28.306		0.93347			4
2025.12.12	01:05:30.246	0.93319				2
2025.12.12	01:05:37.283	0.93318				2
2025.12.12	01:05:37.597		0.93348			4
2025.12.12	01:05:38.225		0.93347			4
2025.12.12	01:05:39.939	0.93317	0.93348			6
2025.12.12	01:05:40.245	0.93316	0.93347			6
2025.12.12	01:05:46.141	0.93301	0.93339			6
2025.12.12	01:05:46.458		0.93341			4
2025.12.12	01:05:46.760		0.93342			4
2025.12.12	01:05:47.060		0.93339			4
2025.12.12	01:05:47.823		0.93338			4
2025.12.12	01:05:48.439		0.93337			4
2025.12.12	01:05:49.772		0.93336			4
2025.12.12	01:05:51.459		0.93335			4
2025.12.12	01:05:52.916		0.93334			4
2025.12.12	01:05:53.853	0.93304	0.93336			6
2025.12.12	01:05:54.157	0.93301	0.93333			6
2025.12.12	01:05:55.111		0.93332			4
2025.12.12	01:05:55.434		0.93333			4
2025.12.12	01:05:55.853	0.93304	0.93332			6
2025.12.12	01:05:57.209	0.93305				2
2025.12.12	01:05:57.948		0.93331			4
2025.12.12	01:05:58.257		0.93332			4
2025.12.12	01:06:00.134	0.93305				2
2025.12.12	01:06:11.675	0.93304				2
2025.12.12	01:06:14.654	0.93305				2
2025.12.12	01:06:15.609	0.93304				2
2025.12.12	01:06:16.046	0.93303				2
2025.12.12	01:06:17.097	0.93302	0.93334			6
2025.12.12	01:06:17.539	0.93303	0.93333			6
2025.12.12	01:06:19.329		0.93332			4
2025.12.12	01:06:19.964	0.93302	0.93333			6
2025.12.12	01:06:21.817	0.93303				2
2025.12.12	01:06:29.575	0.93309				2
2025.12.12	01:06:30.540	0.93308	0.93332			6
2025.12.12	01:06:30.903	0.93309				2
2025.12.12	01:06:34.388	0.93308				2
2025.12.12	01:06:36.738	0.93309				2
2025.12.12	01:06:39.572	0.93308				2
2025.12.12	01:06:40.769	0.93309				2
2025.12.12	01:06:44.790	0.93310	0.93333			6
2025.12.12	01:06:45.325	0.93311	0.93334			6
2025.12.12	01:06:45.629	0.93310	0.93333			6
2025.12.12	01:06:47.340	0.93309				2
2025.12.12	01:06:49.099		0.93332			4
2025.12.12	01:06:51.898	0.93311				2
2025.12.12	01:06:53.492	0.93312				2
2025.12.12	01:06:56.726	0.93309	0.93333			6
2025.12.12	01:06:57.799		0.93332			4
2025.12.12	01:07:01.424	0.93309	0.93333			6
2025.12.12	01:07:03.211		0.93334			4
2025.12.12	01:07:05.822	0.93310	0.93332			6
2025.12.12	01:07:06.197		0.93333			4
2025.12.12	01:07:07.210	0.93311	0.93330			6
2025.12.12	01:07:07.518	0.93307	0.93328			6
2025.12.12	01:07:08.775	0.93313	0.93341			6
2025.12.12	01:07:10.808	0.93314				2
2025.12.12	01:07:11.569		0.93340			4
2025.12.12	01:07:15.691		0.93341			4
2025.12.12	01:07:18.211	0.93313	0.93337			6
2025.12.12	01:07:21.138	0.93314	0.93336			6
2025.12.12	01:07:23.858	0.93313	0.93337			6
2025.12.12	01:07:35.601	0.93314				2
2025.12.12	01:07:41.408		0.93336			4
2025.12.12	01:07:56.539	0.93315				2
2025.12.12	01:08:00.222	0.93315				2
2025.12.12	01:08:15.500		0.93335			4
2025.12.12	01:08:18.137		0.93336			4
2025.12.12	01:08:19.337		0.93335			4
2025.12.12	01:08:31.999	0.93316				2
2025.12.12	01:08:46.595		0.93334			4
2025.12.12	01:08:51.499		0.93333			4
2025.12.12	01:08:57.222		0.93334			4
2025.12.12	01:09:01.399	0.93316				2
2025.12.12	01:09:04.999		0.93333			4
2025.12.12	01:09:05.540		0.93334			4
2025.12.12	01:09:07.100		0.93333			4
2025.12.12	01:09:15.393	0.93317	0.93334			6
2025.12.12	01:09:21.594		0.93335			4
2025.12.12	01:09:23.000		0.93336			4
2025.12.12	01:09:25.940	0.93318				2
2025.12.12	01:09:35.024	0.93316	0.93334			6
2025.12.12	01:09:36.738	0.93317				2
2025.12.12	01:09:38.088		0.93333			4
2025.12.12	01:09:38.963		0.93334			4
2025.12.12	01:09:51.200		0.93333			4
2025.12.12	01:09:53.474	0.93319	0.93337			6
2025.12.12	01:10:00.397	0.93319				2
2025.12.12	01:10:15.381	0.93318	0.93336			6
2025.12.12	01:10:24.705	0.93316	0.93333			6
2025.12.12	01:10:27.801	0.93317				2
2025.12.12	01:10:29.648	0.93316				2
2025.12.12	01:10:42.739	0.93315				2
2025.12.12	01:10:43.838	0.93316	0.93332			6
2025.12.12	01:10:44.184	0.93315				2
2025.12.12	01:10:44.673	0.93316				2
2025.12.12	01:10:51.014		0.93331			4
2025.12.12	01:10:52.339	0.93317	0.93333			6
2025.12.12	01:10:53.874	0.93316				2
2025.12.12	01:10:55.628	0.93314	0.93330			6
2025.12.12	01:10:56.240		0.93329			4
2025.12.12	01:10:59.088	0.93316	0.93333			6
2025.12.12	01:11:00.438	0.93316				2
2025.12.12	01:11:03.708		0.93330			4
2025.12.12	01:11:04.642		0.93331			4
2025.12.12	01:11:06.437	0.93315				2
2025.12.12	01:11:08.838		0.93330			4
2025.12.12	01:11:10.469		0.93331			4
2025.12.12	01:11:11.838	0.93316	0.93332			6
2025.12.12	01:11:15.200		0.93331			4
2025.12.12	01:11:15.541		0.93330			4
2025.12.12	01:11:17.000	0.93315	0.93331			6
2025.12.12	01:11:21.800		0.93330			4
2025.12.12	01:11:27.438	0.93316				2
2025.12.12	01:11:44.895		0.93333			4
2025.12.12	01:11:57.821	0.93315	0.93331			6
2025.12.12	01:12:01.409	0.93315				2
2025.12.12	01:12:04.251		0.93330			4
2025.12.12	01:12:06.739	0.93314				2
2025.12.12	01:12:10.311		0.93329			4
2025.12.12	01:12:18.821	0.93316	0.93331			6
2025.12.12	01:12:20.860	0.93315	0.93329			6
2025.12.12	01:12:40.700		0.93328			4
2025.12.12	01:12:47.075		0.93327			4
2025.12.12	01:12:48.500		0.93328			4
2025.12.12	01:12:57.522	0.93314				2
2025.12.12	01:12:58.681		0.93327			4
2025.12.12	01:13:00.499	0.93314				2
2025.12.12	01:13:01.855		0.93326			4
2025.12.12	01:13:04.142	0.93313	0.93325			6
2025.12.12	01:13:11.673		0.93326			4
2025.12.12	01:13:13.339	0.93312				2
2025.12.12	01:13:15.304	0.93314	0.93328			6
2025.12.12	01:13:20.529	0.93315				2
2025.12.12	01:13:21.408		0.93329			4
2025.12.12	01:13:23.013	0.93314				2
2025.12.12	01:13:24.285		0.93328			4
2025.12.12	01:13:25.237	0.93315				2
2025.12.12	01:13:27.552		0.93329			4
2025.12.12	01:13:42.374	0.93321	0.93332			6
2025.12.12	01:13:52.488		0.93333			4
2025.12.12	01:13:52.822	0.93322				2
2025.12.12	01:13:53.622	0.93321				2
2025.12.12	01:14:00.083	0.93321				2
2025.12.12	01:14:05.751	0.93320				2
2025.12.12	01:14:11.240	0.93319				2
2025.12.12	01:14:18.183	0.93318				2
2025.12.12	01:14:19.386	0.93319				2
2025.12.12	01:14:20.696	0.93318				2
2025.12.12	01:14:26.711		0.93331			4
2025.12.12	01:14:32.635		0.93332			4
2025.12.12	01:14:40.818		0.93331			4
2025.12.12	01:14:41.728	0.93317				2
2025.12.12	01:14:49.131		0.93330			4
2025.12.12	01:14:50.899		0.93331			4
2025.12.12	01:14:51.375	0.93315	0.93330			6
2025.12.12	01:14:56.099		0.93329			4
2025.12.12	01:15:00.306	0.93316	0.93326			6
2025.12.12	01:15:02.601	0.93315				2
2025.12.12	01:15:04.399	0.93316				2
2025.12.12	01:15:28.638		0.93327			4
2025.12.12	01:15:28.940	0.93319	0.93332			6
2025.12.12	01:15:38.049	0.93320	0.93333			6
2025.12.12	01:15:47.848	0.93319	0.93329			6
2025.12.12	01:15:48.170		0.93330			4
2025.12.12	01:15:48.493		0.93329			4
2025.12.12	01:15:52.339	0.93318				2
2025.12.12	01:16:00.243	0.93318				2
2025.12.12	01:16:51.407		0.93329			4
2025.12.12	01:17:00.656	0.93318	0.93328			6
2025.12.12	01:17:31.555	0.93319	0.93329			6
2025.12.12	01:17:32.500	0.93325	0.93334			6
2025.12.12	01:17:32.826	0.93326	0.93335			6
2025.12.12	01:17:34.877		0.93336			4
2025.12.12	01:17:41.935	0.93325				2
2025.12.12	01:17:43.036	0.93324				2
2025.12.12	01:17:48.758	0.93323				2
2025.12.12	01:17:49.999		0.93335			4
2025.12.12	01:17:50.873	0.93322	0.93334			6
2025.12.12	01:18:00.774	0.93322				2
2025.12.12	01:18:14.238		0.93333			4
2025.12.12	01:18:15.240	0.93323				2
2025.12.12	01:18:26.671	0.93321				2
2025.12.12	01:19:00.543	0.93321				2
2025.12.12	01:19:07.725		0.93334			4
2025.12.12	01:19:10.101	0.93322				2
2025.12.12	01:19:39.596	0.93321				2
2025.12.12	01:19:47.687		0.93335			4
2025.12.12	01:19:49.531	0.93322				2
2025.12.12	01:19:51.250	0.93321				2
2025.12.12	01:19:53.472	0.93322				2
2025.12.12	01:19:53.807	0.93321				2
2025.12.12	01:19:55.337	0.93323				2
2025.12.12	01:19:59.378	0.93325				2
2025.12.12	01:19:59.689	0.93324				2
2025.12.12	01:20:00.227	0.93326				2
2025.12.12	01:20:01.999	0.93329	0.93341			6
2025.12.12	01:20:02.678		0.93339			4
2025.12.12	01:20:06.846	0.93328	0.93338			6
2025.12.12	01:20:07.576	0.93327				2
2025.12.12	01:20:11.822	0.93326	0.93337			6
2025.12.12	01:20:16.351		0.93338			4
2025.12.12	01:20:17.192		0.93337			4
2025.12.12	01:20:23.838	0.93327				2
2025.12.12	01:20:28.038	0.93326				2
2025.12.12	01:20:29.698		0.93338			4
2025.12.12	01:20:42.741	0.93327				2
2025.12.12	01:20:48.139	0.93326				2
2025.12.12	01:20:53.331	0.93327	0.93340			6
2025.12.12	01:20:55.273	0.93328				2
2025.12.12	01:21:02.804	0.93328				2
2025.12.12	01:21:25.252	0.93327				2
2025.12.12	01:21:26.772		0.93339			4
2025.12.12	01:21:50.543	0.93325	0.93338			6
2025.12.12	01:21:58.864		0.93336			4
2025.12.12	01:22:00.138	0.93325				2
2025.12.12	01:22:01.420	0.93323	0.93335			6
2025.12.12	01:22:03.440	0.93322				2
2025.12.12	01:22:12.722		0.93334			4
2025.12.12	01:22:20.238	0.93323				2
2025.12.12	01:22:21.090		0.93335			4
2025.12.12	01:22:22.507	0.93322				2
2025.12.12	01:22:24.738	0.93323				2
2025.12.12	01:22:40.670		0.93336			4
2025.12.12	01:22:57.232	0.93322				2
2025.12.12	01:22:59.238	0.93323				2
2025.12.12	01:23:00.407	0.93323				2
2025.12.12	01:23:15.243	0.93322	0.93334			6
2025.12.12	01:23:16.037	0.93323				2
2025.12.12	01:23:20.623	0.93322				2
2025.12.12	01:23:33.398	0.93321	0.93332			6
2025.12.12	01:23:41.844	0.93322				2
2025.12.12	01:23:43.339	0.93321	0.93331			6
2025.12.12	01:23:43.644	0.93320				2
2025.12.12	01:23:52.767	0.93324	0.93334			6
2025.12.12	01:23:53.465	0.93323				2
2025.12.12	01:24:00.199	0.93323				2
2025.12.12	01:24:03.756	0.93321	0.93332			6
2025.12.12	01:24:19.311	0.93322				2
2025.12.12	01:24:21.286		0.93334			4
2025.12.12	01:24:22.937	0.93323				2
2025.12.12	01:24:23.729	0.93322				2
2025.12.12	01:24:26.152	0.93321	0.93333			6
2025.12.12	01:24:29.352	0.93322				2
2025.12.12	01:24:30.197	0.93323				2
2025.12.12	01:24:36.139	0.93322				2
2025.12.12	01:24:40.461	0.93321	0.93331			6
2025.12.12	01:24:41.838	0.93320				2
2025.12.12	01:24:42.177	0.93321				2
2025.12.12	01:24:44.202		0.93332			4
2025.12.12	01:24:47.729	0.93322				2
2025.12.12	01:24:54.271	0.93321				2
2025.12.12	01:25:00.462	0.93321				2
2025.12.12	01:25:09.616	0.93320	0.93330			6
2025.12.12	01:25:29.004	0.93319				2
2025.12.12	01:25:31.120	0.93320				2
2025.12.12	01:25:53.299	0.93319				2
2025.12.12	01:26:02.310	0.93319				2
2025.12.12	01:26:04.341	0.93320				2
2025.12.12	01:26:06.653	0.93319				2
2025.12.12	01:26:09.738		0.93330			4
2025.12.12	01:26:20.323		0.93329			4
2025.12.12	01:26:42.500	0.93317				2
2025.12.12	01:26:55.259	0.93316	0.93328			6
2025.12.12	01:26:55.634	0.93315	0.93327			6
2025.12.12	01:26:58.039	0.93316				2
2025.12.12	01:27:00.225	0.93316				2
2025.12.12	01:27:06.806	0.93315				2
2025.12.12	01:27:09.800	0.93316				2
2025.12.12	01:27:10.392		0.93326			4
2025.12.12	01:27:13.338		0.93327			4
2025.12.12	01:27:15.472	0.93314	0.93326			6
2025.12.12	01:27:15.857	0.93313				2
2025.12.12	01:27:16.951	0.93316	0.93328			6
2025.12.12	01:27:28.106		0.93325			4
2025.12.12	01:27:29.943		0.93326			4
2025.12.12	01:27:31.932		0.93327			4
2025.12.12	01:27:35.671	0.93313	0.93326			6
2025.12.12	01:27:37.304	0.93314	0.93325			6
2025.12.12	01:27:37.608		0.93326			4
2025.12.12	01:27:39.695	0.93313				2
2025.12.12	01:27:59.001		0.93325			4
2025.12.12	01:28:01.366	0.93313	0.93324			6
2025.12.12	01:28:01.689	0.93311	0.93325			6
2025.12.12	01:28:02.013	0.93313				2
2025.12.12	01:28:03.216		0.93324			4
2025.12.12	01:28:11.676		0.93323			4
2025.12.12	01:28:13.338		0.93324			4
2025.12.12	01:28:17.899		0.93325			4
2025.12.12	01:28:19.683	0.93312	0.93323			6
2025.12.12	01:28:20.015	0.93311				2
2025.12.12	01:28:20.357	0.93312	0.93322			6
2025.12.12	01:28:20.669		0.93323			4
2025.12.12	01:28:26.450		0.93324			4
2025.12.12	01:28:29.563		0.93323			4
2025.12.12	01:28:29.930		0.93324			4
2025.12.12	01:28:40.368		0.93323			4
2025.12.12	01:28:43.040		0.93324			4
2025.12.12	01:29:01.297	0.93311				2
2025.12.12	01:29:02.148	0.93310	0.93323			6
2025.12.12	01:29:02.650		0.93322			4
2025.12.12	01:29:03.137	0.93311	0.93323			6
2025.12.12	01:29:08.160		0.93322			4
2025.12.12	01:29:09.499	0.93310				2
2025.12.12	01:29:10.038	0.93311				2
2025.12.12	01:29:10.457	0.93310	0.93323			6
2025.12.12	01:29:13.100		0.93322			4
2025.12.12	01:29:16.040	0.93311				2
2025.12.12	01:29:18.165	0.93310				2
2025.12.12	01:29:20.540		0.93323			4
2025.12.12	01:29:24.138		0.93322			4
2025.12.12	01:29:24.501	0.93309	0.93323			6
2025.12.12	01:29:28.937	0.93310	0.93322			6
2025.12.12	01:29:31.685		0.93323			4
2025.12.12	01:29:35.489	0.93309	0.93319			6
2025.12.12	01:29:35.815	0.93310	0.93323			6
2025.12.12	01:29:46.984	0.93307	0.93320			6
2025.12.12	01:29:48.737	0.93308				2
2025.12.12	01:29:51.051	0.93307				2
2025.12.12	01:29:57.062		0.93319			4
2025.12.12	01:30:00.454	0.93307				2
2025.12.12	01:30:03.284	0.93310	0.93315			6
2025.12.12	01:30:06.738	0.93307	0.93319			6
2025.12.12	01:30:07.411	0.93311	0.93322			6
2025.12.12	01:30:18.127		0.93323			4
2025.12.12	01:30:23.837	0.93310				2
2025.12.12	01:30:27.359	0.93313				2
2025.12.12	01:30:28.364		0.93322			4
2025.12.12	01:30:32.393	0.93312	0.93324			6
2025.12.12	01:30:33.179	0.93311	0.93323			6
2025.12.12	01:30:38.837	0.93310				2
2025.12.12	01:30:39.664	0.93311				2
2025.12.12	01:30:41.538	0.93310				2
2025.12.12	01:30:43.096		0.93322			4
