<DATE>	<TIME>	<BID>	<ASK>	<LAST>	<VOLUME>	<FLAGS>
2025.11.05	00:03:30.855	0.92999	0.93096			6
2025.11.05	00:04:02.282	0.92999				2
2025.11.05	00:04:51.407		0.93096			4
2025.11.05	00:05:00.429	0.92999				2
2025.11.05	00:05:01.630		0.93106			4
2025.11.05	00:05:06.629		0.93101			4
2025.11.05	00:05:11.639		0.93096			4
2025.11.05	00:05:21.627		0.93106			4
2025.11.05	00:05:26.629		0.93101			4
2025.11.05	00:05:31.625		0.93096			4
2025.11.05	00:06:02.281	0.92999				2
2025.11.05	00:06:34.349		0.93096			4
2025.11.05	00:07:00.619	0.92999				2
2025.11.05	00:07:44.350		0.93096			4
2025.11.05	00:08:00.317	0.92999				2
2025.11.05	00:08:44.897		0.93096			4
2025.11.05	00:09:00.360	0.92999				2
2025.11.05	00:09:46.350		0.93096			4
2025.11.05	00:10:00.319	0.92999				2
2025.11.05	00:10:11.656	0.93007	0.93077			6
2025.11.05	00:11:05.118	0.92999	0.93096			6
2025.11.05	00:11:06.529	0.93007	0.93077			6
2025.11.05	00:11:07.752	0.92999	0.93096			6
2025.11.05	00:11:12.935	0.93007	0.93077			6
2025.11.05	00:11:13.937	0.92999	0.93096			6
2025.11.05	00:11:19.162	0.93007	0.93077			6
2025.11.05	00:11:20.153	0.92999	0.93096			6
2025.11.05	00:11:25.428	0.93007	0.93077			6
2025.11.05	00:11:26.420	0.92999	0.93096			6
2025.11.05	00:11:31.714	0.93007	0.93077			6
2025.11.05	00:11:32.742	0.92999	0.93096			6
2025.11.05	00:12:00.278	0.92999				2
2025.11.05	00:12:32.980		0.93096			4
2025.11.05	00:13:00.318	0.92999				2
2025.11.05	00:13:33.863		0.93096			4
2025.11.05	00:14:01.192	0.92999				2
2025.11.05	00:14:34.346		0.93096			4
2025.11.05	00:15:00.304	0.92999				2
2025.11.05	00:15:34.571		0.93096			4
2025.11.05	00:16:01.104	0.92999				2
2025.11.05	00:16:35.977		0.93096			4
2025.11.05	00:17:00.316	0.92999				2
2025.11.05	00:17:38.835		0.93096			4
2025.11.05	00:18:00.353	0.92999				2
2025.11.05	00:18:26.339	0.92959	0.93094			6
2025.11.05	00:18:26.642		0.93091			4
2025.11.05	00:18:34.305	0.92963	0.93092			6
2025.11.05	00:18:46.656	0.92964	0.93087			6
2025.11.05	00:19:00.353	0.92964				2
2025.11.05	00:19:38.833	0.92967				2
2025.11.05	00:19:39.353	0.92969	0.93091			6
2025.11.05	00:19:44.885		0.93087			4
2025.11.05	00:19:46.347		0.93086			4
2025.11.05	00:19:46.862		0.93087			4
2025.11.05	00:19:47.264		0.93091			4
2025.11.05	00:19:50.623	0.92966	0.93094			6
2025.11.05	00:20:01.479	0.92966				2
2025.11.05	00:20:24.879		0.93087			4
2025.11.05	00:20:52.350		0.93083			4
2025.11.05	00:20:53.484		0.93086			4
2025.11.05	00:20:55.509		0.93094			4
2025.11.05	00:20:56.679		0.93093			4
2025.11.05	00:20:57.356		0.93094			4
2025.11.05	00:21:00.137	0.92966				2
2025.11.05	00:21:57.514		0.93094			4
2025.11.05	00:22:00.101	0.92966				2
2025.11.05	00:22:26.224	0.92956	0.93103			6
2025.11.05	00:22:36.856	0.92954	0.93101			6
2025.11.05	00:22:46.459	0.92960	0.93093			6
2025.11.05	00:23:00.116	0.92960				2
2025.11.05	00:23:46.646		0.93093			4
2025.11.05	00:23:52.020	0.92967	0.93091			6
2025.11.05	00:24:00.060	0.92967				2
2025.11.05	00:24:52.825		0.93091			4
2025.11.05	00:25:00.319	0.92967				2
2025.11.05	00:25:29.337	0.92954	0.93090			6
2025.11.05	00:25:29.639		0.93094			4
2025.11.05	00:25:31.184		0.93089			4
2025.11.05	00:25:31.499		0.93093			4
2025.11.05	00:25:32.107	0.92960				2
2025.11.05	00:25:32.741		0.93092			4
2025.11.05	00:25:33.359		0.93091			4
2025.11.05	00:25:34.160		0.93090			4
2025.11.05	00:25:35.291		0.93089			4
2025.11.05	00:25:36.702		0.93083			4
2025.11.05	00:25:37.027	0.92961	0.93084			6
2025.11.05	00:25:41.322	0.92960				2
2025.11.05	00:26:00.316	0.92960				2
2025.11.05	00:26:06.704		0.93085			4
2025.11.05	00:26:21.555		0.93084			4
2025.11.05	00:26:25.179		0.93085			4
2025.11.05	00:26:32.274	0.92962				2
2025.11.05	00:26:37.027		0.93084			4
2025.11.05	00:27:04.858	0.92962	0.93081			6
2025.11.05	00:27:13.709	0.92955				2
2025.11.05	00:27:14.457	0.92962				2
2025.11.05	00:27:20.392		0.93080			4
2025.11.05	00:27:30.424		0.93083			4
2025.11.05	00:27:36.501		0.93082			4
2025.11.05	00:27:37.109		0.93080			4
2025.11.05	00:27:49.143		0.93082			4
2025.11.05	00:28:02.169	0.92962				2
2025.11.05	00:28:12.292	0.92975	0.93081			6
2025.11.05	00:28:27.327		0.93080			4
2025.11.05	00:28:33.280		0.93079			4
2025.11.05	00:28:36.488		0.93081			4
2025.11.05	00:29:02.282	0.92975	0.93080			6
2025.11.05	00:29:06.496		0.93081			4
2025.11.05	00:29:16.496		0.93082			4
2025.11.05	00:29:29.418		0.93081			4
2025.11.05	00:29:38.379		0.93080			4
2025.11.05	00:29:42.577		0.93081			4
2025.11.05	00:30:00.306	0.92975				2
2025.11.05	00:30:00.649		0.93080			4
2025.11.05	00:30:01.561		0.93079			4
2025.11.05	00:30:02.352		0.93082			4
2025.11.05	00:30:02.659		0.93079			4
2025.11.05	00:30:06.490		0.93077			4
2025.11.05	00:30:06.850		0.93078			4
2025.11.05	00:30:08.731		0.93073			4
2025.11.05	00:30:13.047		0.93083			4
2025.11.05	00:30:13.662		0.93084			4
2025.11.05	00:30:14.919		0.93083			4
2025.11.05	00:30:25.661		0.93082			4
2025.11.05	00:30:28.695		0.93083			4
2025.11.05	00:30:31.508		0.93088			4
2025.11.05	00:30:32.507		0.93084			4
2025.11.05	00:30:33.662	0.92984	0.93096			6
2025.11.05	00:30:33.994		0.93102			4
2025.11.05	00:30:35.151		0.93101			4
2025.11.05	00:30:35.786	0.92985	0.93097			6
2025.11.05	00:30:36.752	0.92991				2
2025.11.05	00:30:37.907	0.92987				2
2025.11.05	00:30:38.248		0.93098			4
2025.11.05	00:30:38.559		0.93097			4
2025.11.05	00:30:39.466		0.93094			4
2025.11.05	00:30:39.807		0.93095			4
2025.11.05	00:30:41.248	0.92985	0.93092			6
2025.11.05	00:30:43.059		0.93091			4
2025.11.05	00:30:43.377		0.93092			4
2025.11.05	00:30:45.026		0.93091			4
2025.11.05	00:30:46.313		0.93093			4
2025.11.05	00:30:47.716		0.93092			4
2025.11.05	00:30:52.847		0.93080			4
2025.11.05	00:30:54.086		0.93092			4
2025.11.05	00:30:58.573		0.93095			4
2025.11.05	00:31:00.376	0.92985				2
2025.11.05	00:31:07.317		0.93096			4
2025.11.05	00:31:08.509		0.93093			4
2025.11.05	00:31:08.893		0.93092			4
2025.11.05	00:31:10.327		0.93094			4
2025.11.05	00:31:12.923		0.93093			4
2025.11.05	00:31:15.014		0.93091			4
2025.11.05	00:31:17.484		0.93092			4
2025.11.05	00:31:18.625		0.93091			4
2025.11.05	00:31:19.121		0.93092			4
2025.11.05	00:31:20.353		0.93091			4
2025.11.05	00:31:23.296		0.93092			4
2025.11.05	00:31:29.349		0.93097			4
2025.11.05	00:31:40.323		0.93098			4
2025.11.05	00:32:03.776	0.92985				2
2025.11.05	00:32:06.923	0.92976	0.93092			6
2025.11.05	00:32:07.355		0.93095			4
2025.11.05	00:32:10.005	0.92978				2
2025.11.05	00:32:10.315		0.93092			4
2025.11.05	00:32:11.966		0.93093			4
2025.11.05	00:32:14.502		0.93092			4
2025.11.05	00:32:15.009		0.93093			4
2025.11.05	00:32:18.668		0.93094			4
2025.11.05	00:32:20.227		0.93090			4
2025.11.05	00:32:21.106		0.93089			4
2025.11.05	00:32:29.340		0.93090			4
2025.11.05	00:32:30.582		0.93091			4
2025.11.05	00:32:31.207		0.93090			4
2025.11.05	00:32:32.147		0.93092			4
2025.11.05	00:32:41.895		0.93093			4
2025.11.05	00:32:42.202		0.93094			4
2025.11.05	00:32:45.058		0.93092			4
2025.11.05	00:32:45.432		0.93091			4
2025.11.05	00:32:52.018		0.93087			4
2025.11.05	00:32:52.374		0.93086			4
2025.11.05	00:32:52.677		0.93085			4
2025.11.05	00:32:53.057		0.93084			4
2025.11.05	00:32:53.358		0.93085			4
2025.11.05	00:32:54.278		0.93091			4
2025.11.05	00:32:54.944		0.93092			4
2025.11.05	00:32:55.259		0.93093			4
2025.11.05	00:32:59.357	0.92981	0.93095			6
2025.11.05	00:33:00.315	0.92981				2
2025.11.05	00:33:18.928	0.92982	0.93097			6
2025.11.05	00:33:33.915	0.92986	0.93100			6
2025.11.05	00:33:51.553	0.92990	0.93106			6
2025.11.05	00:33:52.353	0.92991	0.93105			6
2025.11.05	00:33:53.640	0.92989	0.93107			6
2025.11.05	00:34:00.942	0.92989	0.93109			6
2025.11.05	00:34:02.742	0.92986	0.93106			6
2025.11.05	00:34:03.254		0.93105			4
2025.11.05	00:34:03.605		0.93102			4
2025.11.05	00:34:11.377		0.93106			4
2025.11.05	00:34:11.725		0.93109			4
2025.11.05	00:34:12.668		0.93108			4
2025.11.05	00:34:13.609		0.93110			4
2025.11.05	00:34:21.281		0.93109			4
2025.11.05	00:34:22.437		0.93111			4
2025.11.05	00:34:25.666		0.93109			4
2025.11.05	00:34:26.025		0.93110			4
2025.11.05	00:34:26.381	0.92991	0.93106			6
2025.11.05	00:34:26.731	0.92990	0.93104			6
2025.11.05	00:34:34.327	0.92992	0.93106			6
2025.11.05	00:34:57.812	0.92977				2
2025.11.05	00:35:01.407	0.92977				2
2025.11.05	00:35:22.505		0.93105			4
2025.11.05	00:35:24.349		0.93104			4
2025.11.05	00:35:39.277		0.93103			4
2025.11.05	00:35:42.050		0.93102			4
2025.11.05	00:35:59.358	0.92976				2
2025.11.05	00:36:00.577	0.92976				2
2025.11.05	00:36:10.178		0.93101			4
2025.11.05	00:36:29.977		0.93100			4
2025.11.05	00:36:31.778		0.93101			4
2025.11.05	00:36:35.378		0.93100			4
2025.11.05	00:36:44.999		0.93101			4
2025.11.05	00:36:47.679		0.93100			4
2025.11.05	00:36:55.807	0.92952				2
2025.11.05	00:37:00.984	0.92952				2
2025.11.05	00:37:04.779		0.93099			4
2025.11.05	00:37:12.879		0.93098			4
2025.11.05	00:37:14.812		0.93099			4
2025.11.05	00:37:22.179		0.93098			4
2025.11.05	00:37:29.767		0.93097			4
2025.11.05	00:37:36.493		0.93098			4
2025.11.05	00:37:37.293		0.93097			4
2025.11.05	00:37:40.188		0.93096			4
2025.11.05	00:37:55.809	0.92950				2
2025.11.05	00:38:00.985	0.92950				2
2025.11.05	00:38:03.280		0.93095			4
2025.11.05	00:38:18.457		0.93094			4
2025.11.05	00:38:18.787		0.93095			4
2025.11.05	00:38:22.479	0.92942	0.93094			6
2025.11.05	00:38:26.996		0.93093			4
2025.11.05	00:38:30.878		0.93094			4
2025.11.05	00:38:32.980		0.93095			4
2025.11.05	00:38:33.587		0.93094			4
2025.11.05	00:38:40.189		0.93092			4
2025.11.05	00:38:42.742		0.93094			4
2025.11.05	00:38:45.007		0.93093			4
2025.11.05	00:38:48.484		0.93090			4
2025.11.05	00:38:58.562		0.93091			4
2025.11.05	00:38:59.064		0.93092			4
2025.11.05	00:39:00.353	0.92942	0.93091			6
2025.11.05	00:39:07.019		0.93090			4
2025.11.05	00:39:18.267		0.93089			4
2025.11.05	00:39:18.760		0.93090			4
2025.11.05	00:39:19.261		0.93089			4
2025.11.05	00:39:19.777		0.93091			4
2025.11.05	00:39:20.614		0.93090			4
2025.11.05	00:39:22.020		0.93089			4
2025.11.05	00:39:26.064		0.93090			4
2025.11.05	00:39:28.179		0.93092			4
2025.11.05	00:39:28.888		0.93091			4
2025.11.05	00:39:36.400		0.93090			4
2025.11.05	00:39:57.196		0.93091			4
2025.11.05	00:39:57.830		0.93092			4
2025.11.05	00:39:59.425		0.93093			4
2025.11.05	00:40:00.577	0.92942	0.93092			6
2025.11.05	00:40:03.202		0.93093			4
2025.11.05	00:40:06.579		0.93092			4
2025.11.05	00:40:10.410		0.93091			4
2025.11.05	00:40:13.778		0.93087			4
2025.11.05	00:40:14.688		0.93090			4
2025.11.05	00:40:15.879		0.93091			4
2025.11.05	00:40:27.278		0.93090			4
2025.11.05	00:40:31.057		0.93091			4
2025.11.05	00:40:32.086		0.93090			4
2025.11.05	00:40:34.778		0.93091			4
2025.11.05	00:40:35.477	0.92957	0.93095			6
2025.11.05	00:40:36.357		0.93094			4
2025.11.05	00:40:37.177		0.93093			4
2025.11.05	00:40:40.806		0.93092			4
2025.11.05	00:40:42.588		0.93090			4
2025.11.05	00:40:43.667		0.93091			4
2025.11.05	00:40:44.400		0.93090			4
2025.11.05	00:40:47.378		0.93089			4
2025.11.05	00:40:50.402		0.93090			4
2025.11.05	00:40:56.677		0.93089			4
2025.11.05	00:40:59.679		0.93090			4
2025.11.05	00:41:00.702	0.92957				2
2025.11.05	00:41:05.677		0.93091			4
2025.11.05	00:41:09.531		0.93092			4
2025.11.05	00:41:11.424		0.93091			4
2025.11.05	00:41:31.452		0.93092			4
2025.11.05	00:41:32.978		0.93091			4
2025.11.05	00:41:34.802		0.93092			4
2025.11.05	00:41:35.477	0.92956	0.93091			6
2025.11.05	00:41:49.726		0.93089			4
2025.11.05	00:41:56.421		0.93090			4
2025.11.05	00:41:58.671		0.93091			4
2025.11.05	00:41:59.402		0.93092			4
2025.11.05	00:42:00.010	0.92956				2
2025.11.05	00:42:00.877		0.93093			4
2025.11.05	00:42:06.351		0.93092			4
2025.11.05	00:42:07.777		0.93091			4
2025.11.05	00:42:14.396		0.93092			4
2025.11.05	00:42:15.272		0.93091			4
2025.11.05	00:42:18.278		0.93092			4
2025.11.05	00:42:19.702		0.93091			4
2025.11.05	00:42:28.268		0.93090			4
2025.11.05	00:42:29.078		0.93091			4
2025.11.05	00:42:34.978		0.93090			4
2025.11.05	00:42:36.577		0.93089			4
2025.11.05	00:42:37.065		0.93090			4
2025.11.05	00:42:38.948		0.93093			4
2025.11.05	00:42:40.354		0.93090			4
2025.11.05	00:43:01.178	0.92956				2
2025.11.05	00:43:01.641		0.93091			4
2025.11.05	00:43:02.146		0.93089			4
2025.11.05	00:43:16.484		0.93092			4
2025.11.05	00:43:17.239		0.93089			4
2025.11.05	00:43:17.977		0.93090			4
2025.11.05	00:43:26.721		0.93091			4
2025.11.05	00:43:27.277		0.93090			4
2025.11.05	00:43:30.284		0.93092			4
2025.11.05	00:43:31.480		0.93091			4
2025.11.05	00:43:32.386		0.93092			4
2025.11.05	00:43:37.957		0.93093			4
2025.11.05	00:43:42.281		0.93092			4
2025.11.05	00:43:44.614		0.93093			4
2025.11.05	00:43:50.735		0.93094			4
2025.11.05	00:43:52.478		0.93093			4
2025.11.05	00:43:58.477		0.93092			4
2025.11.05	00:44:00.472	0.92956				2
2025.11.05	00:44:01.157		0.93094			4
2025.11.05	00:44:01.664		0.93096			4
2025.11.05	00:44:02.679		0.93097			4
2025.11.05	00:44:05.323		0.93093			4
2025.11.05	00:44:13.485		0.93092			4
2025.11.05	00:44:16.178		0.93091			4
2025.11.05	00:44:20.087		0.93090			4
2025.11.05	00:44:25.778		0.93089			4
2025.11.05	00:44:26.831		0.93090			4
2025.11.05	00:44:28.478		0.93089			4
2025.11.05	00:44:31.411		0.93091			4
2025.11.05	00:44:32.584		0.93087			4
2025.11.05	00:44:35.269	0.92957	0.93088			6
2025.11.05	00:44:35.737		0.93087			4
2025.11.05	00:44:39.299		0.93088			4
2025.11.05	00:44:39.611		0.93087			4
2025.11.05	00:44:46.478		0.93086			4
2025.11.05	00:44:56.380		0.93087			4
2025.11.05	00:45:00.410	0.92957				2
2025.11.05	00:45:02.378		0.93088			4
2025.11.05	00:45:03.202	0.92952	0.93082			6
2025.11.05	00:45:04.791	0.92953				2
2025.11.05	00:45:05.142	0.92952	0.93080			6
2025.11.05	00:45:06.795	0.92957	0.93085			6
2025.11.05	00:45:14.859		0.93086			4
2025.11.05	00:45:17.707		0.93087			4
2025.11.05	00:45:19.173		0.93088			4
2025.11.05	00:45:21.581		0.93087			4
2025.11.05	00:45:27.876		0.93088			4
2025.11.05	00:45:30.388		0.93087			4
2025.11.05	00:45:31.179		0.93088			4
2025.11.05	00:45:32.173		0.93087			4
2025.11.05	00:45:36.492		0.93086			4
2025.11.05	00:45:36.799		0.93084			4
2025.11.05	00:45:37.157		0.93085			4
2025.11.05	00:45:38.547		0.93086			4
2025.11.05	00:45:41.637		0.93087			4
2025.11.05	00:45:42.337		0.93088			4
2025.11.05	00:45:42.789		0.93086			4
2025.11.05	00:45:52.421	0.92975	0.93068			6
2025.11.05	00:46:12.626	0.92975				2
2025.11.05	00:46:13.757		0.93070			4
2025.11.05	00:46:16.069		0.93067			4
2025.11.05	00:46:16.479		0.93066			4
2025.11.05	00:46:21.769		0.93065			4
2025.11.05	00:46:24.344		0.93064			4
2025.11.05	00:46:26.486		0.93065			4
2025.11.05	00:46:30.603		0.93066			4
2025.11.05	00:46:31.178		0.93067			4
2025.11.05	00:46:31.560		0.93068			4
2025.11.05	00:46:38.677		0.93069			4
2025.11.05	00:46:39.877		0.93067			4
2025.11.05	00:46:45.606		0.93066			4
2025.11.05	00:46:46.487		0.93065			4
2025.11.05	00:46:48.374		0.93064			4
2025.11.05	00:46:50.762		0.93065			4
2025.11.05	00:47:00.021	0.92975				2
2025.11.05	00:47:02.890		0.93066			4
2025.11.05	00:47:03.203	0.92971	0.93063			6
2025.11.05	00:47:04.473	0.92972				2
2025.11.05	00:47:06.731	0.92949	0.93066			6
2025.11.05	00:47:09.647		0.93065			4
2025.11.05	00:47:10.297		0.93066			4
2025.11.05	00:47:16.554		0.93067			4
2025.11.05	00:47:30.607		0.93064			4
2025.11.05	00:47:35.385	0.92976	0.93062			6
2025.11.05	00:47:56.488		0.93064			4
2025.11.05	00:47:56.794		0.93063			4
2025.11.05	00:47:57.278		0.93064			4
2025.11.05	00:48:00.618	0.92976				2
2025.11.05	00:48:02.086		0.93061			4
2025.11.05	00:48:04.055		0.93062			4
2025.11.05	00:48:09.995		0.93063			4
2025.11.05	00:48:10.778		0.93062			4
2025.11.05	00:48:18.279		0.93061			4
2025.11.05	00:48:18.886		0.93062			4
2025.11.05	00:48:20.979		0.93063			4
2025.11.05	00:48:29.598		0.93062			4
2025.11.05	00:48:30.897		0.93063			4
2025.11.05	00:48:37.019		0.93064			4
2025.11.05	00:48:38.123		0.93065			4
2025.11.05	00:48:39.279		0.93066			4
2025.11.05	00:48:41.770		0.93065			4
2025.11.05	00:48:44.609		0.93066			4
2025.11.05	00:48:50.987		0.93064			4
2025.11.05	00:48:51.798		0.93063			4
2025.11.05	00:48:52.527		0.93065			4
2025.11.05	00:48:53.125		0.93064			4
2025.11.05	00:48:55.243		0.93065			4
2025.11.05	00:49:02.091	0.92976				2
2025.11.05	00:49:07.020		0.93066			4
2025.11.05	00:49:10.841		0.93065			4
2025.11.05	00:49:12.017		0.93066			4
2025.11.05	00:49:13.786		0.93065			4
2025.11.05	00:49:22.425		0.93066			4
2025.11.05	00:49:26.842		0.93065			4
2025.11.05	00:49:28.321		0.93067			4
2025.11.05	00:49:28.948		0.93066			4
2025.11.05	00:49:32.986		0.93067			4
2025.11.05	00:49:35.477	0.92975				2
2025.11.05	00:49:35.988		0.93066			4
2025.11.05	00:49:38.978		0.93067			4
2025.11.05	00:49:46.227		0.93065			4
2025.11.05	00:49:46.890		0.93066			4
2025.11.05	00:49:54.628		0.93065			4
2025.11.05	00:49:59.445		0.93066			4
2025.11.05	00:50:00.421	0.92975				2
2025.11.05	00:50:01.478		0.93067			4
2025.11.05	00:50:08.252		0.93068			4
2025.11.05	00:50:10.839		0.93070			4
2025.11.05	00:50:11.285		0.93069			4
2025.11.05	00:50:11.602		0.93068			4
2025.11.05	00:50:14.377		0.93069			4
2025.11.05	00:50:15.470		0.93070			4
2025.11.05	00:50:16.258		0.93068			4
2025.11.05	00:50:17.680		0.93069			4
2025.11.05	00:50:18.368		0.93070			4
2025.11.05	00:50:19.491		0.93069			4
2025.11.05	00:50:24.987		0.93070			4
2025.11.05	00:50:28.717		0.93069			4
2025.11.05	00:50:30.797		0.93070			4
2025.11.05	00:50:39.040	0.92949	0.93068			6
2025.11.05	00:50:39.365		0.93070			4
2025.11.05	00:50:39.918		0.93080			4
2025.11.05	00:50:41.275		0.93082			4
2025.11.05	00:50:41.777		0.93077			4
2025.11.05	00:50:42.078	0.92961				2
2025.11.05	00:50:42.698		0.93073			4
2025.11.05	00:50:43.448	0.92962	0.93071			6
2025.11.05	00:50:44.866	0.92961	0.93069			6
2025.11.05	00:50:46.344		0.93059			4
2025.11.05	00:50:47.608		0.93069			4
2025.11.05	00:50:49.544		0.93059			4
2025.11.05	00:50:53.651		0.93067			4
2025.11.05	00:50:55.673		0.93068			4
2025.11.05	00:50:55.981		0.93069			4
2025.11.05	00:50:56.652		0.93068			4
2025.11.05	00:51:00.357	0.92961	0.93070			6
2025.11.05	00:51:00.661		0.93071			4
2025.11.05	00:51:01.548		0.93069			4
2025.11.05	00:51:03.244		0.93067			4
2025.11.05	00:51:03.559		0.93070			4
2025.11.05	00:51:04.258		0.93071			4
2025.11.05	00:51:04.725		0.93072			4
2025.11.05	00:51:05.223		0.93071			4
2025.11.05	00:51:05.663		0.93058			4
2025.11.05	00:51:06.226		0.93069			4
2025.11.05	00:51:06.558		0.93070			4
2025.11.05	00:51:14.750		0.93071			4
2025.11.05	00:51:16.134		0.93070			4
2025.11.05	00:51:18.879		0.93071			4
2025.11.05	00:51:22.727		0.93069			4
2025.11.05	00:51:26.345		0.93070			4
2025.11.05	00:51:35.538		0.93069			4
2025.11.05	00:51:36.491		0.93056			4
2025.11.05	00:51:42.070	0.92964	0.93066			6
2025.11.05	00:51:44.416		0.93059			4
2025.11.05	00:51:45.175		0.93055			4
2025.11.05	00:51:48.326		0.93067			4
2025.11.05	00:51:49.962		0.93054			4
2025.11.05	00:51:51.575		0.93066			4
2025.11.05	00:51:53.674		0.93067			4
2025.11.05	00:51:54.287		0.93054			4
2025.11.05	00:51:56.822		0.93065			4
2025.11.05	00:51:59.290		0.93054			4
2025.11.05	00:51:59.662		0.93066			4
2025.11.05	00:51:59.979		0.93065			4
2025.11.05	00:52:00.382	0.92964				2
2025.11.05	00:52:01.087		0.93066			4
2025.11.05	00:52:03.280		0.93065			4
2025.11.05	00:52:04.548		0.93066			4
2025.11.05	00:52:08.963		0.93064			4
2025.11.05	00:52:10.662		0.93066			4
2025.11.05	00:52:13.219		0.93065			4
2025.11.05	00:52:13.718		0.93066			4
2025.11.05	00:52:15.379		0.93067			4
2025.11.05	00:52:15.950		0.93055			4
2025.11.05	00:52:17.734		0.93067			4
2025.11.05	00:52:19.382		0.93066			4
2025.11.05	00:52:20.971		0.93071			4
2025.11.05	00:52:22.102		0.93070			4
2025.11.05	00:52:23.194		0.93067			4
2025.11.05	00:52:26.098		0.93068			4
2025.11.05	00:52:26.399		0.93067			4
2025.11.05	00:52:28.098		0.93068			4
2025.11.05	00:52:29.085		0.93056			4
2025.11.05	00:52:34.510		0.93069			4
2025.11.05	00:52:36.185		0.93055			4
2025.11.05	00:52:36.491		0.93068			4
2025.11.05	00:52:38.330	0.92983	0.93063			6
2025.11.05	00:52:39.832		0.93061			4
2025.11.05	00:52:40.794		0.93062			4
2025.11.05	00:52:42.313		0.93055			4
2025.11.05	00:52:42.813		0.93060			4
2025.11.05	00:52:44.379		0.93055			4
2025.11.05	00:52:44.816		0.93061			4
2025.11.05	00:52:46.438		0.93072			4
2025.11.05	00:52:52.111		0.93057			4
2025.11.05	00:52:53.968		0.93072			4
2025.11.05	00:52:56.430		0.93071			4
2025.11.05	00:52:57.546		0.93074			4
2025.11.05	00:53:00.354	0.92983	0.93075			6
2025.11.05	00:53:06.139		0.93076			4
2025.11.05	00:53:06.442		0.93078			4
2025.11.05	00:53:08.376		0.93076			4
2025.11.05	00:53:08.870		0.93062			4
2025.11.05	00:53:10.222		0.93057			4
2025.11.05	00:53:16.420		0.93073			4
2025.11.05	00:53:17.369		0.93074			4
2025.11.05	00:53:18.483		0.93073			4
2025.11.05	00:53:18.811		0.93072			4
2025.11.05	00:53:19.119		0.93073			4
2025.11.05	00:53:19.425		0.93072			4
2025.11.05	00:53:19.805		0.93075			4
2025.11.05	00:53:23.331		0.93076			4
2025.11.05	00:53:23.894		0.93075			4
2025.11.05	00:53:24.278		0.93076			4
2025.11.05	00:53:24.603		0.93075			4
2025.11.05	00:53:25.982		0.93067			4
2025.11.05	00:53:26.300		0.93075			4
2025.11.05	00:53:30.898		0.93063			4
2025.11.05	00:53:31.923		0.93070			4
2025.11.05	00:53:35.378		0.93072			4
2025.11.05	00:53:36.262		0.93075			4
2025.11.05	00:53:36.580		0.93078			4
2025.11.05	00:53:36.896		0.93079			4
2025.11.05	00:53:37.197		0.93078			4
2025.11.05	00:53:38.259	0.92982	0.93080			6
2025.11.05	00:53:38.887		0.93079			4
2025.11.05	00:53:40.128		0.93080			4
2025.11.05	00:53:40.554		0.93079			4
2025.11.05	00:53:41.123		0.93078			4
2025.11.05	00:53:41.645		0.93076			4
2025.11.05	00:53:43.935		0.93077			4
2025.11.05	00:53:45.880		0.93078			4
2025.11.05	00:53:46.217		0.93080			4
2025.11.05	00:53:46.527		0.93079			4
2025.11.05	00:53:46.828		0.93080			4
2025.11.05	00:53:47.262		0.93081			4
2025.11.05	00:53:48.290		0.93072			4
2025.11.05	00:53:49.928		0.93078			4
2025.11.05	00:53:50.351		0.93079			4
2025.11.05	00:53:51.440		0.93080			4
2025.11.05	00:53:53.439		0.93079			4
2025.11.05	00:53:55.161		0.93075			4
2025.11.05	00:53:55.484		0.93074			4
2025.11.05	00:53:58.372		0.93075			4
2025.11.05	00:54:00.279	0.92982	0.93076			6
2025.11.05	00:54:03.279		0.93075			4
2025.11.05	00:54:05.987		0.93069			4
2025.11.05	00:54:06.359		0.93075			4
2025.11.05	00:54:08.080		0.93076			4
2025.11.05	00:54:08.741		0.93072			4
2025.11.05	00:54:09.063		0.93076			4
2025.11.05	00:54:16.407		0.93077			4
2025.11.05	00:54:17.077		0.93078			4
2025.11.05	00:54:17.735		0.93071			4
2025.11.05	00:54:18.059		0.93076			4
2025.11.05	00:54:20.379		0.93077			4
2025.11.05	00:54:24.572		0.93076			4
2025.11.05	00:54:25.474		0.93077			4
2025.11.05	00:54:26.491		0.93076			4
2025.11.05	00:54:30.573		0.93077			4
2025.11.05	00:54:32.677		0.93076			4
2025.11.05	00:54:34.777		0.93077			4
2025.11.05	00:54:35.987		0.93076			4
2025.11.05	00:54:36.788		0.93077			4
2025.11.05	00:54:38.337	0.92985				2
2025.11.05	00:54:40.559		0.93076			4
2025.11.05	00:54:44.765		0.93065			4
2025.11.05	00:54:46.495		0.93063			4
2025.11.05	00:54:47.821		0.93059			4
2025.11.05	00:54:52.113		0.93075			4
2025.11.05	00:54:52.615		0.93076			4
2025.11.05	00:54:53.418		0.93075			4
2025.11.05	00:54:55.157		0.93070			4
2025.11.05	00:54:55.473		0.93074			4
2025.11.05	00:54:58.603		0.93070			4
2025.11.05	00:54:58.920		0.93074			4
2025.11.05	00:55:00.429	0.92985	0.93073			6
2025.11.05	00:55:04.762	0.92966	0.93072			6
2025.11.05	00:55:05.066		0.93066			4
2025.11.05	00:55:06.749		0.93065			4
2025.11.05	00:55:07.068		0.93063			4
2025.11.05	00:55:13.433		0.93064			4
2025.11.05	00:55:14.163	0.92979	0.93072			6
2025.11.05	00:55:14.614		0.93071			4
2025.11.05	00:55:14.973		0.93072			4
2025.11.05	00:55:15.316		0.93071			4
2025.11.05	00:55:38.014		0.93072			4
2025.11.05	00:55:39.278		0.93073			4
2025.11.05	00:55:40.170		0.93071			4
2025.11.05	00:55:48.960		0.93073			4
2025.11.05	00:55:49.291		0.93071			4
2025.11.05	00:55:49.658		0.93073			4
2025.11.05	00:55:49.967	0.92989	0.93076			6
2025.11.05	00:55:50.364	0.92982	0.93070			6
2025.11.05	00:55:53.330		0.93069			4
2025.11.05	00:55:54.385		0.93070			4
2025.11.05	00:55:56.329		0.93069			4
2025.11.05	00:55:56.683		0.93070			4
2025.11.05	00:56:00.316	0.92982				2
2025.11.05	00:56:01.190		0.93069			4
2025.11.05	00:56:01.546		0.93070			4
2025.11.05	00:56:02.182		0.93069			4
2025.11.05	00:56:02.487		0.93070			4
2025.11.05	00:56:10.476		0.93069			4
2025.11.05	00:56:16.477		0.93067			4
2025.11.05	00:56:18.371		0.93069			4
2025.11.05	00:56:36.469		0.93068			4
2025.11.05	00:56:45.482		0.93069			4
2025.11.05	00:56:48.004		0.93070			4
2025.11.05	00:56:56.029		0.93067			4
2025.11.05	00:56:56.389		0.93066			4
2025.11.05	00:56:57.352		0.93067			4
2025.11.05	00:57:00.938	0.92982				2
2025.11.05	00:57:02.028		0.93066			4
2025.11.05	00:57:02.380		0.93067			4
2025.11.05	00:57:04.196		0.93068			4
2025.11.05	00:57:06.062		0.93067			4
2025.11.05	00:57:08.363		0.93068			4
2025.11.05	00:57:09.316		0.93069			4
2025.11.05	00:57:16.488		0.93068			4
2025.11.05	00:57:19.578		0.93069			4
2025.11.05	00:57:20.008		0.93068			4
2025.11.05	00:57:21.841		0.93067			4
2025.11.05	00:57:22.178		0.93066			4
2025.11.05	00:57:23.006		0.93067			4
2025.11.05	00:57:23.513		0.93069			4
2025.11.05	00:57:24.003		0.93070			4
2025.11.05	00:57:26.044		0.93069			4
2025.11.05	00:57:26.465		0.93070			4
2025.11.05	00:57:30.224		0.93069			4
2025.11.05	00:57:31.913		0.93071			4
2025.11.05	00:57:36.958		0.93070			4
2025.11.05	00:57:38.476		0.93069			4
2025.11.05	00:57:38.797		0.93068			4
2025.11.05	00:57:39.220		0.93067			4
2025.11.05	00:57:39.872		0.93071			4
2025.11.05	00:57:40.404		0.93070			4
2025.11.05	00:57:41.461		0.93071			4
2025.11.05	00:57:42.140		0.93068			4
2025.11.05	00:57:42.510		0.93067			4
2025.11.05	00:57:44.935		0.93070			4
2025.11.05	00:57:47.440		0.93071			4
2025.11.05	00:57:50.375	0.92985				2
2025.11.05	00:57:51.912		0.93070			4
2025.11.05	00:57:56.023		0.93071			4
2025.11.05	00:57:56.494		0.93070			4
2025.11.05	00:57:59.294		0.93069			4
2025.11.05	00:58:00.672	0.92985	0.93070			6
2025.11.05	00:58:03.628		0.93067			4
2025.11.05	00:58:06.913		0.93069			4
2025.11.05	00:58:10.308		0.93066			4
2025.11.05	00:58:11.317		0.93068			4
2025.11.05	00:58:12.627		0.93066			4
2025.11.05	00:58:14.431		0.93067			4
2025.11.05	00:58:15.465		0.93069			4
2025.11.05	00:58:16.054		0.93068			4
2025.11.05	00:58:22.315		0.93069			4
2025.11.05	00:58:22.734	0.92979	0.93064			6
2025.11.05	00:58:23.312		0.93065			4
2025.11.05	00:58:23.782		0.93064			4
2025.11.05	00:58:24.569		0.93062			4
2025.11.05	00:58:26.239		0.93065			4
2025.11.05	00:58:27.075		0.93066			4
2025.11.05	00:58:29.063		0.93065			4
2025.11.05	00:58:39.880		0.93063			4
2025.11.05	00:58:40.314		0.93062			4
2025.11.05	00:58:44.498		0.93063			4
2025.11.05	00:58:45.530		0.93061			4
2025.11.05	00:58:46.495		0.93063			4
2025.11.05	00:58:53.980		0.93064			4
2025.11.05	00:58:56.772		0.93063			4
2025.11.05	00:58:58.962		0.93064			4
2025.11.05	00:59:01.832	0.92979				2
2025.11.05	00:59:25.321		0.93065			4
2025.11.05	00:59:34.489		0.93066			4
2025.11.05	00:59:35.666		0.93065			4
2025.11.05	00:59:37.214		0.93062			4
2025.11.05	00:59:39.878		0.93063			4
2025.11.05	00:59:49.651		0.93062			4
2025.11.05	00:59:56.490		0.93063			4
2025.11.05	01:00:00.305	0.93006	0.93079			6
2025.11.05	01:00:00.625	0.93007	0.93076			6
2025.11.05	01:00:00.936	0.93012				2
2025.11.05	01:00:01.349		0.93074			4
2025.11.05	01:00:01.668	0.93007	0.93080			6
2025.11.05	01:00:02.394		0.93081			4
2025.11.05	01:00:03.383	0.92992	0.93086			6
2025.11.05	01:00:03.692		0.93085			4
2025.11.05	01:00:04.040	0.92994				2
2025.11.05	01:00:04.347		0.93090			4
2025.11.05	01:00:04.691		0.93091			4
2025.11.05	01:00:05.298	0.92993	0.93089			6
2025.11.05	01:00:05.649	0.92995				2
2025.11.05	01:00:06.300	0.93016	0.93099			6
2025.11.05	01:00:06.906	0.93024	0.93081			6
2025.11.05	01:00:07.221		0.93080			4
2025.11.05	01:00:07.558	0.93022				2
2025.11.05	01:00:08.247		0.93075			4
2025.11.05	01:00:10.088	0.93021				2
2025.11.05	01:00:11.086	0.93022				2
2025.11.05	01:00:15.396	0.93023				2
2025.11.05	01:00:16.545	0.93021				2
2025.11.05	01:00:16.873		0.93073			4
2025.11.05	01:00:18.141		0.93077			4
2025.11.05	01:00:20.337	0.93034	0.93075			6
2025.11.05	01:00:20.663	0.93033	0.93073			6
2025.11.05	01:00:21.444		0.93067			4
2025.11.05	01:00:24.822	0.93034	0.93073			6
2025.11.05	01:00:26.185	0.93033	0.93075			6
2025.11.05	01:00:26.504	0.93034	0.93073			6
2025.11.05	01:00:27.976		0.93068			4
2025.11.05	01:00:28.990	0.93036				2
2025.11.05	01:00:29.339		0.93066			4
2025.11.05	01:00:29.652	0.93034				2
2025.11.05	01:00:30.033	0.93028				2
2025.11.05	01:00:30.355	0.93029	0.93065			6
2025.11.05	01:00:37.492	0.93030	0.93067			6
2025.11.05	01:00:37.947		0.93065			4
2025.11.05	01:00:39.951	0.93027	0.93067			6
2025.11.05	01:00:45.325	0.93028				2
2025.11.05	01:00:46.386	0.93030				2
2025.11.05	01:00:57.015		0.93070			4
2025.11.05	01:01:00.311	0.93030				2
2025.11.05	01:01:01.871		0.93071			4
2025.11.05	01:01:03.878		0.93070			4
2025.11.05	01:01:05.857	0.93031	0.93069			6
2025.11.05	01:01:06.187	0.93029				2
2025.11.05	01:01:09.581		0.93068			4
2025.11.05	01:01:11.696		0.93069			4
2025.11.05	01:01:13.118		0.93068			4
2025.11.05	01:01:16.629	0.93031	0.93071			6
2025.11.05	01:01:21.631	0.93030				2
2025.11.05	01:01:24.291	0.93031				2
2025.11.05	01:01:26.603		0.93070			4
2025.11.05	01:01:29.006	0.93030				2
2025.11.05	01:01:29.378	0.93034				2
2025.11.05	01:01:31.639		0.93071			4
2025.11.05	01:01:35.359	0.93035				2
2025.11.05	01:01:39.151	0.93030				2
2025.11.05	01:01:40.329	0.93035				2
2025.11.05	01:01:44.679		0.93070			4
2025.11.05	01:01:49.452		0.93071			4
2025.11.05	01:01:50.314		0.93070			4
2025.11.05	01:01:50.642		0.93071			4
2025.11.05	01:01:54.578		0.93072			4
2025.11.05	01:01:55.640		0.93071			4
2025.11.05	01:01:56.542	0.93036	0.93072			6
2025.11.05	01:01:58.042		0.93071			4
2025.11.05	01:02:00.428	0.93036	0.93069			6
2025.11.05	01:02:00.761		0.93070			4
2025.11.05	01:02:01.083		0.93071			4
2025.11.05	01:02:02.369	0.93037				2
2025.11.05	01:02:03.024	0.93038				2
2025.11.05	01:02:05.168	0.93042				2
2025.11.05	01:02:05.732	0.93039				2
2025.11.05	01:02:06.039	0.93038	0.93073			6
2025.11.05	01:02:06.384	0.93039				2
2025.11.05	01:02:06.700	0.93046	0.93077			6
2025.11.05	01:02:07.872		0.93075			4
2025.11.05	01:02:08.683	0.93048	0.93076			6
2025.11.05	01:02:09.794	0.93043	0.93074			6
2025.11.05	01:02:10.151	0.93044	0.93072			6
2025.11.05	01:02:10.910	0.93047	0.93073			6
2025.11.05	01:02:11.409	0.93048	0.93072			6
2025.11.05	01:02:11.732	0.93046				2
2025.11.05	01:02:12.225		0.93071			4
2025.11.05	01:02:12.979	0.93045				2
2025.11.05	01:02:13.291	0.93044	0.93069			6
2025.11.05	01:02:14.106	0.93043	0.93068			6
2025.11.05	01:02:15.106		0.93069			4
2025.11.05	01:02:17.293	0.93044				2
2025.11.05	01:02:17.944		0.93068			4
2025.11.05	01:02:18.478		0.93069			4
2025.11.05	01:02:18.928		0.93070			4
2025.11.05	01:02:20.412		0.93067			4
2025.11.05	01:02:22.804		0.93068			4
2025.11.05	01:02:23.455		0.93067			4
2025.11.05	01:02:25.552	0.93049	0.93058			6
2025.11.05	01:02:25.860	0.93048	0.93057			6
2025.11.05	01:02:28.959	0.93044	0.93068			6
2025.11.05	01:02:30.018		0.93071			4
2025.11.05	01:02:31.513		0.93068			4
2025.11.05	01:02:32.047	0.93043				2
2025.11.05	01:02:32.678	0.93044				2
2025.11.05	01:02:33.652	0.93045	0.93069			6
2025.11.05	01:02:35.107		0.93070			4
2025.11.05	01:02:35.428	0.93044	0.93069			6
2025.11.05	01:02:38.265	0.93045				2
2025.11.05	01:02:43.714	0.93046				2
2025.11.05	01:02:44.214		0.93068			4
2025.11.05	01:02:44.841	0.93045				2
2025.11.05	01:02:45.142	0.93046				2
2025.11.05	01:02:46.552		0.93069			4
2025.11.05	01:02:56.382		0.93072			4
2025.11.05	01:02:56.693	0.93047				2
2025.11.05	01:02:58.480	0.93048				2
2025.11.05	01:03:01.479	0.93048				2
2025.11.05	01:03:05.069		0.93071			4
2025.11.05	01:03:05.386		0.93072			4
2025.11.05	01:03:12.176	0.93047	0.93069			6
2025.11.05	01:03:12.492	0.93046				2
2025.11.05	01:03:13.705	0.93048	0.93071			6
2025.11.05	01:03:15.556	0.93049				2
2025.11.05	01:03:23.930		0.93072			4
2025.11.05	01:03:25.925		0.93071			4
2025.11.05	01:03:26.243		0.93072			4
2025.11.05	01:03:30.716		0.93071			4
2025.11.05	01:03:32.016		0.93072			4
2025.11.05	01:03:32.569	0.93048	0.93069			6
2025.11.05	01:03:33.217		0.93070			4
2025.11.05	01:03:33.784		0.93069			4
2025.11.05	01:03:34.784		0.93070			4
2025.11.05	01:03:40.153		0.93069			4
2025.11.05	01:03:40.842		0.93068			4
2025.11.05	01:03:44.378	0.93047				2
2025.11.05	01:03:45.772	0.93049	0.93072			6
2025.11.05	01:03:51.878	0.93050				2
2025.11.05	01:03:55.659	0.93049	0.93073			6
2025.11.05	01:03:58.813		0.93074			4
2025.11.05	01:04:01.477	0.93049				2
2025.11.05	01:04:04.215	0.93050	0.93073			6
2025.11.05	01:04:24.384	0.93051				2
2025.11.05	01:04:25.672	0.93050				2
2025.11.05	01:04:35.700	0.93055	0.93063			6
2025.11.05	01:04:37.562	0.93057	0.93065			6
2025.11.05	01:04:39.418	0.93053	0.93073			6
2025.11.05	01:04:39.793		0.93076			4
2025.11.05	01:04:40.262		0.93077			4
2025.11.05	01:04:40.957		0.93075			4
2025.11.05	01:04:41.264		0.93074			4
2025.11.05	01:04:42.307		0.93075			4
2025.11.05	01:04:42.723		0.93074			4
2025.11.05	01:04:46.774	0.93052	0.93072			6
2025.11.05	01:04:48.074	0.93053				2
2025.11.05	01:04:51.681	0.93054				2
2025.11.05	01:04:52.780	0.93053				2
2025.11.05	01:04:53.477	0.93052				2
2025.11.05	01:04:54.577	0.93053				2
2025.11.05	01:04:57.376	0.93054				2
2025.11.05	01:04:58.778	0.93053				2
2025.11.05	01:04:59.586	0.93054				2
2025.11.05	01:05:00.477	0.93053				2
2025.11.05	01:05:01.009		0.93073			4
2025.11.05	01:05:14.678		0.93069			4
2025.11.05	01:05:17.007		0.93071			4
2025.11.05	01:05:17.637	0.93052				2
2025.11.05	01:05:23.785		0.93068			4
2025.11.05	01:05:25.549	0.93051	0.93066			6
2025.11.05	01:05:29.784		0.93065			4
2025.11.05	01:05:30.542	0.93050	0.93064			6
2025.11.05	01:05:32.978	0.93051				2
2025.11.05	01:05:34.478	0.93050				2
2025.11.05	01:05:36.487	0.93053	0.93072			6
2025.11.05	01:05:45.541		0.93073			4
2025.11.05	01:05:45.937	0.93055	0.93072			6
2025.11.05	01:05:46.492		0.93071			4
2025.11.05	01:05:47.013	0.93051	0.93067			6
2025.11.05	01:05:48.653	0.93056	0.93072			6
2025.11.05	01:05:49.779	0.93055				2
2025.11.05	01:05:50.259	0.93059	0.93076			6
2025.11.05	01:05:52.647	0.93058	0.93075			6
2025.11.05	01:05:53.696	0.93057				2
2025.11.05	01:05:53.997	0.93058				2
2025.11.05	01:05:55.260		0.93074			4
2025.11.05	01:05:55.967		0.93075			4
2025.11.05	01:05:56.493	0.93057	0.93072			6
2025.11.05	01:05:57.363	0.93056				2
2025.11.05	01:06:00.378	0.93056	0.93073			6
2025.11.05	01:06:06.279	0.93057				2
2025.11.05	01:06:12.517		0.93074			4
2025.11.05	01:06:14.679	0.93056				2
2025.11.05	01:06:15.170	0.93059	0.93075			6
2025.11.05	01:06:16.180	0.93060				2
2025.11.05	01:06:25.162		0.93076			4
2025.11.05	01:06:25.554	0.93061	0.93078			6
2025.11.05	01:06:26.681	0.93062				2
2025.11.05	01:06:28.180	0.93059	0.93074			6
2025.11.05	01:06:34.133		0.93073			4
2025.11.05	01:06:42.062		0.93074			4
2025.11.05	01:06:42.962		0.93073			4
2025.11.05	01:06:44.065		0.93074			4
2025.11.05	01:07:02.069	0.93059				2
2025.11.05	01:07:05.656	0.93060	0.93076			6
2025.11.05	01:07:06.879	0.93061				2
2025.11.05	01:07:14.231	0.93063	0.93079			6
2025.11.05	01:07:14.612	0.93062	0.93078			6
2025.11.05	01:07:15.453		0.93077			4
2025.11.05	01:07:17.440	0.93061				2
2025.11.05	01:07:17.750	0.93062				2
2025.11.05	01:07:18.722		0.93078			4
2025.11.05	01:07:34.581	0.93063				2
2025.11.05	01:07:37.655		0.93076			4
2025.11.05	01:07:37.968	0.93062				2
2025.11.05	01:07:38.292		0.93077			4
2025.11.05	01:07:39.692	0.93061	0.93076			6
2025.11.05	01:07:44.206	0.93062	0.93079			6
2025.11.05	01:07:47.691		0.93078			4
2025.11.05	01:07:48.692		0.93079			4
2025.11.05	01:07:49.172		0.93078			4
2025.11.05	01:07:50.692		0.93079			4
2025.11.05	01:07:58.940	0.93061	0.93077			6
2025.11.05	01:08:00.316	0.93061				2
2025.11.05	01:08:02.915		0.93076			4
2025.11.05	01:08:04.477		0.93075			4
2025.11.05	01:08:11.864		0.93076			4
2025.11.05	01:08:15.194	0.93060				2
2025.11.05	01:08:16.663	0.93061				2
2025.11.05	01:08:19.599	0.93064	0.93079			6
2025.11.05	01:08:21.692		0.93078			4
2025.11.05	01:08:23.692		0.93079			4
2025.11.05	01:08:26.222	0.93060	0.93076			6
2025.11.05	01:08:27.559	0.93061	0.93075			6
2025.11.05	01:08:30.277	0.93059	0.93073			6
2025.11.05	01:08:33.154	0.93058	0.93072			6
2025.11.05	01:08:34.779	0.93059				2
2025.11.05	01:08:41.139	0.93060	0.93074			6
2025.11.05	01:08:57.579	0.93059				2
2025.11.05	01:09:01.407	0.93059				2
2025.11.05	01:09:07.680	0.93060				2
2025.11.05	01:09:09.668	0.93061	0.93075			6
2025.11.05	01:09:15.878		0.93076			4
2025.11.05	01:09:16.484	0.93060	0.93074			6
2025.11.05	01:09:17.993	0.93059				2
2025.11.05	01:09:20.379	0.93058				2
2025.11.05	01:09:21.521	0.93062	0.93076			6
2025.11.05	01:09:26.693		0.93077			4
2025.11.05	01:09:26.997		0.93076			4
2025.11.05	01:09:27.872		0.93077			4
2025.11.05	01:09:34.646	0.93061	0.93076			6
2025.11.05	01:09:42.374		0.93075			4
2025.11.05	01:09:44.659		0.93074			4
2025.11.05	01:09:46.179	0.93060				2
2025.11.05	01:09:47.232		0.93075			4
2025.11.05	01:10:00.358	0.93060	0.93074			6
2025.11.05	01:10:04.429	0.93061	0.93075			6
2025.11.05	01:10:27.541	0.93062	0.93076			6
2025.11.05	01:10:33.447	0.93060	0.93075			6
2025.11.05	01:10:35.247		0.93074			4
2025.11.05	01:10:47.379	0.93059	0.93073			6
2025.11.05	01:10:48.279	0.93058				2
2025.11.05	01:10:57.439		0.93074			4
2025.11.05	01:11:00.669	0.93058				2
2025.11.05	01:11:02.665	0.93061	0.93075			6
2025.11.05	01:11:04.779	0.93060	0.93074			6
2025.11.05	01:11:05.718	0.93059				2
2025.11.05	01:11:06.349	0.93060				2
2025.11.05	01:11:16.487	0.93059				2
2025.11.05	01:11:32.663	0.93060	0.93075			6
2025.11.05	01:11:34.478	0.93061				2
2025.11.05	01:11:34.900		0.93072			4
2025.11.05	01:11:35.955	0.93059				2
2025.11.05	01:11:41.253		0.93074			4
2025.11.05	01:11:51.971	0.93060				2
2025.11.05	01:11:53.978	0.93061				2
2025.11.05	01:12:00.481	0.93061				2
2025.11.05	01:12:00.793	0.93062	0.93078			6
2025.11.05	01:12:06.278		0.93077			4
2025.11.05	01:12:06.879	0.93061				2
2025.11.05	01:12:07.774	0.93062				2
2025.11.05	01:12:10.797		0.93075			4
2025.11.05	01:12:11.678	0.93061				2
2025.11.05	01:12:16.178		0.93074			4
2025.11.05	01:12:16.480	0.93063	0.93077			6
2025.11.05	01:12:20.345	0.93062				2
2025.11.05	01:12:21.547	0.93061	0.93075			6
2025.11.05	01:12:27.883		0.93074			4
2025.11.05	01:12:28.190	0.93060				2
2025.11.05	01:12:36.493	0.93062	0.93077			6
2025.11.05	01:12:36.877	0.93061	0.93075			6
2025.11.05	01:12:37.486		0.93077			4
2025.11.05	01:12:38.569	0.93062	0.93075			6
2025.11.05	01:12:39.126	0.93061	0.93077			6
2025.11.05	01:12:39.578	0.93062	0.93075			6
2025.11.05	01:12:40.770	0.93061	0.93077			6
2025.11.05	01:12:41.071		0.93075			4
2025.11.05	01:12:41.870	0.93062	0.93077			6
2025.11.05	01:12:43.420		0.93075			4
2025.11.05	01:12:44.073	0.93061	0.93077			6
2025.11.05	01:12:44.677	0.93062				2
2025.11.05	01:12:46.270		0.93075			4
2025.11.05	01:12:47.078	0.93061	0.93076			6
2025.11.05	01:12:47.380	0.93063	0.93078			6
2025.11.05	01:12:47.771	0.93062				2
2025.11.05	01:12:51.277	0.93063				2
2025.11.05	01:12:53.059	0.93062				2
2025.11.05	01:12:54.015		0.93077			4
2025.11.05	01:12:54.664	0.93064	0.93078			6
2025.11.05	01:12:56.383		0.93077			4
2025.11.05	01:12:57.879	0.93063				2
2025.11.05	01:12:59.098	0.93066	0.93079			6
2025.11.05	01:13:00.425	0.93062	0.93078			6
2025.11.05	01:13:01.283	0.93065	0.93079			6
2025.11.05	01:13:01.906	0.93064	0.93077			6
2025.11.05	01:13:03.520		0.93079			4
2025.11.05	01:13:04.490	0.93063	0.93077			6
2025.11.05	01:13:05.667	0.93064				2
2025.11.05	01:13:07.480	0.93063				2
2025.11.05	01:13:13.365		0.93076			4
2025.11.05	01:13:13.684		0.93078			4
2025.11.05	01:13:14.158		0.93079			4
2025.11.05	01:13:15.277	0.93064	0.93078			6
2025.11.05	01:13:16.496	0.93063	0.93079			6
2025.11.05	01:13:17.603		0.93078			4
2025.11.05	01:13:25.071	0.93064				2
2025.11.05	01:13:26.544		0.93079			4
2025.11.05	01:13:35.078	0.93060	0.93071			6
2025.11.05	01:13:35.773		0.93072			4
2025.11.05	01:13:37.873	0.93061				2
2025.11.05	01:13:49.033	0.93064	0.93075			6
2025.11.05	01:13:49.352		0.93073			4
2025.11.05	01:13:49.718		0.93075			4
2025.11.05	01:13:50.045		0.93074			4
2025.11.05	01:13:52.265	0.93063	0.93075			6
2025.11.05	01:13:52.666	0.93065	0.93077			6
2025.11.05	01:13:53.527		0.93076			4
2025.11.05	01:13:54.437	0.93064	0.93077			6
2025.11.05	01:14:00.319	0.93064				2
2025.11.05	01:14:00.661		0.93074			4
2025.11.05	01:14:01.561		0.93073			4
2025.11.05	01:14:04.976		0.93074			4
2025.11.05	01:14:08.255	0.93065				2
2025.11.05	01:14:14.854	0.93061	0.93072			6
2025.11.05	01:14:15.188	0.93062				2
2025.11.05	01:14:15.860	0.93061				2
2025.11.05	01:14:16.507		0.93073			4
2025.11.05	01:14:16.855	0.93062				2
2025.11.05	01:14:19.778	0.93061				2
2025.11.05	01:14:20.090	0.93062				2
2025.11.05	01:14:23.058	0.93061	0.93072			6
2025.11.05	01:14:25.862	0.93062				2
2025.11.05	01:14:26.504	0.93058	0.93069			6
2025.11.05	01:14:26.812		0.93070			4
2025.11.05	01:14:27.666	0.93060	0.93071			6
2025.11.05	01:14:28.510	0.93058				2
2025.11.05	01:14:31.302	0.93059				2
2025.11.05	01:14:33.575	0.93058				2
2025.11.05	01:14:33.985		0.93072			4
2025.11.05	01:14:34.670		0.93071			4
2025.11.05	01:14:41.677		0.93072			4
2025.11.05	01:14:41.984	0.93059				2
2025.11.05	01:14:44.859	0.93058				2
2025.11.05	01:14:45.182		0.93071			4
2025.11.05	01:14:45.990	0.93059				2
2025.11.05	01:15:00.308	0.93059	0.93072			6
2025.11.05	01:15:01.612		0.93071			4
2025.11.05	01:15:06.277		0.93072			4
2025.11.05	01:15:07.536		0.93071			4
2025.11.05	01:15:07.842	0.93060	0.93072			6
2025.11.05	01:15:08.155		0.93071			4
2025.11.05	01:15:10.677	0.93063	0.93072			6
2025.11.05	01:15:11.601	0.93064	0.93077			6
2025.11.05	01:15:16.629	0.93063	0.93073			6
2025.11.05	01:15:18.278		0.93072			4
2025.11.05	01:15:21.335	0.93062	0.93073			6
2025.11.05	01:15:21.639	0.93063				2
2025.11.05	01:15:22.700		0.93074			4
2025.11.05	01:15:24.635	0.93064				2
2025.11.05	01:15:26.627	0.93062	0.93073			6
2025.11.05	01:15:27.292		0.93072			4
2025.11.05	01:15:31.413	0.93065	0.93076			6
2025.11.05	01:15:31.719	0.93064				2
2025.11.05	01:15:36.494	0.93063	0.93072			6
2025.11.05	01:15:41.631	0.93059	0.93070			6
2025.11.05	01:15:41.941		0.93067			4
2025.11.05	01:15:44.408		0.93068			4
2025.11.05	01:15:45.772		0.93067			4
2025.11.05	01:15:46.076		0.93068			4
2025.11.05	01:15:46.670	0.93061	0.93075			6
2025.11.05	01:15:46.981	0.93062				2
2025.11.05	01:15:51.150		0.93073			4
2025.11.05	01:15:52.429	0.93058	0.93068			6
2025.11.05	01:15:53.373		0.93067			4
2025.11.05	01:15:53.698		0.93068			4
2025.11.05	01:15:54.085	0.93057	0.93067			6
2025.11.05	01:16:01.458	0.93058				2
2025.11.05	01:16:01.949		0.93068			4
2025.11.05	01:16:03.913		0.93067			4
2025.11.05	01:16:06.492	0.93059				2
2025.11.05	01:16:08.451	0.93060	0.93068			6
2025.11.05	01:16:09.070	0.93059	0.93071			6
2025.11.05	01:16:12.062	0.93061	0.93073			6
2025.11.05	01:16:12.401	0.93060	0.93071			6
2025.11.05	01:16:13.438	0.93059				2
2025.11.05	01:16:14.916		0.93070			4
2025.11.05	01:16:16.298		0.93071			4
2025.11.05	01:16:22.285		0.93069			4
2025.11.05	01:16:23.512		0.93071			4
2025.11.05	01:16:24.713	0.93058	0.93068			6
2025.11.05	01:16:25.227	0.93056	0.93067			6
2025.11.05	01:16:26.281	0.93057				2
2025.11.05	01:16:28.327	0.93056				2
2025.11.05	01:16:30.918	0.93057				2
2025.11.05	01:16:34.391		0.93068			4
2025.11.05	01:16:44.691	0.93058	0.93067			6
2025.11.05	01:16:46.496		0.93068			4
2025.11.05	01:16:53.173	0.93057				2
2025.11.05	01:16:55.185		0.93067			4
2025.11.05	01:16:59.980		0.93068			4
2025.11.05	01:17:00.314	0.93057				2
2025.11.05	01:17:02.081	0.93058				2
2025.11.05	01:17:02.437		0.93067			4
2025.11.05	01:17:03.577	0.93057				2
2025.11.05	01:17:07.477	0.93058				2
2025.11.05	01:17:14.519	0.93057				2
2025.11.05	01:17:16.812		0.93068			4
2025.11.05	01:17:21.263		0.93067			4
2025.11.05	01:17:22.938	0.93056				2
2025.11.05	01:17:23.670	0.93057	0.93068			6
2025.11.05	01:17:24.068		0.93067			4
2025.11.05	01:18:00.315	0.93057				2
2025.11.05	01:18:02.422		0.93068			4
2025.11.05	01:18:04.491		0.93067			4
2025.11.05	01:18:10.912	0.93058				2
2025.11.05	01:18:12.823	0.93056	0.93068			6
2025.11.05	01:18:14.877	0.93057				2
2025.11.05	01:18:15.362		0.93071			4
2025.11.05	01:18:15.681		0.93068			4
2025.11.05	01:18:16.424		0.93069			4
2025.11.05	01:18:17.319		0.93070			4
2025.11.05	01:18:19.198		0.93069			4
2025.11.05	01:18:25.879		0.93071			4
2025.11.05	01:18:29.963		0.93068			4
2025.11.05	01:18:36.495		0.93069			4
2025.11.05	01:18:43.066	0.93058	0.93070			6
2025.11.05	01:18:53.847		0.93068			4
2025.11.05	01:18:55.178	0.93057				2
2025.11.05	01:18:57.239	0.93059	0.93069			6
2025.11.05	01:19:02.078	0.93059				2
2025.11.05	01:19:34.228	0.93064	0.93075			6
2025.11.05	01:19:34.603		0.93076			4
2025.11.05	01:19:48.915		0.93077			4
2025.11.05	01:19:54.704	0.93063				2
2025.11.05	01:19:55.052	0.93064				2
2025.11.05	01:19:57.215		0.93076			4
2025.11.05	01:19:58.783	0.93063				2
2025.11.05	01:20:00.258	0.93064	0.93074			6
2025.11.05	01:20:00.741	0.93063				2
2025.11.05	01:20:02.680	0.93064				2
2025.11.05	01:20:14.342		0.93073			4
2025.11.05	01:20:15.187		0.93074			4
2025.11.05	01:20:16.343		0.93073			4
2025.11.05	01:20:28.254	0.93063	0.93072			6
2025.11.05	01:20:39.763	0.93064				2
2025.11.05	01:20:44.773	0.93063				2
2025.11.05	01:20:49.702	0.93064				2
2025.11.05	01:20:51.023	0.93063				2
2025.11.05	01:20:55.779	0.93064				2
2025.11.05	01:21:00.279	0.93064				2
2025.11.05	01:21:02.805	0.93063				2
2025.11.05	01:21:04.178	0.93064				2
2025.11.05	01:21:05.915	0.93063				2
2025.11.05	01:21:06.391		0.93073			4
2025.11.05	01:21:18.470	0.93064				2
2025.11.05	01:21:19.606	0.93063				2
2025.11.05	01:21:23.649	0.93064				2
2025.11.05	01:21:25.076	0.93063				2
2025.11.05	01:21:26.757	0.93064				2
2025.11.05	01:21:28.184	0.93063				2
2025.11.05	01:21:29.867	0.93064				2
2025.11.05	01:21:31.293	0.93063				2
2025.11.05	01:21:32.976	0.93064				2
2025.11.05	01:21:35.378	0.93063				2
2025.11.05	01:21:37.183	0.93064				2
2025.11.05	01:21:42.689	0.93063				2
2025.11.05	01:21:56.461		0.93072			4
2025.11.05	01:22:01.327	0.93063				2
2025.11.05	01:22:03.056	0.93064				2
2025.11.05	01:22:04.433	0.93063				2
2025.11.05	01:22:06.220	0.93064				2
2025.11.05	01:22:07.544	0.93063				2
2025.11.05	01:22:09.178	0.93064				2
2025.11.05	01:22:12.720	0.93063				2
2025.11.05	01:22:16.578	0.93064				2
2025.11.05	01:22:17.899	0.93063				2
2025.11.05	01:22:19.686	0.93064				2
2025.11.05	01:22:21.003	0.93063				2
2025.11.05	01:22:26.493	0.93064				2
2025.11.05	01:22:27.525	0.93070	0.93080			6
2025.11.05	01:22:28.357	0.93071				2
2025.11.05	01:22:36.626	0.93070				2
2025.11.05	01:22:37.128	0.93071				2
2025.11.05	01:22:41.053	0.93070				2
2025.11.05	01:22:41.458	0.93071				2
2025.11.05	01:22:41.951		0.93079			4
2025.11.05	01:22:42.538	0.93070				2
2025.11.05	01:22:53.679	0.93071				2
2025.11.05	01:23:02.283	0.93071	0.93080			6
2025.11.05	01:23:06.857	0.93073	0.93082			6
2025.11.05	01:23:08.512		0.93084			4
2025.11.05	01:23:09.323		0.93082			4
2025.11.05	01:23:11.078	0.93072				2
2025.11.05	01:23:12.539	0.93073				2
2025.11.05	01:23:15.110	0.93072				2
2025.11.05	01:23:17.378	0.93073				2
2025.11.05	01:23:19.285	0.93072				2
2025.11.05	01:23:20.679	0.93073				2
2025.11.05	01:23:22.265		0.93083			4
2025.11.05	01:23:34.800	0.93072	0.93082			6
2025.11.05	01:23:35.545	0.93073	0.93083			6
2025.11.05	01:23:47.978	0.93072	0.93084			6
2025.11.05	01:23:49.298	0.93071				2
2025.11.05	01:23:49.849	0.93072				2
2025.11.05	01:23:50.490	0.93074				2
2025.11.05	01:23:50.832		0.93086			4
2025.11.05	01:24:00.761	0.93074				2
2025.11.05	01:24:39.433	0.93073	0.93084			6
2025.11.05	01:24:42.310	0.93071	0.93083			6
2025.11.05	01:24:58.319	0.93070	0.93082			6
2025.11.05	01:24:58.747	0.93071				2
2025.11.05	01:25:00.578	0.93070				2
2025.11.05	01:25:03.143	0.93067	0.93078			6
2025.11.05	01:25:03.454	0.93066	0.93077			6
2025.11.05	01:25:07.553		0.93078			4
2025.11.05	01:25:08.906	0.93067	0.93077			6
2025.11.05	01:25:09.738		0.93078			4
2025.11.05	01:25:12.352	0.93066				2
2025.11.05	01:25:12.879	0.93067				2
2025.11.05	01:25:13.372	0.93066				2
2025.11.05	01:25:15.088	0.93065	0.93077			6
2025.11.05	01:25:19.680	0.93064				2
2025.11.05	01:25:20.025	0.93065				2
2025.11.05	01:25:49.675	0.93064	0.93074			6
2025.11.05	01:25:52.179	0.93063				2
2025.11.05	01:25:52.541		0.93075			4
2025.11.05	01:25:54.578	0.93064				2
2025.11.05	01:26:00.316	0.93064				2
2025.11.05	01:26:03.257	0.93063				2
2025.11.05	01:26:05.227	0.93064				2
2025.11.05	01:26:20.315	0.93065	0.93078			6
2025.11.05	01:26:40.339	0.93066				2
2025.11.05	01:26:43.178	0.93065				2
2025.11.05	01:26:44.479	0.93066				2
2025.11.05	01:26:46.778	0.93065				2
2025.11.05	01:26:49.593	0.93066				2
2025.11.05	01:26:51.878	0.93065				2
2025.11.05	01:26:53.802	0.93066				2
2025.11.05	01:26:55.478	0.93065				2
2025.11.05	01:26:57.879	0.93066				2
2025.11.05	01:27:00.866	0.93066				2
2025.11.05	01:27:06.431		0.93079			4
2025.11.05	01:27:12.409	0.93065	0.93078			6
2025.11.05	01:27:12.784		0.93079			4
2025.11.05	01:27:14.678	0.93066				2
2025.11.05	01:27:22.771		0.93078			4
2025.11.05	01:27:27.859	0.93063	0.93077			6
2025.11.05	01:27:29.468	0.93064				2
2025.11.05	01:27:30.488	0.93065				2
2025.11.05	01:27:30.899	0.93064				2
2025.11.05	01:27:35.720	0.93063	0.93075			6
2025.11.05	01:27:37.891		0.93076			4
2025.11.05	01:27:39.580		0.93075			4
2025.11.05	01:27:41.321	0.93065				2
2025.11.05	01:27:43.216		0.93076			4
2025.11.05	01:28:00.319	0.93065				2
2025.11.05	01:28:44.607		0.93076			4
2025.11.05	01:28:50.678		0.93075			4
2025.11.05	01:28:53.079		0.93076			4
2025.11.05	01:28:57.571		0.93074			4
2025.11.05	01:28:57.904		0.93076			4
2025.11.05	01:29:00.719	0.93065	0.93075			6
2025.11.05	01:29:04.955		0.93076			4
2025.11.05	01:29:06.891		0.93075			4
2025.11.05	01:29:09.374	0.93064	0.93076			6
2025.11.05	01:29:12.658		0.93075			4
2025.11.05	01:29:20.086	0.93067	0.93078			6
2025.11.05	01:29:21.772		0.93077			4
2025.11.05	01:29:23.055	0.93066				2
2025.11.05	01:29:24.278		0.93078			4
2025.11.05	01:29:26.564		0.93077			4
2025.11.05	01:29:27.094		0.93078			4
2025.11.05	01:29:29.426	0.93067	0.93077			6
2025.11.05	01:29:30.193		0.93078			4
2025.11.05	01:29:31.458		0.93077			4
2025.11.05	01:29:33.580	0.93068	0.93079			6
2025.11.05	01:29:53.076	0.93066	0.93076			6
2025.11.05	01:29:54.640		0.93077			4
2025.11.05	01:29:58.177		0.93076			4
2025.11.05	01:30:00.321	0.93066				2
2025.11.05	01:30:01.413		0.93077			4
2025.11.05	01:30:03.243	0.93067	0.93075			6
2025.11.05	01:30:07.310		0.93076			4
2025.11.05	01:30:07.744		0.93077			4
2025.11.05	01:30:15.370		0.93078			4
2025.11.05	01:30:32.979	0.93066				2
2025.11.05	01:30:33.481	0.93067	0.93080			6
2025.11.05	01:30:59.278	0.93066	0.93079			6
2025.11.05	01:31:00.512	0.93067				2
2025.11.05	01:31:01.418	0.93066				2
2025.11.05	01:31:02.365	0.93065	0.93078			6
2025.11.05	01:31:13.385	0.93064	0.93075			6
2025.11.05	01:31:13.774		0.93076			4
2025.11.05	01:31:14.410	0.93061	0.93074			6
2025.11.05	01:31:18.022	0.93066	0.93076			6
2025.11.05	01:31:19.066		0.93078			4
2025.11.05	01:31:22.730		0.93077			4
2025.11.05	01:31:28.534		0.93076			4
2025.11.05	01:31:30.472		0.93077			4
2025.11.05	01:31:40.473		0.93078			4
2025.11.05	01:31:44.310		0.93079			4
2025.11.05	01:31:44.622	0.93069				2
2025.11.05	01:31:54.278	0.93068				2
2025.11.05	01:32:00.458	0.93069				2
2025.11.05	01:32:19.066	0.93067				2
2025.11.05	01:32:28.823	0.93068				2
2025.11.05	01:32:30.877	0.93069				2
2025.11.05	01:32:38.586	0.93068				2
2025.11.05	01:32:39.575		0.93081			4
2025.11.05	01:32:40.329		0.93079			4
2025.11.05	01:32:44.079	0.93069				2
2025.11.05	01:32:50.979	0.93070				2
2025.11.05	01:33:00.470	0.93070				2
2025.11.05	01:33:02.351	0.93071				2
2025.11.05	01:33:07.478	0.93070				2
2025.11.05	01:33:11.327	0.93069				2
2025.11.05	01:33:11.633	0.93068				2
2025.11.05	01:33:12.207	0.93069				2
2025.11.05	01:33:19.053	0.93071				2
2025.11.05	01:33:24.878	0.93070				2
2025.11.05	01:33:30.318	0.93069	0.93077			6
2025.11.05	01:33:40.757	0.93070	0.93079			6
2025.11.05	01:33:49.890	0.93066	0.93078			6
2025.11.05	01:33:51.770		0.93077			4
2025.11.05	01:34:00.179	0.93066	0.93076			6
2025.11.05	01:34:00.975		0.93077			4
2025.11.05	01:34:02.355		0.93076			4
2025.11.05	01:34:04.322	0.93065	0.93079			6
2025.11.05	01:34:04.634	0.93067				2
2025.11.05	01:34:11.973	0.93065				2
2025.11.05	01:34:16.449		0.93078			4
2025.11.05	01:34:16.776		0.93079			4
2025.11.05	01:34:23.630		0.93078			4
2025.11.05	01:34:34.633		0.93077			4
2025.11.05	01:34:34.972		0.93076			4
2025.11.05	01:34:50.062	0.93063	0.93077			6
2025.11.05	01:35:00.278	0.93063				2
2025.11.05	01:35:05.148	0.93062	0.93075			6
2025.11.05	01:35:15.286		0.93076			4
2025.11.05	01:35:18.323	0.93063				2
2025.11.05	01:35:22.059	0.93060	0.93074			6
2025.11.05	01:35:28.472	0.93061				2
2025.11.05	01:35:29.907	0.93060				2
2025.11.05	01:35:33.055		0.93072			4
2025.11.05	01:35:33.972		0.93074			4
2025.11.05	01:35:46.178		0.93073			4
2025.11.05	01:35:56.378		0.93074			4
2025.11.05	01:35:58.376		0.93073			4
2025.11.05	01:36:00.923	0.93060				2
2025.11.05	01:36:02.419		0.93074			4
2025.11.05	01:36:06.279		0.93073			4
2025.11.05	01:36:10.178		0.93074			4
2025.11.05	01:36:11.069		0.93073			4
2025.11.05	01:36:11.828	0.93059				2
2025.11.05	01:36:13.905	0.93060				2
2025.11.05	01:36:15.814	0.93059	0.93072			6
2025.11.05	01:36:36.470	0.93061	0.93073			6
2025.11.05	01:36:42.658	0.93060				2
2025.11.05	01:36:46.975		0.93072			4
2025.11.05	01:36:47.362	0.93059				2
2025.11.05	01:36:49.303		0.93073			4
2025.11.05	01:36:54.071		0.93072			4
2025.11.05	01:36:58.058		0.93073			4
2025.11.05	01:37:01.780	0.93059				2
2025.11.05	01:37:04.089	0.93060				2
2025.11.05	01:37:06.772		0.93072			4
2025.11.05	01:37:10.916	0.93061				2
2025.11.05	01:37:13.114	0.93062				2
2025.11.05	01:37:14.513	0.93061	0.93074			6
2025.11.05	01:37:16.515	0.93062				2
2025.11.05	01:37:22.480	0.93061				2
2025.11.05	01:37:23.516	0.93059	0.93072			6
2025.11.05	01:37:25.099		0.93070			4
2025.11.05	01:37:25.423		0.93071			4
2025.11.05	01:37:28.990		0.93072			4
2025.11.05	01:37:32.377		0.93071			4
2025.11.05	01:37:36.175		0.93072			4
2025.11.05	01:37:38.471		0.93071			4
2025.11.05	01:37:43.876	0.93058	0.93070			6
2025.11.05	01:37:47.204		0.93071			4
2025.11.05	01:37:51.647		0.93070			4
2025.11.05	01:37:55.478	0.93057				2
2025.11.05	01:37:56.247	0.93059	0.93072			6
2025.11.05	01:38:00.211	0.93059				2
2025.11.05	01:38:00.516	0.93058	0.93071			6
2025.11.05	01:38:06.065		0.93070			4
2025.11.05	01:38:13.430	0.93059				2
2025.11.05	01:38:16.674	0.93058				2
2025.11.05	01:38:18.673		0.93069			4
2025.11.05	01:38:22.933		0.93070			4
2025.11.05	01:38:24.723		0.93069			4
2025.11.05	01:38:27.568		0.93070			4
2025.11.05	01:38:30.712	0.93059	0.93071			6
2025.11.05	01:38:31.160	0.93060	0.93072			6
2025.11.05	01:38:51.888		0.93073			4
2025.11.05	01:38:54.135		0.93072			4
2025.11.05	01:38:57.878		0.93073			4
2025.11.05	01:39:00.416	0.93060				2
2025.11.05	01:39:05.078		0.93072			4
2025.11.05	01:39:08.378		0.93073			4
2025.11.05	01:39:13.076		0.93072			4
2025.11.05	01:39:16.163	0.93059	0.93071			6
2025.11.05	01:39:19.478	0.93058				2
2025.11.05	01:39:23.379	0.93059				2
2025.11.05	01:39:26.255	0.93058				2
2025.11.05	01:39:29.979	0.93059				2
2025.11.05	01:39:45.200	0.93060	0.93072			6
2025.11.05	01:39:54.078		0.93071			4
2025.11.05	01:39:58.477	0.93061				2
2025.11.05	01:40:01.390	0.93061				2
2025.11.05	01:40:06.908		0.93072			4
2025.11.05	01:40:07.806		0.93071			4
2025.11.05	01:40:15.456		0.93072			4
2025.11.05	01:40:15.884		0.93069			4
2025.11.05	01:40:16.548		0.93070			4
2025.11.05	01:40:16.861		0.93072			4
2025.11.05	01:40:19.478	0.93062				2
2025.11.05	01:40:22.600		0.93071			4
2025.11.05	01:40:27.257	0.93063	0.93073			6
2025.11.05	01:40:33.642	0.93062				2
2025.11.05	01:40:35.058		0.93072			4
2025.11.05	01:40:36.448		0.93073			4
2025.11.05	01:40:43.871		0.93072			4
2025.11.05	01:40:47.045	0.93063				2
2025.11.05	01:40:51.107		0.93073			4
2025.11.05	01:40:52.119		0.93072			4
2025.11.05	01:40:53.153		0.93073			4
2025.11.05	01:40:55.271		0.93072			4
2025.11.05	01:40:59.471		0.93073			4
2025.11.05	01:41:00.522	0.93063	0.93072			6
2025.11.05	01:42:01.410	0.93063	0.93072			6
2025.11.05	01:42:11.281	0.93064	0.93073			6
2025.11.05	01:42:58.244		0.93074			4
2025.11.05	01:43:02.282	0.93064				2
2025.11.05	01:43:02.678		0.93073			4
2025.11.05	01:43:27.278		0.93074			4
2025.11.05	01:43:31.675		0.93073			4
2025.11.05	01:43:39.663	0.93062				2
2025.11.05	01:43:43.179		0.93071			4
2025.11.05	01:43:48.454		0.93072			4
2025.11.05	01:43:54.476		0.93073			4
2025.11.05	01:43:59.777	0.93061				2
2025.11.05	01:44:00.316	0.93061				2
2025.11.05	01:44:01.073		0.93072			4
2025.11.05	01:44:08.837		0.93073			4
2025.11.05	01:44:12.074		0.93072			4
2025.11.05	01:44:13.265		0.93073			4
2025.11.05	01:44:23.043		0.93071			4
2025.11.05	01:44:24.283		0.93072			4
2025.11.05	01:44:25.356		0.93071			4
2025.11.05	01:44:29.273		0.93072			4
2025.11.05	01:44:29.783		0.93071			4
2025.11.05	01:44:30.431		0.93073			4
2025.11.05	01:44:35.979	0.93062				2
2025.11.05	01:44:40.318		0.93072			4
2025.11.05	01:44:43.477	0.93061				2
2025.11.05	01:44:45.084	0.93062				2
2025.11.05	01:44:50.913		0.93073			4
2025.11.05	01:44:54.764	0.93060	0.93071			6
2025.11.05	01:44:56.329	0.93062	0.93073			6
2025.11.05	01:45:00.317	0.93062				2
2025.11.05	01:45:01.583	0.93061	0.93071			6
2025.11.05	01:45:02.193		0.93073			4
2025.11.05	01:45:06.578	0.93062				2
2025.11.05	01:45:11.830	0.93061	0.93071			6
2025.11.05	01:45:12.162		0.93070			4
2025.11.05	01:45:12.772		0.93069			4
2025.11.05	01:45:15.820		0.93070			4
2025.11.05	01:45:16.312	0.93060				2
2025.11.05	01:45:16.771	0.93059	0.93068			6
2025.11.05	01:45:17.125	0.93058				2
2025.11.05	01:45:22.547	0.93059				2
2025.11.05	01:45:24.225	0.93058				2
2025.11.05	01:45:30.421	0.93059				2
2025.11.05	01:45:41.440	0.93060				2
2025.11.05	01:45:57.414	0.93059	0.93066			6
2025.11.05	01:45:57.717		0.93068			4
2025.11.05	01:46:00.529	0.93059				2
2025.11.05	01:47:00.490	0.93059	0.93068			6
2025.11.05	01:47:14.473	0.93060				2
2025.11.05	01:47:21.246	0.93059				2
2025.11.05	01:47:31.113	0.93060				2
2025.11.05	01:47:32.276		0.93069			4
2025.11.05	01:47:33.577	0.93061				2
2025.11.05	01:47:36.446		0.93070			4
2025.11.05	01:47:43.689	0.93060				2
2025.11.05	01:47:50.453		0.93068			4
2025.11.05	01:48:01.194	0.93060				2
2025.11.05	01:48:08.449		0.93070			4
2025.11.05	01:48:08.760		0.93068			4
2025.11.05	01:48:22.251	0.93061	0.93070			6
2025.11.05	01:48:25.514	0.93060	0.93071			6
2025.11.05	01:48:27.416	0.93062	0.93074			6
2025.11.05	01:48:27.723		0.93073			4
2025.11.05	01:48:29.771		0.93072			4
2025.11.05	01:48:30.671		0.93073			4
2025.11.05	01:48:31.459	0.93063	0.93072			6
2025.11.05	01:48:38.789	0.93062				2
2025.11.05	01:48:42.067		0.93073			4
2025.11.05	01:48:54.140		0.93072			4
2025.11.05	01:48:55.172		0.93073			4
2025.11.05	01:48:56.271		0.93072			4
2025.11.05	01:49:00.026	0.93062				2
2025.11.05	01:49:04.785		0.93071			4
2025.11.05	01:49:09.152		0.93072			4
2025.11.05	01:49:21.772	0.93061				2
2025.11.05	01:49:29.356	0.93062				2
2025.11.05	01:49:30.430	0.93061				2
2025.11.05	01:49:33.375	0.93062				2
2025.11.05	01:49:36.937		0.93071			4
2025.11.05	01:49:45.277	0.93061				2
2025.11.05	01:49:53.924	0.93062	0.93070			6
2025.11.05	01:49:59.986	0.93064	0.93071			6
2025.11.05	01:50:00.319	0.93064				2
2025.11.05	01:50:00.743		0.93075			4
2025.11.05	01:50:02.678	0.93065	0.93074			6
2025.11.05	01:50:11.072		0.93073			4
2025.11.05	01:50:11.379	0.93064				2
2025.11.05	01:50:12.603	0.93065	0.93074			6
2025.11.05	01:50:23.071	0.93062	0.93072			6
2025.11.05	01:50:26.492	0.93065	0.93074			6
2025.11.05	01:50:26.872		0.93073			4
2025.11.05	01:50:29.861	0.93063	0.93074			6
2025.11.05	01:50:35.310	0.93064				2
2025.11.05	01:50:39.938	0.93062	0.93069			6
2025.11.05	01:50:40.848	0.93063	0.93073			6
2025.11.05	01:50:47.498	0.93068	0.93077			6
2025.11.05	01:50:51.223		0.93075			4
2025.11.05	01:50:54.414		0.93076			4
2025.11.05	01:50:56.009		0.93075			4
2025.11.05	01:50:56.867	0.93066				2
2025.11.05	01:50:57.859	0.93067	0.93076			6
2025.11.05	01:50:58.374		0.93077			4
2025.11.05	01:51:04.705	0.93067				2
2025.11.05	01:51:05.932		0.93076			4
2025.11.05	01:51:06.274		0.93077			4
2025.11.05	01:51:10.669		0.93076			4
2025.11.05	01:51:17.770		0.93075			4
2025.11.05	01:51:26.657		0.93076			4
2025.11.05	01:51:27.671		0.93075			4
2025.11.05	01:51:29.760	0.93065				2
2025.11.05	01:51:30.282		0.93074			4
2025.11.05	01:51:45.985	0.93067	0.93079			6
2025.11.05	01:51:48.087	0.93068				2
2025.11.05	01:51:54.324	0.93067				2
2025.11.05	01:51:56.371		0.93077			4
2025.11.05	01:51:57.542		0.93078			4
2025.11.05	01:51:57.875		0.93079			4
2025.11.05	01:51:59.702		0.93080			4
2025.11.05	01:52:00.530	0.93067	0.93079			6
2025.11.05	01:52:08.718		0.93075			4
2025.11.05	01:52:09.037		0.93076			4
2025.11.05	01:52:10.578	0.93068				2
2025.11.05	01:52:12.770		0.93077			4
2025.11.05	01:52:14.021	0.93067				2
2025.11.05	01:52:16.063	0.93069				2
2025.11.05	01:52:17.673		0.93078			4
2025.11.05	01:52:17.994	0.93068				2
2025.11.05	01:52:30.315	0.93069	0.93075			6
2025.11.05	01:52:30.621		0.93077			4
2025.11.05	01:52:30.937		0.93078			4
2025.11.05	01:52:31.594		0.93079			4
2025.11.05	01:52:31.949	0.93068	0.93078			6
2025.11.05	01:52:32.948	0.93069	0.93081			6
2025.11.05	01:52:35.623		0.93080			4
2025.11.05	01:52:42.371	0.93067	0.93077			6
2025.11.05	01:52:44.471		0.93076			4
2025.11.05	01:52:46.676	0.93068	0.93079			6
2025.11.05	01:52:47.370		0.93080			4
2025.11.05	01:52:52.146	0.93069	0.93081			6
2025.11.05	01:52:55.711	0.93070	0.93080			6
2025.11.05	01:53:02.530	0.93068	0.93078			6
2025.11.05	01:53:04.349	0.93069	0.93077			6
2025.11.05	01:53:05.712	0.93066	0.93074			6
2025.11.05	01:53:06.018		0.93077			4
2025.11.05	01:53:09.277		0.93076			4
2025.11.05	01:53:10.711	0.93069	0.93078			6
2025.11.05	01:53:13.061		0.93079			4
2025.11.05	01:53:20.288	0.93068	0.93078			6
2025.11.05	01:53:23.694		0.93079			4
2025.11.05	01:53:25.461		0.93078			4
2025.11.05	01:53:29.831	0.93067				2
2025.11.05	01:53:35.412	0.93068				2
2025.11.05	01:53:37.508		0.93079			4
2025.11.05	01:53:38.188	0.93067				2
2025.11.05	01:53:40.366		0.93076			4
2025.11.05	01:54:01.408	0.93067				2
2025.11.05	01:54:10.583		0.93075			4
2025.11.05	01:54:12.980	0.93068	0.93080			6
2025.11.05	01:54:31.272	0.93067	0.93076			6
2025.11.05	01:54:35.554	0.93068				2
2025.11.05	01:54:40.315	0.93067				2
2025.11.05	01:54:40.928		0.93077			4
2025.11.05	01:54:52.010		0.93076			4
2025.11.05	01:54:55.081		0.93075			4
2025.11.05	01:54:58.317	0.93068	0.93079			6
2025.11.05	01:54:59.364		0.93078			4
2025.11.05	01:55:01.038	0.93068				2
2025.11.05	01:55:13.419	0.93069				2
2025.11.05	01:55:14.222	0.93067	0.93077			6
2025.11.05	01:55:15.639		0.93078			4
2025.11.05	01:55:16.083		0.93077			4
2025.11.05	01:55:17.230	0.93066				2
2025.11.05	01:55:19.084	0.93067	0.93078			6
2025.11.05	01:55:25.470		0.93076			4
2025.11.05	01:55:25.968		0.93078			4
2025.11.05	01:55:29.094		0.93077			4
2025.11.05	01:55:30.613	0.93068	0.93079			6
2025.11.05	01:55:36.829		0.93073			4
2025.11.05	01:55:37.177		0.93076			4
2025.11.05	01:55:37.823		0.93077			4
2025.11.05	01:55:38.847		0.93079			4
2025.11.05	01:55:47.271		0.93075			4
2025.11.05	01:55:47.933		0.93073			4
2025.11.05	01:55:48.307		0.93075			4
2025.11.05	01:55:48.637		0.93077			4
2025.11.05	01:55:49.029		0.93079			4
2025.11.05	01:55:52.427	0.93069				2
2025.11.05	01:55:56.438	0.93068				2
2025.11.05	01:55:57.306	0.93069	0.93080			6
2025.11.05	01:55:57.655	0.93068				2
2025.11.05	01:55:59.987	0.93071	0.93081			6
2025.11.05	01:56:01.432	0.93069	0.93080			6
2025.11.05	01:56:02.355		0.93079			4
2025.11.05	01:56:03.579		0.93078			4
2025.11.05	01:56:06.278	0.93068				2
2025.11.05	01:56:09.034		0.93076			4
2025.11.05	01:56:09.402		0.93077			4
2025.11.05	01:56:09.718		0.93078			4
2025.11.05	01:56:20.671	0.93067	0.93075			6
2025.11.05	01:56:27.394	0.93065				2
2025.11.05	01:56:27.794		0.93074			4
2025.11.05	01:56:28.675		0.93073			4
2025.11.05	01:56:29.627		0.93074			4
2025.11.05	01:56:30.672		0.93073			4
2025.11.05	01:56:35.347		0.93074			4
2025.11.05	01:56:36.280	0.93062	0.93073			6
2025.11.05	01:56:38.806	0.93064	0.93074			6
2025.11.05	01:56:39.896		0.93073			4
2025.11.05	01:56:40.512		0.93074			4
2025.11.05	01:56:52.350		0.93075			4
2025.11.05	01:56:53.057	0.93065				2
2025.11.05	01:56:53.573		0.93074			4
2025.11.05	01:56:54.612		0.93075			4
2025.11.05	01:57:05.396	0.93066				2
2025.11.05	01:57:09.000	0.93063	0.93074			6
2025.11.05	01:57:10.173		0.93075			4
2025.11.05	01:57:10.648		0.93074			4
2025.11.05	01:57:11.672		0.93075			4
2025.11.05	01:57:12.933	0.93066				2
2025.11.05	01:57:26.933	0.93065	0.93076			6
2025.11.05	01:57:29.222		0.93075			4
2025.11.05	01:58:00.317	0.93065				2
2025.11.05	01:58:06.667		0.93076			4
2025.11.05	01:58:16.615		0.93075			4
2025.11.05	01:58:21.815	0.93067	0.93077			6
2025.11.05	01:58:26.994		0.93078			4
2025.11.05	01:58:30.966		0.93077			4
2025.11.05	01:58:42.674		0.93078			4
2025.11.05	01:58:43.724		0.93079			4
2025.11.05	01:58:54.121		0.93077			4
2025.11.05	01:58:58.836	0.93068	0.93078			6
2025.11.05	01:58:59.872		0.93080			4
2025.11.05	01:59:00.192	0.93068				2
2025.11.05	01:59:00.576	0.93069				2
2025.11.05	01:59:06.526	0.93068				2
2025.11.05	01:59:12.113	0.93069	0.93079			6
2025.11.05	01:59:12.420	0.93068	0.93080			6
2025.11.05	01:59:15.699	0.93069	0.93081			6
2025.11.05	01:59:16.975	0.93070				2
2025.11.05	01:59:18.879	0.93069	0.93080			6
2025.11.05	01:59:29.566	0.93070	0.93081			6
2025.11.05	01:59:31.730	0.93067	0.93078			6
2025.11.05	01:59:46.349		0.93074			4
2025.11.05	01:59:46.704		0.93075			4
2025.11.05	01:59:58.151		0.93076			4
2025.11.05	02:00:00.012	0.93067				2
2025.11.05	02:00:00.326		0.93074			4
2025.11.05	02:00:00.670		0.93075			4
2025.11.05	02:00:00.985	0.93065	0.93074			6
2025.11.05	02:00:02.848		0.93075			4
2025.11.05	02:00:03.167		0.93074			4
2025.11.05	02:00:05.044	0.93064				2
2025.11.05	02:00:07.263	0.93066				2
2025.11.05	02:00:08.964	0.93065				2
2025.11.05	02:00:09.736		0.93073			4
2025.11.05	02:00:10.886		0.93074			4
2025.11.05	02:00:15.088	0.93064				2
2025.11.05	02:00:16.744		0.93073			4
2025.11.05	02:00:18.721		0.93074			4
2025.11.05	02:00:19.058	0.93062	0.93073			6
2025.11.05	02:00:19.414		0.93072			4
2025.11.05	02:00:19.740		0.93073			4
2025.11.05	02:00:20.067		0.93074			4
2025.11.05	02:00:21.153	0.93063	0.93073			6
2025.11.05	02:00:22.756	0.93066	0.93076			6
2025.11.05	02:00:25.701	0.93064	0.93072			6
2025.11.05	02:00:26.348		0.93074			4
2025.11.05	02:00:26.709		0.93072			4
2025.11.05	02:00:27.833	0.93063				2
2025.11.05	02:00:30.407		0.93070			4
2025.11.05	02:00:30.743		0.93073			4
2025.11.05	02:00:31.073		0.93072			4
2025.11.05	02:00:33.836		0.93074			4
2025.11.05	02:00:34.184		0.93073			4
2025.11.05	02:00:36.665		0.93074			4
2025.11.05	02:00:38.926		0.93073			4
2025.11.05	02:00:40.383		0.93074			4
2025.11.05	02:00:41.279	0.93064	0.93071			6
2025.11.05	02:00:42.510		0.93072			4
2025.11.05	02:00:44.461		0.93071			4
2025.11.05	02:00:45.195	0.93066	0.93072			6
2025.11.05	02:00:47.421	0.93064	0.93073			6
2025.11.05	02:00:47.768	0.93063				2
2025.11.05	02:00:48.115	0.93064	0.93074			6
2025.11.05	02:00:48.440	0.93063				2
2025.11.05	02:00:48.785	0.93062	0.93072			6
2025.11.05	02:00:50.831	0.93063	0.93073			6
2025.11.05	02:00:53.983	0.93064				2
2025.11.05	02:00:55.227		0.93074			4
2025.11.05	02:00:56.475	0.93063				2
2025.11.05	02:00:57.372		0.93071			4
2025.11.05	02:00:58.349	0.93064				2
2025.11.05	02:00:58.774		0.93070			4
2025.11.05	02:01:00.037	0.93064	0.93071			6
2025.11.05	02:01:02.140	0.93065	0.93072			6
2025.11.05	02:01:02.702		0.93073			4
2025.11.05	02:01:03.612	0.93069	0.93075			6
2025.11.05	02:01:04.275	0.93065	0.93074			6
2025.11.05	02:01:05.313	0.93066	0.93075			6
2025.11.05	02:01:06.082		0.93074			4
2025.11.05	02:01:07.098		0.93075			4
2025.11.05	02:01:08.530	0.93065				2
2025.11.05	02:01:09.497		0.93074			4
2025.11.05	02:01:13.768	0.93066				2
2025.11.05	02:01:22.086	0.93065				2
2025.11.05	02:01:24.424	0.93066	0.93075			6
2025.11.05	02:01:24.725	0.93065				2
2025.11.05	02:01:25.964		0.93074			4
2025.11.05	02:01:26.430	0.93066				2
2025.11.05	02:01:29.144	0.93068	0.93075			6
2025.11.05	02:01:30.214	0.93066	0.93076			6
2025.11.05	02:01:31.749		0.93077			4
2025.11.05	02:01:32.308		0.93076			4
2025.11.05	02:01:32.614	0.93068				2
2025.11.05	02:01:33.425	0.93067				2
2025.11.05	02:01:33.727		0.93075			4
2025.11.05	02:01:34.893	0.93068				2
2025.11.05	02:01:36.083		0.93076			4
2025.11.05	02:01:37.422	0.93069	0.93077			6
2025.11.05	02:01:38.575	0.93070				2
2025.11.05	02:01:39.278	0.93071				2
2025.11.05	02:01:39.629	0.93070				2
2025.11.05	02:01:41.188	0.93071				2
2025.11.05	02:01:42.624	0.93070				2
2025.11.05	02:01:43.023	0.93066				2
2025.11.05	02:01:43.521	0.93067				2
2025.11.05	02:01:43.889		0.93076			4
2025.11.05	02:01:44.214		0.93078			4
2025.11.05	02:01:44.544		0.93079			4
2025.11.05	02:01:47.890	0.93066	0.93078			6
2025.11.05	02:01:50.502		0.93077			4
2025.11.05	02:01:51.402	0.93065	0.93076			6
2025.11.05	02:01:54.531	0.93066	0.93075			6
2025.11.05	02:01:54.879		0.93077			4
2025.11.05	02:02:00.176	0.93065	0.93076			6
2025.11.05	02:02:01.996		0.93077			4
2025.11.05	02:02:02.305	0.93066	0.93078			6
2025.11.05	02:02:02.655	0.93069	0.93080			6
2025.11.05	02:02:04.427	0.93068				2
2025.11.05	02:02:06.937		0.93079			4
2025.11.05	02:02:18.093		0.93078			4
2025.11.05	02:02:19.478	0.93065	0.93074			6
2025.11.05	02:02:20.161		0.93075			4
2025.11.05	02:02:22.528	0.93066				2
2025.11.05	02:02:23.817		0.93076			4
2025.11.05	02:02:25.930	0.93065				2
2025.11.05	02:02:27.449		0.93075			4
2025.11.05	02:02:28.135		0.93076			4
2025.11.05	02:02:30.352		0.93073			4
2025.11.05	02:02:30.723		0.93076			4
2025.11.05	02:02:38.284		0.93075			4
2025.11.05	02:02:38.603	0.93066	0.93077			6
2025.11.05	02:02:39.486	0.93065	0.93076			6
2025.11.05	02:02:40.751	0.93066				2
2025.11.05	02:02:47.971	0.93065				2
2025.11.05	02:02:48.677		0.93075			4
2025.11.05	02:02:58.628	0.93064	0.93074			6
2025.11.05	02:03:00.083	0.93064				2
2025.11.05	02:03:00.439	0.93065				2
2025.11.05	02:03:00.928		0.93075			4
2025.11.05	02:03:01.239	0.93063				2
2025.11.05	02:03:02.510	0.93062	0.93074			6
2025.11.05	02:03:03.724	0.93063	0.93075			6
2025.11.05	02:03:04.927	0.93061				2
2025.11.05	02:03:06.352		0.93074			4
2025.11.05	02:03:07.652	0.93062				2
2025.11.05	02:03:08.257	0.93061				2
2025.11.05	02:03:09.543		0.93075			4
2025.11.05	02:03:12.341		0.93074			4
2025.11.05	02:03:14.125	0.93062				2
2025.11.05	02:03:14.428	0.93063	0.93075			6
2025.11.05	02:03:16.248	0.93064				2
2025.11.05	02:03:18.061	0.93065				2
2025.11.05	02:03:18.647	0.93064				2
2025.11.05	02:03:20.756	0.93063	0.93074			6
2025.11.05	02:03:22.286	0.93064	0.93075			6
2025.11.05	02:03:24.648		0.93076			4
2025.11.05	02:03:26.185		0.93075			4
2025.11.05	02:03:26.689	0.93063	0.93072			6
2025.11.05	02:03:27.053	0.93062				2
2025.11.05	02:03:27.382		0.93070			4
2025.11.05	02:03:27.699		0.93071			4
2025.11.05	02:03:28.009	0.93061	0.93072			6
2025.11.05	02:03:29.803	0.93063	0.93075			6
2025.11.05	02:03:30.518		0.93074			4
2025.11.05	02:03:33.416	0.93064				2
2025.11.05	02:03:37.672		0.93073			4
2025.11.05	02:03:44.460	0.93062				2
2025.11.05	02:03:44.783		0.93072			4
2025.11.05	02:03:45.170		0.93073			4
2025.11.05	02:03:46.581		0.93074			4
2025.11.05	02:03:47.825		0.93073			4
2025.11.05	02:03:48.615	0.93064				2
2025.11.05	02:03:49.668	0.93063	0.93072			6
2025.11.05	02:03:51.655		0.93071			4
2025.11.05	02:03:52.498		0.93072			4
2025.11.05	02:03:53.175		0.93071			4
2025.11.05	02:03:56.625		0.93070			4
2025.11.05	02:03:59.547	0.93061	0.93069			6
2025.11.05	02:04:00.138	0.93061	0.93068			6
2025.11.05	02:04:01.192		0.93069			4
2025.11.05	02:04:01.925	0.93063	0.93071			6
2025.11.05	02:04:04.413	0.93064	0.93072			6
2025.11.05	02:04:05.437	0.93062	0.93071			6
2025.11.05	02:04:06.299		0.93072			4
2025.11.05	02:04:08.063		0.93073			4
2025.11.05	02:04:10.802	0.93066	0.93075			6
2025.11.05	02:04:11.124		0.93074			4
2025.11.05	02:04:11.432	0.93068	0.93075			6
2025.11.05	02:04:11.735		0.93074			4
2025.11.05	02:04:13.135		0.93075			4
2025.11.05	02:04:14.148	0.93067				2
2025.11.05	02:04:17.079	0.93066				2
2025.11.05	02:04:21.735	0.93065	0.93074			6
2025.11.05	02:04:24.159	0.93063				2
2025.11.05	02:04:27.148	0.93061				2
2025.11.05	02:04:30.813	0.93062				2
2025.11.05	02:04:34.153	0.93061	0.93071			6
2025.11.05	02:04:34.493		0.93072			4
2025.11.05	02:04:35.008		0.93073			4
2025.11.05	02:04:35.680		0.93072			4
2025.11.05	02:04:36.157		0.93071			4
2025.11.05	02:04:36.590		0.93072			4
2025.11.05	02:04:40.514	0.93063	0.93074			6
2025.11.05	02:04:45.405		0.93075			4
2025.11.05	02:04:47.351	0.93064				2
2025.11.05	02:04:54.607		0.93076			4
2025.11.05	02:04:55.173	0.93066				2
2025.11.05	02:04:58.454	0.93064	0.93075			6
2025.11.05	02:04:59.610	0.93063	0.93072			6
2025.11.05	02:04:59.919		0.93071			4
2025.11.05	02:05:00.232	0.93063				2
2025.11.05	02:05:00.539		0.93072			4
2025.11.05	02:05:03.865	0.93062				2
2025.11.05	02:05:05.264		0.93071			4
2025.11.05	02:05:06.245	0.93061				2
2025.11.05	02:05:08.183	0.93062	0.93072			6
2025.11.05	02:05:11.404	0.93063	0.93074			6
2025.11.05	02:05:13.977	0.93064				2
2025.11.05	02:05:14.850	0.93063				2
2025.11.05	02:05:15.266		0.93073			4
2025.11.05	02:05:16.116	0.93064				2
2025.11.05	02:05:18.247		0.93074			4
2025.11.05	02:05:18.578		0.93073			4
2025.11.05	02:05:20.104	0.93063	0.93074			6
2025.11.05	02:05:20.858		0.93073			4
2025.11.05	02:05:23.137	0.93064	0.93074			6
2025.11.05	02:05:23.701		0.93075			4
2025.11.05	02:05:25.574	0.93065				2
2025.11.05	02:05:31.196	0.93064				2
2025.11.05	02:05:34.206	0.93066	0.93076			6
2025.11.05	02:05:38.213	0.93065				2
2025.11.05	02:05:39.736	0.93066				2
2025.11.05	02:05:41.448	0.93065				2
2025.11.05	02:05:53.814		0.93077			4
2025.11.05	02:05:56.098		0.93076			4
2025.11.05	02:05:58.422	0.93066	0.93077			6
2025.11.05	02:05:58.813		0.93076			4
2025.11.05	02:06:00.646	0.93066	0.93070			6
2025.11.05	02:06:00.949		0.93076			4
2025.11.05	02:06:02.734	0.93064	0.93075			6
2025.11.05	02:06:03.978	0.93065	0.93076			6
2025.11.05	02:06:04.647	0.93064	0.93075			6
2025.11.05	02:06:06.101	0.93065	0.93076			6
2025.11.05	02:06:06.424	0.93066	0.93077			6
2025.11.05	02:06:07.368		0.93076			4
2025.11.05	02:06:09.560	0.93065				2
2025.11.05	02:06:23.347	0.93064	0.93075			6
2025.11.05	02:06:23.674	0.93065	0.93076			6
2025.11.05	02:06:30.208	0.93064	0.93075			6
2025.11.05	02:06:30.512		0.93074			4
2025.11.05	02:06:33.143		0.93075			4
2025.11.05	02:06:37.376		0.93074			4
2025.11.05	02:06:38.282	0.93062				2
2025.11.05	02:06:39.209	0.93061	0.93073			6
2025.11.05	02:06:40.034	0.93062	0.93074			6
2025.11.05	02:06:43.639	0.93060	0.93071			6
2025.11.05	02:06:43.957		0.93072			4
2025.11.05	02:06:44.850	0.93059	0.93070			6
2025.11.05	02:06:45.800	0.93058				2
2025.11.05	02:06:54.152	0.93059	0.93069			6
2025.11.05	02:06:55.222	0.93057	0.93068			6
2025.11.05	02:06:59.647	0.93056	0.93067			6
2025.11.05	02:07:00.063	0.93056	0.93066			6
2025.11.05	02:07:00.665		0.93068			4
2025.11.05	02:07:00.972	0.93057				2
2025.11.05	02:07:02.212		0.93067			4
2025.11.05	02:07:03.472		0.93068			4
2025.11.05	02:07:06.492		0.93069			4
2025.11.05	02:07:06.794	0.93058				2
2025.11.05	02:07:08.475		0.93070			4
2025.11.05	02:07:09.608	0.93057	0.93069			6
2025.11.05	02:07:10.755	0.93058				2
2025.11.05	02:07:12.968		0.93068			4
2025.11.05	02:07:23.660	0.93057				2
2025.11.05	02:07:24.784		0.93067			4
2025.11.05	02:07:27.470		0.93068			4
2025.11.05	02:07:28.852		0.93067			4
2025.11.05	02:07:32.875	0.93058	0.93068			6
2025.11.05	02:07:34.816		0.93069			4
2025.11.05	02:07:38.740		0.93070			4
2025.11.05	02:07:39.063	0.93057	0.93068			6
2025.11.05	02:07:39.583	0.93058	0.93069			6
2025.11.05	02:07:41.412	0.93055	0.93065			6
2025.11.05	02:07:42.820	0.93054				2
2025.11.05	02:07:47.635	0.93053	0.93064			6
2025.11.05	02:07:52.165	0.93054				2
2025.11.05	02:07:56.577		0.93065			4
2025.11.05	02:07:59.065	0.93053	0.93063			6
2025.11.05	02:08:00.178	0.93053				2
2025.11.05	02:08:00.621		0.93064			4
2025.11.05	02:08:05.280		0.93063			4
2025.11.05	02:08:05.749	0.93052				2
2025.11.05	02:08:07.144		0.93064			4
2025.11.05	02:08:09.867	0.93050	0.93061			6
2025.11.05	02:08:13.739		0.93062			4
2025.11.05	02:08:18.102	0.93051				2
2025.11.05	02:08:22.538	0.93052				2
2025.11.05	02:08:23.931	0.93056	0.93065			6
2025.11.05	02:08:24.260		0.93064			4
2025.11.05	02:08:25.563	0.93054	0.93065			6
2025.11.05	02:08:26.300		0.93064			4
2025.11.05	02:08:27.274		0.93065			4
2025.11.05	02:08:27.765		0.93064			4
2025.11.05	02:08:28.285		0.93065			4
2025.11.05	02:08:28.839		0.93064			4
2025.11.05	02:08:29.200	0.93055				2
2025.11.05	02:08:29.816	0.93054				2
2025.11.05	02:08:30.896	0.93053				2
2025.11.05	02:08:31.249	0.93054				2
2025.11.05	02:08:32.037		0.93063			4
2025.11.05	02:08:33.276		0.93064			4
2025.11.05	02:08:33.671	0.93055				2
2025.11.05	02:08:34.322	0.93054	0.93065			6
2025.11.05	02:08:34.874		0.93064			4
2025.11.05	02:08:36.649	0.93053				2
2025.11.05	02:08:36.966		0.93065			4
2025.11.05	02:08:37.373	0.93054				2
2025.11.05	02:08:39.191	0.93053				2
2025.11.05	02:08:41.185	0.93054				2
2025.11.05	02:08:42.144	0.93050	0.93062			6
2025.11.05	02:08:44.567	0.93051	0.93063			6
2025.11.05	02:08:44.916	0.93052				2
2025.11.05	02:08:47.540		0.93064			4
2025.11.05	02:08:47.873		0.93063			4
2025.11.05	02:08:50.503	0.93053	0.93064			6
2025.11.05	02:08:51.652		0.93063			4
2025.11.05	02:08:52.001		0.93064			4
2025.11.05	02:08:53.381	0.93052				2
2025.11.05	02:08:54.723		0.93065			4
2025.11.05	02:08:55.571		0.93064			4
2025.11.05	02:08:56.706	0.93054	0.93065			6
2025.11.05	02:08:57.352		0.93064			4
2025.11.05	02:08:58.664	0.93053				2
2025.11.05	02:09:00.504	0.93053				2
2025.11.05	02:09:00.824	0.93050	0.93062			6
2025.11.05	02:09:01.677	0.93052	0.93063			6
2025.11.05	02:09:03.436	0.93050	0.93062			6
2025.11.05	02:09:04.866	0.93052	0.93063			6
2025.11.05	02:09:06.437	0.93051				2
2025.11.05	02:09:07.462	0.93053				2
2025.11.05	02:09:07.778	0.93054	0.93064			6
2025.11.05	02:09:08.084	0.93055				2
2025.11.05	02:09:10.315	0.93054				2
2025.11.05	02:09:10.849	0.93053	0.93065			6
2025.11.05	02:09:11.582	0.93055	0.93066			6
2025.11.05	02:09:11.900		0.93067			4
2025.11.05	02:09:12.216		0.93066			4
2025.11.05	02:09:13.007	0.93056	0.93067			6
2025.11.05	02:09:13.393	0.93055	0.93066			6
2025.11.05	02:09:15.392	0.93054				2
2025.11.05	02:09:15.762	0.93055				2
2025.11.05	02:09:16.250	0.93054				2
2025.11.05	02:09:17.830	0.93053	0.93065			6
2025.11.05	02:09:20.836	0.93055				2
2025.11.05	02:09:21.340	0.93053				2
2025.11.05	02:09:22.478	0.93054				2
2025.11.05	02:09:22.960	0.93055				2
2025.11.05	02:09:23.374	0.93056				2
2025.11.05	02:09:35.361	0.93055	0.93064			6
2025.11.05	02:09:38.271	0.93054				2
2025.11.05	02:09:40.325		0.93066			4
2025.11.05	02:09:41.070		0.93065			4
2025.11.05	02:09:42.349	0.93051	0.93061			6
2025.11.05	02:09:45.575		0.93062			4
2025.11.05	02:09:49.017	0.93052				2
2025.11.05	02:09:49.324		0.93063			4
2025.11.05	02:09:51.340		0.93061			4
2025.11.05	02:09:53.448	0.93051				2
2025.11.05	02:09:54.168		0.93062			4
2025.11.05	02:09:55.332	0.93052	0.93063			6
2025.11.05	02:09:56.127	0.93053	0.93064			6
2025.11.05	02:09:58.551		0.93063			4
2025.11.05	02:10:00.701	0.93053	0.93064			6
2025.11.05	02:10:01.022		0.93063			4
2025.11.05	02:10:01.925	0.93054	0.93064			6
2025.11.05	02:10:07.210		0.93065			4
2025.11.05	02:10:13.824		0.93064			4
2025.11.05	02:10:15.373		0.93065			4
2025.11.05	02:10:16.309		0.93064			4
2025.11.05	02:10:18.956		0.93065			4
2025.11.05	02:10:20.629		0.93064			4
2025.11.05	02:10:29.604	0.93055	0.93067			6
2025.11.05	02:10:29.946	0.93057	0.93066			6
2025.11.05	02:10:30.256		0.93067			4
2025.11.05	02:10:31.178	0.93056				2
2025.11.05	02:10:32.209	0.93057				2
2025.11.05	02:10:34.656	0.93056				2
2025.11.05	02:10:37.867	0.93057				2
2025.11.05	02:10:39.315	0.93056				2
2025.11.05	02:10:41.294		0.93066			4
2025.11.05	02:10:44.784	0.93055				2
2025.11.05	02:10:46.167	0.93056				2
2025.11.05	02:10:51.083	0.93055				2
2025.11.05	02:10:51.811	0.93054				2
2025.11.05	02:10:52.117	0.93055				2
2025.11.05	02:10:53.648		0.93064			4
2025.11.05	02:10:54.920		0.93065			4
2025.11.05	02:10:58.373	0.93054				2
2025.11.05	02:11:00.225	0.93054				2
2025.11.05	02:11:01.373	0.93055	0.93067			6
2025.11.05	02:11:02.343		0.93066			4
2025.11.05	02:11:03.441		0.93065			4
2025.11.05	02:11:05.674		0.93066			4
2025.11.05	02:11:07.269		0.93067			4
2025.11.05	02:11:07.580	0.93053	0.93065			6
2025.11.05	02:11:08.571	0.93052	0.93064			6
2025.11.05	02:11:12.751	0.93053	0.93065			6
2025.11.05	02:11:14.028		0.93064			4
2025.11.05	02:11:14.528		0.93063			4
2025.11.05	02:11:16.343	0.93052				2
2025.11.05	02:11:16.780	0.93053				2
2025.11.05	02:11:20.315		0.93064			4
2025.11.05	02:11:22.483	0.93054				2
2025.11.05	02:11:25.003	0.93053				2
2025.11.05	02:11:30.432	0.93052				2
2025.11.05	02:11:30.801		0.93062			4
2025.11.05	02:11:31.291	0.93053	0.93063			6
2025.11.05	02:11:39.314	0.93054				2
2025.11.05	02:11:47.983	0.93053				2
2025.11.05	02:11:51.505	0.93052	0.93062			6
2025.11.05	02:11:52.344	0.93053	0.93063			6
2025.11.05	02:11:52.654	0.93052				2
2025.11.05	02:11:55.223	0.93053				2
2025.11.05	02:11:56.009		0.93064			4
2025.11.05	02:11:56.344		0.93063			4
2025.11.05	02:11:58.600		0.93065			4
2025.11.05	02:11:58.919		0.93063			4
2025.11.05	02:11:59.246		0.93065			4
2025.11.05	02:12:00.370	0.93053	0.93064			6
2025.11.05	02:12:00.728		0.93065			4
2025.11.05	02:12:01.721		0.93064			4
2025.11.05	02:12:02.232	0.93054				2
2025.11.05	02:12:03.987	0.93052	0.93063			6
2025.11.05	02:12:04.319	0.93051	0.93062			6
2025.11.05	02:12:04.825	0.93052	0.93063			6
2025.11.05	02:12:05.210		0.93062			4
2025.11.05	02:12:06.478		0.93064			4
2025.11.05	02:12:06.780	0.93053				2
2025.11.05	02:12:07.386		0.93063			4
2025.11.05	02:12:17.988	0.93052				2
2025.11.05	02:12:18.346	0.93053				2
2025.11.05	02:12:19.381	0.93051				2
2025.11.05	02:12:22.189	0.93052				2
2025.11.05	02:12:23.814		0.93062			4
2025.11.05	02:12:24.301	0.93051				2
2025.11.05	02:12:25.863		0.93061			4
2025.11.05	02:12:26.235		0.93062			4
2025.11.05	02:12:28.322		0.93063			4
2025.11.05	02:12:29.000		0.93062			4
2025.11.05	02:12:30.892	0.93054	0.93064			6
2025.11.05	02:12:33.032	0.93053	0.93065			6
2025.11.05	02:12:33.481	0.93055	0.93063			6
2025.11.05	02:12:33.789	0.93054	0.93064			6
2025.11.05	02:12:35.479	0.93053				2
2025.11.05	02:12:38.955	0.93054				2
2025.11.05	02:12:39.586	0.93053				2
2025.11.05	02:12:40.255		0.93065			4
2025.11.05	02:12:42.799	0.93054				2
2025.11.05	02:12:43.181		0.93064			4
2025.11.05	02:12:44.567	0.93052				2
2025.11.05	02:12:46.478	0.93053				2
2025.11.05	02:12:47.274	0.93052				2
2025.11.05	02:12:50.551	0.93053	0.93065			6
2025.11.05	02:12:52.959		0.93064			4
2025.11.05	02:12:53.877		0.93065			4
2025.11.05	02:12:54.670	0.93052	0.93063			6
2025.11.05	02:12:56.243		0.93062			4
2025.11.05	02:12:57.245	0.93051	0.93063			6
2025.11.05	02:13:00.316	0.93054	0.93065			6
2025.11.05	02:13:03.462	0.93053	0.93064			6
2025.11.05	02:13:04.469	0.93054	0.93065			6
2025.11.05	02:13:06.154	0.93053				2
2025.11.05	02:13:09.638	0.93049	0.93062			6
2025.11.05	02:13:10.013		0.93060			4
2025.11.05	02:13:10.750		0.93061			4
2025.11.05	02:13:11.797	0.93048				2
2025.11.05	02:13:12.543	0.93049				2
2025.11.05	02:13:13.804	0.93050				2
2025.11.05	02:13:15.433	0.93051	0.93064			6
2025.11.05	02:13:16.344		0.93063			4
2025.11.05	02:13:17.466		0.93062			4
2025.11.05	02:13:19.693	0.93049	0.93061			6
2025.11.05	02:13:20.110	0.93050	0.93060			6
2025.11.05	02:13:20.517		0.93061			4
2025.11.05	02:13:22.708		0.93060			4
2025.11.05	02:13:23.362	0.93052	0.93062			6
2025.11.05	02:13:26.201	0.93051				2
2025.11.05	02:13:30.386	0.93052				2
2025.11.05	02:13:32.983		0.93061			4
2025.11.05	02:13:36.458		0.93062			4
2025.11.05	02:13:37.075	0.93050	0.93060			6
2025.11.05	02:13:37.673	0.93051				2
2025.11.05	02:13:38.753		0.93061			4
2025.11.05	02:13:45.228	0.93052				2
2025.11.05	02:13:47.726	0.93051				2
2025.11.05	02:13:49.199	0.93050				2
2025.11.05	02:13:55.018	0.93051				2
2025.11.05	02:13:57.473	0.93050	0.93060			6
2025.11.05	02:14:00.480	0.93050	0.93061			6
2025.11.05	02:14:04.754	0.93049				2
2025.11.05	02:14:05.059	0.93048	0.93060			6
2025.11.05	02:14:05.669		0.93059			4
2025.11.05	02:14:13.276	0.93047	0.93058			6
2025.11.05	02:14:13.690		0.93057			4
2025.11.05	02:14:15.217		0.93059			4
2025.11.05	02:14:18.613	0.93048				2
2025.11.05	02:14:20.746		0.93060			4
2025.11.05	02:14:25.020		0.93059			4
2025.11.05	02:14:25.367	0.93049				2
2025.11.05	02:14:25.700	0.93048				2
2025.11.05	02:14:29.337	0.93049	0.93060			6
2025.11.05	02:14:29.665	0.93048				2
2025.11.05	02:14:31.813	0.93050				2
2025.11.05	02:14:32.119	0.93048				2
2025.11.05	02:14:32.433	0.93049				2
2025.11.05	02:14:33.726	0.93048	0.93059			6
2025.11.05	02:14:34.355	0.93049	0.93060			6
2025.11.05	02:14:36.500	0.93048				2
2025.11.05	02:14:44.893		0.93061			4
2025.11.05	02:14:47.492	0.93049				2
2025.11.05	02:14:50.043		0.93060			4
2025.11.05	02:14:57.773	0.93052	0.93064			6
2025.11.05	02:14:58.086	0.93051	0.93063			6
2025.11.05	02:14:58.421	0.93053	0.93064			6
2025.11.05	02:14:58.764	0.93052				2
2025.11.05	02:14:59.078	0.93053				2
2025.11.05	02:14:59.414	0.93052				2
2025.11.05	02:15:00.319	0.93053				2
2025.11.05	02:15:00.665	0.93054				2
2025.11.05	02:15:01.060	0.93053				2
2025.11.05	02:15:01.450		0.93065			4
2025.11.05	02:15:02.388		0.93064			4
2025.11.05	02:15:05.363	0.93054				2
2025.11.05	02:15:08.743	0.93053				2
2025.11.05	02:15:09.805	0.93054				2
2025.11.05	02:15:11.948	0.93055	0.93065			6
2025.11.05	02:15:12.264	0.93053	0.93064			6
2025.11.05	02:15:12.570		0.93063			4
2025.11.05	02:15:27.085		0.93064			4
2025.11.05	02:15:27.832		0.93063			4
2025.11.05	02:15:28.995		0.93064			4
2025.11.05	02:15:30.380	0.93051	0.93061			6
2025.11.05	02:15:33.173	0.93049	0.93060			6
2025.11.05	02:15:33.699	0.93050				2
2025.11.05	02:15:35.442	0.93049				2
2025.11.05	02:15:39.777	0.93047	0.93057			6
2025.11.05	02:15:40.668		0.93056			4
2025.11.05	02:15:41.580	0.93046				2
2025.11.05	02:15:42.269	0.93047				2
2025.11.05	02:15:42.574	0.93046				2
2025.11.05	02:15:43.690	0.93047	0.93057			6
2025.11.05	02:15:44.405	0.93048				2
2025.11.05	02:15:45.450	0.93046				2
2025.11.05	02:15:46.087	0.93047	0.93059			6
2025.11.05	02:15:47.052		0.93058			4
2025.11.05	02:15:48.710		0.93057			4
2025.11.05	02:15:49.174		0.93058			4
2025.11.05	02:15:50.147		0.93057			4
2025.11.05	02:15:50.597		0.93058			4
2025.11.05	02:15:51.376	0.93048				2
2025.11.05	02:15:51.706	0.93047				2
2025.11.05	02:15:55.171	0.93046	0.93056			6
2025.11.05	02:15:55.524		0.93057			4
2025.11.05	02:15:56.002	0.93047	0.93056			6
2025.11.05	02:15:56.572		0.93057			4
2025.11.05	02:16:01.701	0.93046				2
2025.11.05	02:16:02.638	0.93047				2
2025.11.05	02:16:07.196	0.93049	0.93060			6
2025.11.05	02:16:08.055	0.93048	0.93058			6
2025.11.05	02:16:14.536	0.93050	0.93060			6
2025.11.05	02:16:15.571	0.93049	0.93059			6
2025.11.05	02:16:17.130	0.93050	0.93060			6
2025.11.05	02:16:19.017		0.93061			4
2025.11.05	02:16:19.764	0.93051				2
2025.11.05	02:16:20.585	0.93050				2
2025.11.05	02:16:24.296	0.93051				2
2025.11.05	02:16:25.201		0.93060			4
2025.11.05	02:16:25.913		0.93061			4
2025.11.05	02:16:26.219		0.93062			4
2025.11.05	02:16:29.831	0.93050	0.93061			6
2025.11.05	02:16:34.447	0.93051				2
2025.11.05	02:16:34.836	0.93050				2
2025.11.05	02:16:35.602	0.93051	0.93062			6
2025.11.05	02:16:36.655	0.93050	0.93059			6
2025.11.05	02:16:36.971		0.93060			4
2025.11.05	02:16:37.489	0.93047	0.93059			6
2025.11.05	02:16:37.811	0.93048				2
2025.11.05	02:16:38.688	0.93049				2
2025.11.05	02:16:39.323	0.93048	0.93058			6
2025.11.05	02:16:41.880	0.93047				2
2025.11.05	02:16:42.750	0.93048				2
2025.11.05	02:16:46.077	0.93050	0.93060			6
2025.11.05	02:16:50.103	0.93049	0.93059			6
2025.11.05	02:16:53.096	0.93050				2
2025.11.05	02:16:54.754	0.93047	0.93058			6
2025.11.05	02:16:56.978		0.93057			4
2025.11.05	02:16:58.838	0.93048	0.93058			6
2025.11.05	02:16:59.247		0.93057			4
2025.11.05	02:17:00.315	0.93048	0.93058			6
2025.11.05	02:17:01.674	0.93047				2
2025.11.05	02:17:02.826	0.93046				2
2025.11.05	02:17:04.189	0.93047				2
2025.11.05	02:17:05.482		0.93057			4
2025.11.05	02:17:08.859	0.93046				2
2025.11.05	02:17:09.717		0.93056			4
2025.11.05	02:17:14.415	0.93047	0.93057			6
2025.11.05	02:17:15.020	0.93049	0.93058			6
2025.11.05	02:17:15.323	0.93047	0.93057			6
2025.11.05	02:17:18.648	0.93046				2
2025.11.05	02:17:20.211	0.93044	0.93054			6
2025.11.05	02:17:30.231		0.93053			4
2025.11.05	02:17:30.646	0.93046	0.93056			6
2025.11.05	02:17:32.035	0.93047				2
2025.11.05	02:17:34.866	0.93046				2
2025.11.05	02:17:42.305		0.93055			4
2025.11.05	02:17:43.771	0.93044				2
2025.11.05	02:17:44.097		0.93054			4
2025.11.05	02:17:50.022	0.93046	0.93056			6
2025.11.05	02:17:50.508	0.93045	0.93055			6
2025.11.05	02:17:56.084	0.93044				2
2025.11.05	02:17:59.746	0.93048	0.93057			6
2025.11.05	02:18:00.058	0.93047				2
2025.11.05	02:18:29.012	0.93048				2
2025.11.05	02:18:29.367	0.93047				2
2025.11.05	02:18:38.337	0.93048				2
2025.11.05	02:18:38.650	0.93046				2
2025.11.05	02:18:40.003	0.93044	0.93054			6
2025.11.05	02:18:40.651	0.93045				2
2025.11.05	02:18:41.749	0.93044				2
2025.11.05	02:18:49.407	0.93043				2
2025.11.05	02:18:50.311	0.93044				2
2025.11.05	02:18:52.239	0.93045				2
2025.11.05	02:18:53.543	0.93044				2
2025.11.05	02:18:56.368	0.93045				2
2025.11.05	02:18:57.690	0.93044				2
2025.11.05	02:18:59.744	0.93043				2
2025.11.05	02:19:00.479	0.93044	0.93055			6
2025.11.05	02:19:02.207	0.93045				2
2025.11.05	02:19:02.877		0.93054			4
2025.11.05	02:19:04.780	0.93044	0.93055			6
2025.11.05	02:19:07.300		0.93054			4
2025.11.05	02:19:07.860	0.93045				2
2025.11.05	02:19:08.291	0.93044	0.93055			6
2025.11.05	02:19:12.984	0.93045				2
2025.11.05	02:19:13.329		0.93056			4
2025.11.05	02:19:15.812	0.93046				2
2025.11.05	02:19:17.483		0.93055			4
2025.11.05	02:19:17.991		0.93056			4
2025.11.05	02:19:20.252	0.93045				2
2025.11.05	02:19:21.028		0.93055			4
2025.11.05	02:19:22.168		0.93054			4
2025.11.05	02:19:23.447	0.93043				2
2025.11.05	02:19:28.218	0.93044				2
2025.11.05	02:19:29.237	0.93043				2
2025.11.05	02:19:29.598		0.93053			4
2025.11.05	02:19:31.975	0.93042				2
2025.11.05	02:19:35.311		0.93052			4
2025.11.05	02:19:36.513		0.93053			4
2025.11.05	02:19:40.786	0.93043				2
2025.11.05	02:19:41.340		0.93054			4
2025.11.05	02:19:42.936	0.93044				2
2025.11.05	02:19:44.043	0.93043				2
2025.11.05	02:19:44.969	0.93044				2
2025.11.05	02:19:47.135	0.93042	0.93053			6
2025.11.05	02:19:47.472	0.93043				2
2025.11.05	02:19:48.601		0.93054			4
2025.11.05	02:19:51.382	0.93044				2
2025.11.05	02:19:52.199	0.93043				2
2025.11.05	02:19:52.901	0.93044				2
2025.11.05	02:19:53.543	0.93043				2
2025.11.05	02:19:56.869		0.93053			4
2025.11.05	02:19:57.173		0.93054			4
2025.11.05	02:19:59.506		0.93053			4
2025.11.05	02:20:00.703	0.93042				2
2025.11.05	02:20:01.720		0.93052			4
2025.11.05	02:20:03.792		0.93051			4
2025.11.05	02:20:06.346		0.93052			4
2025.11.05	02:20:07.472	0.93044	0.93054			6
2025.11.05	02:20:12.271		0.93055			4
2025.11.05	02:20:13.321	0.93046	0.93057			6
2025.11.05	02:20:13.633	0.93045				2
2025.11.05	02:20:14.591	0.93046				2
2025.11.05	02:20:15.417		0.93056			4
2025.11.05	02:20:15.834	0.93047				2
2025.11.05	02:20:16.393	0.93046				2
2025.11.05	02:20:16.704	0.93045				2
2025.11.05	02:20:17.638	0.93046				2
2025.11.05	02:20:18.352		0.93055			4
2025.11.05	02:20:21.095	0.93041	0.93051			6
2025.11.05	02:20:26.276		0.93052			4
2025.11.05	02:20:27.777	0.93043	0.93053			6
2025.11.05	02:20:29.867		0.93052			4
2025.11.05	02:20:30.214	0.93044	0.93053			6
2025.11.05	02:20:30.520	0.93043				2
2025.11.05	02:20:33.167	0.93042				2
2025.11.05	02:20:36.012	0.93043				2
2025.11.05	02:20:41.948		0.93052			4
2025.11.05	02:20:42.578		0.93054			4
2025.11.05	02:20:44.095		0.93053			4
2025.11.05	02:20:46.345		0.93054			4
2025.11.05	02:20:52.202	0.93042				2
2025.11.05	02:20:55.446		0.93052			4
2025.11.05	02:20:55.751	0.93041	0.93051			6
2025.11.05	02:21:00.047	0.93041				2
2025.11.05	02:21:00.859		0.93052			4
2025.11.05	02:21:01.368		0.93051			4
2025.11.05	02:21:04.829		0.93052			4
2025.11.05	02:21:09.051	0.93043	0.93053			6
2025.11.05	02:21:09.362		0.93054			4
2025.11.05	02:21:13.954	0.93042				2
2025.11.05	02:21:14.292	0.93043				2
2025.11.05	02:21:25.550	0.93042				2
2025.11.05	02:21:31.914	0.93043				2
2025.11.05	02:21:32.696	0.93044				2
2025.11.05	02:21:36.499	0.93045				2
2025.11.05	02:21:37.431	0.93044				2
2025.11.05	02:21:38.860		0.93053			4
2025.11.05	02:21:39.196	0.93043				2
2025.11.05	02:21:43.302	0.93042				2
2025.11.05	02:21:43.715	0.93043				2
2025.11.05	02:21:44.829	0.93044				2
2025.11.05	02:21:45.944	0.93043				2
2025.11.05	02:21:57.397	0.93044	0.93054			6
2025.11.05	02:21:59.385	0.93043				2
2025.11.05	02:22:00.876	0.93044				2
2025.11.05	02:22:02.903	0.93043	0.93053			6
2025.11.05	02:22:05.406	0.93042				2
2025.11.05	02:22:10.890	0.93043				2
2025.11.05	02:22:14.902	0.93042				2
2025.11.05	02:22:15.833		0.93054			4
2025.11.05	02:22:29.026	0.93043				2
2025.11.05	02:22:35.812	0.93044	0.93053			6
2025.11.05	02:22:42.202		0.93054			4
2025.11.05	02:22:45.821	0.93045	0.93053			6
2025.11.05	02:22:46.134	0.93048	0.93058			6
2025.11.05	02:22:47.542		0.93059			4
2025.11.05	02:22:48.578		0.93058			4
2025.11.05	02:22:53.895	0.93047	0.93057			6
2025.11.05	02:22:57.057	0.93046	0.93056			6
2025.11.05	02:22:57.761	0.93047				2
2025.11.05	02:22:58.401	0.93046				2
2025.11.05	02:22:58.705	0.93047				2
2025.11.05	02:22:59.344	0.93046				2
2025.11.05	02:22:59.672	0.93047				2
2025.11.05	02:23:01.088	0.93047	0.93057			6
2025.11.05	02:23:15.278		0.93056			4
2025.11.05	02:23:25.164	0.93046				2
2025.11.05	02:23:25.476		0.93055			4
2025.11.05	02:23:26.663	0.93047	0.93056			6
2025.11.05	02:23:28.155		0.93055			4
2025.11.05	02:23:32.348		0.93056			4
2025.11.05	02:23:33.953	0.93046	0.93055			6
2025.11.05	02:23:34.287	0.93045	0.93054			6
2025.11.05	02:23:38.055		0.93055			4
2025.11.05	02:23:42.858		0.93054			4
2025.11.05	02:23:48.780	0.93044				2
2025.11.05	02:23:55.363		0.93051			4
2025.11.05	02:24:02.378	0.93044	0.93050			6
2025.11.05	02:24:06.790	0.93042	0.93051			6
2025.11.05	02:24:21.780	0.93044				2
2025.11.05	02:24:23.996		0.93053			4
2025.11.05	02:24:24.426		0.93052			4
2025.11.05	02:24:27.203		0.93053			4
2025.11.05	02:24:35.927		0.93052			4
2025.11.05	02:24:40.750		0.93053			4
2025.11.05	02:24:44.714		0.93052			4
2025.11.05	02:24:48.882		0.93054			4
2025.11.05	02:25:00.793	0.93044				2
2025.11.05	02:25:07.107	0.93045				2
2025.11.05	02:25:11.408	0.93044				2
2025.11.05	02:25:11.765	0.93045				2
2025.11.05	02:25:23.069	0.93044				2
2025.11.05	02:25:23.804		0.93053			4
2025.11.05	02:25:32.276	0.93042	0.93051			6
2025.11.05	02:25:33.897	0.93041				2
2025.11.05	02:25:43.761	0.93042				2
2025.11.05	02:25:45.361		0.93050			4
2025.11.05	02:25:46.417	0.93041	0.93051			6
2025.11.05	02:25:47.193		0.93050			4
2025.11.05	02:25:47.611		0.93051			4
2025.11.05	02:26:00.691	0.93041				2
2025.11.05	02:26:01.760	0.93040	0.93049			6
2025.11.05	02:26:02.472	0.93042				2
2025.11.05	02:26:02.781	0.93041				2
2025.11.05	02:26:16.689	0.93040	0.93050			6
2025.11.05	02:26:17.929	0.93041				2
2025.11.05	02:26:18.728	0.93039	0.93049			6
2025.11.05	02:26:26.507		0.93048			4
2025.11.05	02:26:35.089		0.93047			4
2025.11.05	02:26:46.174		0.93048			4
2025.11.05	02:26:47.445		0.93047			4
2025.11.05	02:26:50.352		0.93048			4
2025.11.05	02:26:54.096	0.93038	0.93045			6
2025.11.05	02:26:55.713	0.93040	0.93050			6
2025.11.05	02:26:56.020		0.93049			4
2025.11.05	02:26:59.024	0.93041	0.93050			6
2025.11.05	02:27:00.085	0.93041				2
2025.11.05	02:27:02.086		0.93049			4
2025.11.05	02:27:03.635		0.93048			4
2025.11.05	02:27:04.000		0.93049			4
2025.11.05	02:27:04.397	0.93038	0.93046			6
2025.11.05	02:27:05.152		0.93047			4
2025.11.05	02:27:21.278		0.93046			4
2025.11.05	02:27:26.747		0.93045			4
2025.11.05	02:27:28.039		0.93044			4
2025.11.05	02:27:28.345		0.93045			4
2025.11.05	02:27:29.360	0.93037				2
2025.11.05	02:27:29.763		0.93044			4
2025.11.05	02:27:31.141		0.93045			4
2025.11.05	02:27:37.461	0.93039	0.93043			6
2025.11.05	02:27:40.295	0.93037				2
2025.11.05	02:27:44.192	0.93039				2
2025.11.05	02:27:44.552	0.93037				2
2025.11.05	02:27:47.198	0.93039				2
2025.11.05	02:27:48.819	0.93040	0.93044			6
2025.11.05	02:27:49.130	0.93039				2
2025.11.05	02:27:51.596	0.93038				2
2025.11.05	02:27:52.824		0.93042			4
2025.11.05	02:27:53.137	0.93037	0.93043			6
2025.11.05	02:27:59.527	0.93038	0.93042			6
2025.11.05	02:28:00.376	0.93037	0.93043			6
2025.11.05	02:28:01.835	0.93036				2
2025.11.05	02:28:03.866	0.93037				2
2025.11.05	02:28:04.715		0.93042			4
2025.11.05	02:28:07.389	0.93040	0.93045			6
2025.11.05	02:28:07.707	0.93041				2
2025.11.05	02:28:08.087	0.93039	0.93044			6
2025.11.05	02:28:08.569		0.93045			4
2025.11.05	02:28:10.395		0.93044			4
2025.11.05	02:28:11.199	0.93040				2
2025.11.05	02:28:15.419	0.93039				2
2025.11.05	02:28:16.695	0.93040	0.93045			6
2025.11.05	02:28:18.109	0.93041				2
2025.11.05	02:28:18.440		0.93047			4
2025.11.05	02:28:21.170	0.93043	0.93049			6
2025.11.05	02:28:21.499	0.93041				2
2025.11.05	02:28:22.994	0.93042	0.93048			6
2025.11.05	02:28:23.773		0.93049			4
2025.11.05	02:28:28.337	0.93040	0.93048			6
2025.11.05	02:28:30.720	0.93042				2
2025.11.05	02:28:31.467		0.93049			4
2025.11.05	02:28:41.036	0.93041				2
2025.11.05	02:28:41.467		0.93047			4
2025.11.05	02:28:42.540	0.93040	0.93048			6
2025.11.05	02:28:46.129		0.93047			4
2025.11.05	02:28:55.441		0.93048			4
