<DATE>	<TIME>	<BID>	<ASK>	<LAST>	<VOLUME>	<FLAGS>
2025.12.22	00:07:16.134	0.93026	0.93264			6
2025.12.22	00:07:17.913	0.93027				2
2025.12.22	00:07:25.113	0.93028	0.93263			6
2025.12.22	00:07:31.713	0.93029	0.93262			6
2025.12.22	00:07:39.822		0.93261			4
2025.12.22	00:07:41.013	0.93030				2
2025.12.22	00:07:47.772	0.93029	0.93258			6
2025.12.22	00:07:48.110	0.93025	0.93263			6
2025.12.22	00:07:49.713		0.93262			4
2025.12.22	00:07:54.812	0.93026				2
2025.12.22	00:07:56.922		0.93261			4
2025.12.22	00:08:01.413	0.93028				2
2025.12.22	00:08:03.222		0.93260			4
2025.12.22	00:08:04.458	0.93024				2
2025.12.22	00:08:05.613	0.93025				2
2025.12.22	00:08:08.022		0.93259			4
2025.12.22	00:08:12.213	0.93026				2
2025.12.22	00:08:16.422		0.93258			4
2025.12.22	00:08:20.312	0.93027				2
2025.12.22	00:08:24.812		0.93257			4
2025.12.22	00:08:28.414	0.93028				2
2025.12.22	00:08:32.322		0.93256			4
2025.12.22	00:08:37.712	0.93029				2
2025.12.22	00:08:42.223		0.93255			4
2025.12.22	00:08:43.745	0.93041				2
2025.12.22	00:08:44.316	0.93042	0.93254			6
2025.12.22	00:08:45.813	0.93043				2
2025.12.22	00:08:46.860	0.93032	0.93252			6
2025.12.22	00:08:49.716	0.93033				2
2025.12.22	00:08:50.464		0.93251			4
2025.12.22	00:08:55.114	0.93034				2
2025.12.22	00:09:00.057	0.93037	0.93248			6
2025.12.22	00:09:02.022		0.93247			4
2025.12.22	00:09:03.978	0.93034	0.93250			6
2025.12.22	00:09:06.281	0.93036	0.93248			6
2025.12.22	00:09:07.910	0.93037	0.93247			6
2025.12.22	00:09:08.673	0.93041	0.93252			6
2025.12.22	00:09:13.412	0.93042				2
2025.12.22	00:09:20.312		0.93251			4
2025.12.22	00:09:27.213	0.93043				2
2025.12.22	00:09:31.255	0.93044				2
2025.12.22	00:09:34.112		0.93250			4
2025.12.22	00:09:38.058	0.93045	0.93251			6
2025.12.22	00:09:39.813	0.93046				2
2025.12.22	00:09:41.254		0.93250			4
2025.12.22	00:09:43.559	0.93048				2
2025.12.22	00:09:44.827	0.93047	0.93249			6
2025.12.22	00:09:49.782		0.93248			4
2025.12.22	00:09:53.672	0.93048				2
2025.12.22	00:10:00.315	0.93060	0.93234			6
2025.12.22	00:10:08.159	0.93061				2
2025.12.22	00:10:13.561		0.93233			4
2025.12.22	00:10:18.353	0.93062				2
2025.12.22	00:10:23.760		0.93232			4
2025.12.22	00:10:30.654	0.93063				2
2025.12.22	00:10:34.262		0.93231			4
2025.12.22	00:10:41.453	0.93064				2
2025.12.22	00:10:45.956		0.93230			4
2025.12.22	00:10:52.554	0.93065				2
2025.12.22	00:10:59.366		0.93229			4
2025.12.22	00:11:00.655	0.93065				2
2025.12.22	00:11:06.654	0.93066				2
2025.12.22	00:11:13.855		0.93228			4
2025.12.22	00:11:22.854	0.93067				2
2025.12.22	00:11:27.483	0.93054	0.93240			6
2025.12.22	00:11:28.487	0.93067	0.93228			6
2025.12.22	00:11:28.864		0.93227			4
2025.12.22	00:11:35.985	0.93068				2
2025.12.22	00:11:39.937	0.93065	0.93229			6
2025.12.22	00:11:46.554	0.93066				2
2025.12.22	00:11:52.254		0.93228			4
2025.12.22	00:11:56.501	0.93065	0.93229			6
2025.12.22	00:11:57.001	0.93066	0.93228			6
2025.12.22	00:11:58.255	0.93067	0.93227			6
2025.12.22	00:11:58.854		0.93228			4
2025.12.22	00:12:00.057	0.93067				2
2025.12.22	00:12:02.157		0.93227			4
2025.12.22	00:12:06.608	0.93070	0.93225			6
2025.12.22	00:12:08.283	0.93067	0.93227			6
2025.12.22	00:12:09.354	0.93068				2
2025.12.22	00:12:15.656		0.93226			4
2025.12.22	00:12:23.154	0.93069				2
2025.12.22	00:12:29.322		0.93225			4
2025.12.22	00:12:43.561	0.93070				2
2025.12.22	00:12:48.144	0.93075	0.93228			6
2025.12.22	00:12:48.678	0.93078	0.93225			6
2025.12.22	00:12:54.354		0.93224			4
2025.12.22	00:13:00.653	0.93078				2
2025.12.22	00:13:05.755	0.93079				2
2025.12.22	00:13:06.125	0.93080	0.93222			6
2025.12.22	00:13:11.155	0.93081				2
2025.12.22	00:13:17.159		0.93221			4
2025.12.22	00:13:17.744	0.93080	0.93223			6
2025.12.22	00:13:19.868		0.93222			4
2025.12.22	00:13:36.954		0.93223			4
2025.12.22	00:13:42.353		0.93222			4
2025.12.22	00:14:00.946	0.93080				2
2025.12.22	00:14:02.154	0.93081				2
2025.12.22	00:14:08.754		0.93221			4
2025.12.22	00:14:17.748	0.93080	0.93222			6
2025.12.22	00:14:18.957	0.93081				2
2025.12.22	00:14:25.276	0.93079	0.93223			6
2025.12.22	00:14:44.454	0.93080				2
2025.12.22	00:14:48.654	0.93079				2
2025.12.22	00:14:50.155	0.93080	0.93222			6
2025.12.22	00:15:00.058	0.93080				2
2025.12.22	00:15:01.854	0.93081				2
2025.12.22	00:15:02.205	0.93080	0.93223			6
2025.12.22	00:15:02.892	0.93079	0.93224			6
2025.12.22	00:15:03.283	0.93080	0.93222			6
2025.12.22	00:15:04.856	0.93081				2
2025.12.22	00:15:07.554		0.93221			4
2025.12.22	00:15:15.056	0.93075	0.93233			6
2025.12.22	00:15:15.654		0.93234			4
2025.12.22	00:15:24.991	0.93078	0.93224			6
2025.12.22	00:15:28.853	0.93079				2
2025.12.22	00:15:29.158		0.93223			4
2025.12.22	00:15:31.554	0.93083	0.93219			6
2025.12.22	00:15:39.299	0.93085	0.93217			6
2025.12.22	00:15:45.055	0.93089				2
2025.12.22	00:15:48.957	0.93090				2
2025.12.22	00:16:01.853	0.93090	0.93216			6
2025.12.22	00:16:03.053		0.93217			4
2025.12.22	00:16:06.608	0.93116	0.93228			6
2025.12.22	00:16:08.176	0.93091	0.93215			6
2025.12.22	00:16:08.590	0.93090	0.93216			6
2025.12.22	00:16:09.054	0.93091				2
2025.12.22	00:16:11.452	0.93090				2
2025.12.22	00:16:19.802	0.93089	0.93217			6
2025.12.22	00:16:23.193	0.93090				2
2025.12.22	00:16:25.590		0.93218			4
2025.12.22	00:16:26.760		0.93219			4
2025.12.22	00:16:30.148		0.93221			4
2025.12.22	00:16:33.654		0.93219			4
2025.12.22	00:16:36.354		0.93220			4
2025.12.22	00:16:40.290	0.93095	0.93225			6
2025.12.22	00:16:40.613		0.93226			4
2025.12.22	00:16:42.612	0.93098				2
2025.12.22	00:16:42.955		0.93227			4
2025.12.22	00:16:44.154		0.93226			4
2025.12.22	00:16:45.356		0.93225			4
2025.12.22	00:16:50.154	0.93103	0.93227			6
2025.12.22	00:16:50.458	0.93096	0.93222			6
2025.12.22	00:16:50.761		0.93225			4
2025.12.22	00:16:51.070	0.93097	0.93226			6
2025.12.22	00:16:51.377	0.93102	0.93225			6
2025.12.22	00:16:51.704	0.93096	0.93222			6
2025.12.22	00:16:52.007		0.93223			4
2025.12.22	00:16:52.319	0.93101	0.93222			6
2025.12.22	00:17:00.535	0.93101				2
2025.12.22	00:17:27.054		0.93221			4
2025.12.22	00:17:30.654		0.93220			4
2025.12.22	00:17:48.353	0.93104	0.93224			6
2025.12.22	00:17:48.762	0.93091	0.93221			6
2025.12.22	00:17:49.082	0.93102	0.93223			6
2025.12.22	00:17:49.703	0.93095	0.93217			6
2025.12.22	00:17:50.006	0.93098	0.93222			6
2025.12.22	00:17:50.429	0.93095				2
2025.12.22	00:17:50.737		0.93221			4
2025.12.22	00:17:51.041	0.93090				2
2025.12.22	00:17:51.659	0.93093	0.93222			6
2025.12.22	00:17:51.967	0.93100				2
2025.12.22	00:17:52.270	0.93093	0.93218			6
2025.12.22	00:17:52.571	0.93096				2
2025.12.22	00:17:52.878	0.93098	0.93221			6
2025.12.22	00:17:53.179	0.93095	0.93222			6
2025.12.22	00:17:53.486	0.93101	0.93221			6
2025.12.22	00:17:54.140	0.93093	0.93218			6
2025.12.22	00:17:54.446	0.93101	0.93221			6
2025.12.22	00:17:55.121	0.93090	0.93223			6
2025.12.22	00:17:55.423	0.93101	0.93222			6
2025.12.22	00:17:55.755	0.93099				2
2025.12.22	00:17:56.066	0.93090				2
2025.12.22	00:17:56.381	0.93101	0.93221			6
2025.12.22	00:17:57.015	0.93095				2
2025.12.22	00:17:57.317	0.93101				2
2025.12.22	00:17:58.001	0.93096	0.93218			6
2025.12.22	00:17:58.318	0.93099	0.93222			6
2025.12.22	00:17:59.003	0.93097				2
2025.12.22	00:17:59.306	0.93104				2
2025.12.22	00:17:59.965	0.93090	0.93221			6
2025.12.22	00:18:00.280	0.93102	0.93222			6
2025.12.22	00:18:00.933	0.93097	0.93223			6
2025.12.22	00:18:01.239	0.93096				2
2025.12.22	00:18:01.542	0.93093				2
2025.12.22	00:18:01.858		0.93222			4
2025.12.22	00:18:02.495	0.93090	0.93221			6
2025.12.22	00:18:02.798	0.93097	0.93218			6
2025.12.22	00:18:03.101	0.93090				2
2025.12.22	00:18:03.418	0.93101	0.93221			6
2025.12.22	00:18:03.934	0.93095				2
2025.12.22	00:18:04.243	0.93101				2
2025.12.22	00:18:04.923	0.93095	0.93218			6
2025.12.22	00:18:05.238	0.93101	0.93221			6
2025.12.22	00:18:05.911	0.93095				2
2025.12.22	00:18:06.220	0.93101	0.93222			6
2025.12.22	00:18:06.912	0.93099	0.93220			6
2025.12.22	00:18:07.218	0.93102	0.93224			6
2025.12.22	00:18:07.852	0.93098	0.93219			6
2025.12.22	00:18:08.158	0.93100	0.93223			6
2025.12.22	00:18:09.012	0.93097	0.93218			6
2025.12.22	00:18:09.326	0.93096	0.93222			6
2025.12.22	00:18:09.640	0.93102	0.93221			6
2025.12.22	00:18:10.351	0.93090				2
2025.12.22	00:18:10.658		0.93218			4
2025.12.22	00:18:10.981	0.93097				2
2025.12.22	00:18:11.290	0.93101	0.93222			6
2025.12.22	00:18:11.603	0.93090	0.93218			6
2025.12.22	00:18:11.905	0.93096				2
2025.12.22	00:18:12.217	0.93102	0.93221			6
2025.12.22	00:18:12.848	0.93096				2
2025.12.22	00:18:13.158	0.93101				2
2025.12.22	00:18:13.850	0.93093	0.93222			6
2025.12.22	00:18:14.160	0.93098				2
2025.12.22	00:18:14.464	0.93101	0.93223			6
2025.12.22	00:18:14.847	0.93097	0.93218			6
2025.12.22	00:18:15.159	0.93098	0.93220			6
2025.12.22	00:18:15.478	0.93093	0.93219			6
2025.12.22	00:18:15.788	0.93097	0.93220			6
2025.12.22	00:18:16.099	0.93096	0.93219			6
2025.12.22	00:18:16.412	0.93090	0.93220			6
2025.12.22	00:18:16.718	0.93097	0.93216			6
2025.12.22	00:18:17.021	0.93100	0.93220			6
2025.12.22	00:18:17.349	0.93097				2
2025.12.22	00:18:17.659	0.93090	0.93216			6
2025.12.22	00:18:17.965	0.93096	0.93219			6
2025.12.22	00:18:18.279	0.93102				2
2025.12.22	00:18:18.849	0.93096				2
2025.12.22	00:18:19.470	0.93097				2
2025.12.22	00:18:19.777	0.93102				2
2025.12.22	00:18:21.351		0.93220			4
2025.12.22	00:18:21.655		0.93222			4
2025.12.22	00:18:22.336	0.93097	0.93221			6
2025.12.22	00:18:22.643	0.93096	0.93219			6
2025.12.22	00:18:22.954	0.93099				2
2025.12.22	00:18:23.293	0.93096				2
2025.12.22	00:18:23.596	0.93097	0.93220			6
2025.12.22	00:18:23.918	0.93100	0.93219			6
2025.12.22	00:18:24.441	0.93090				2
2025.12.22	00:18:24.744	0.93096	0.93216			6
2025.12.22	00:18:25.057		0.93219			4
2025.12.22	00:18:25.362	0.93102				2
2025.12.22	00:18:25.944	0.93096				2
2025.12.22	00:18:26.259	0.93102	0.93220			6
2025.12.22	00:18:26.942	0.93096	0.93219			6
2025.12.22	00:18:27.566	0.93095	0.93216			6
2025.12.22	00:18:27.877	0.93090	0.93219			6
2025.12.22	00:18:28.182	0.93093				2
2025.12.22	00:18:28.491	0.93100				2
2025.12.22	00:18:28.919	0.93097				2
2025.12.22	00:18:29.224	0.93102	0.93220			6
2025.12.22	00:18:29.900	0.93095	0.93216			6
2025.12.22	00:18:30.208	0.93101	0.93220			6
2025.12.22	00:18:30.857	0.93091	0.93219			6
2025.12.22	00:18:31.168	0.93102	0.93220			6
2025.12.22	00:18:31.858	0.93095	0.93219			6
2025.12.22	00:18:32.160	0.93102	0.93220			6
2025.12.22	00:18:32.815	0.93095	0.93219			6
2025.12.22	00:18:33.117	0.93101	0.93220			6
2025.12.22	00:18:33.782	0.93093	0.93215			6
2025.12.22	00:18:34.091	0.93102	0.93220			6
2025.12.22	00:18:34.780	0.93093				2
2025.12.22	00:18:35.092	0.93097				2
2025.12.22	00:18:35.546	0.93102	0.93219			6
2025.12.22	00:18:36.065	0.93097	0.93222			6
2025.12.22	00:18:36.377	0.93093	0.93218			6
2025.12.22	00:18:36.687	0.93097	0.93222			6
2025.12.22	00:18:37.001	0.93096	0.93221			6
2025.12.22	00:18:37.340	0.93102				2
2025.12.22	00:18:37.777	0.93096	0.93222			6
2025.12.22	00:18:38.687	0.93101				2
2025.12.22	00:18:39.188	0.93097	0.93218			6
2025.12.22	00:18:39.499	0.93096	0.93221			6
2025.12.22	00:18:39.827	0.93102				2
2025.12.22	00:18:40.278	0.93099	0.93222			6
2025.12.22	00:19:00.053	0.93099				2
2025.12.22	00:19:04.987	0.93090	0.93218			6
2025.12.22	00:19:05.990		0.93221			4
2025.12.22	00:19:16.672	0.93077	0.93180			6
2025.12.22	00:19:17.741	0.93076	0.93179			6
2025.12.22	00:19:20.933	0.93077	0.93178			6
2025.12.22	00:19:24.339	0.93078				2
2025.12.22	00:19:31.006	0.93079	0.93176			6
2025.12.22	00:19:31.554	0.93080				2
2025.12.22	00:19:36.595	0.93090	0.93220			6
2025.12.22	00:19:36.953		0.93221			4
2025.12.22	00:20:00.053	0.93090				2
2025.12.22	00:20:28.854		0.93223			4
2025.12.22	00:20:35.753		0.93222			4
2025.12.22	00:20:43.855		0.93223			4
2025.12.22	00:20:51.110		0.93221			4
2025.12.22	00:21:00.352	0.93090				2
2025.12.22	00:21:04.233		0.93218			4
2025.12.22	00:21:26.179		0.93219			4
2025.12.22	00:21:40.655		0.93218			4
2025.12.22	00:21:41.436		0.93221			4
2025.12.22	00:21:43.440		0.93222			4
2025.12.22	00:21:50.842		0.93221			4
2025.12.22	00:21:51.441		0.93222			4
2025.12.22	00:22:00.955	0.93090				2
2025.12.22	00:22:06.442		0.93223			4
2025.12.22	00:22:35.849		0.93220			4
2025.12.22	00:22:36.187		0.93218			4
2025.12.22	00:22:38.671		0.93219			4
2025.12.22	00:22:39.280		0.93218			4
2025.12.22	00:22:39.945		0.93219			4
2025.12.22	00:22:42.052		0.93218			4
2025.12.22	00:22:44.420		0.93219			4
2025.12.22	00:22:56.153		0.93222			4
2025.12.22	00:22:59.421		0.93223			4
2025.12.22	00:23:10.533	0.93090				2
2025.12.22	00:23:21.759		0.93221			4
2025.12.22	00:23:26.448		0.93220			4
2025.12.22	00:23:27.057		0.93221			4
2025.12.22	00:23:27.417		0.93223			4
2025.12.22	00:23:35.156		0.93222			4
2025.12.22	00:23:42.415		0.93223			4
2025.12.22	00:23:59.868		0.93222			4
2025.12.22	00:24:06.652	0.93090				2
2025.12.22	00:24:22.252		0.93223			4
2025.12.22	00:24:24.059		0.93222			4
2025.12.22	00:24:28.443		0.93221			4
2025.12.22	00:24:30.179		0.93222			4
2025.12.22	00:24:33.930		0.93219			4
2025.12.22	00:24:34.253		0.93218			4
2025.12.22	00:24:39.425		0.93217			4
2025.12.22	00:24:40.429		0.93218			4
2025.12.22	00:24:54.250		0.93219			4
2025.12.22	00:24:55.854	0.93086				2
2025.12.22	00:24:58.198	0.93092	0.93222			6
2025.12.22	00:25:00.308	0.93092				2
2025.12.22	00:25:02.000		0.93221			4
2025.12.22	00:25:03.454		0.93222			4
2025.12.22	00:25:07.492	0.93083	0.93224			6
2025.12.22	00:25:32.487		0.93223			4
2025.12.22	00:25:34.309		0.93224			4
2025.12.22	00:25:43.857		0.93221			4
2025.12.22	00:25:53.931		0.93220			4
2025.12.22	00:25:57.215		0.93218			4
2025.12.22	00:26:00.053	0.93083				2
2025.12.22	00:26:01.498		0.93219			4
2025.12.22	00:26:02.451	0.93087	0.93220			6
2025.12.22	00:26:13.975	0.93093				2
2025.12.22	00:26:14.417		0.93221			4
2025.12.22	00:26:17.453		0.93222			4
2025.12.22	00:26:34.465	0.93102	0.93223			6
2025.12.22	00:26:38.391		0.93222			4
2025.12.22	00:26:39.374	0.93092				2
2025.12.22	00:26:45.653		0.93221			4
2025.12.22	00:26:50.457	0.93103	0.93223			6
2025.12.22	00:26:51.487	0.93097	0.93222			6
2025.12.22	00:26:54.054		0.93223			4
2025.12.22	00:26:55.258	0.93103	0.93222			6
2025.12.22	00:26:56.392	0.93097				2
2025.12.22	00:27:00.654	0.93097	0.93221			6
2025.12.22	00:27:02.452		0.93220			4
2025.12.22	00:27:08.420	0.93102	0.93222			6
2025.12.22	00:27:09.387	0.93097				2
2025.12.22	00:27:12.932	0.93102				2
2025.12.22	00:27:14.758		0.93221			4
2025.12.22	00:27:25.254		0.93222			4
2025.12.22	00:27:37.415		0.93223			4
2025.12.22	00:27:42.295		0.93221			4
2025.12.22	00:27:47.567		0.93219			4
2025.12.22	00:27:54.056		0.93220			4
2025.12.22	00:27:58.275		0.93222			4
2025.12.22	00:28:04.989	0.93102	0.93221			6
2025.12.22	00:28:12.942	0.93097				2
2025.12.22	00:28:28.708		0.93219			4
2025.12.22	00:28:56.369		0.93218			4
2025.12.22	00:28:58.253		0.93219			4
2025.12.22	00:29:02.453	0.93097				2
2025.12.22	00:29:04.329		0.93217			4
2025.12.22	00:29:07.254	0.93088	0.93207			6
2025.12.22	00:29:08.348		0.93212			4
2025.12.22	00:29:11.534		0.93209			4
2025.12.22	00:29:12.531		0.93212			4
2025.12.22	00:29:13.258		0.93209			4
2025.12.22	00:29:14.530		0.93212			4
2025.12.22	00:29:15.534		0.93208			4
2025.12.22	00:29:16.534		0.93212			4
2025.12.22	00:29:17.530		0.93209			4
2025.12.22	00:29:18.191		0.93205			4
2025.12.22	00:29:29.358		0.93203			4
2025.12.22	00:29:29.960	0.93085	0.93201			6
2025.12.22	00:29:30.399	0.93105	0.93204			6
2025.12.22	00:29:30.714	0.93085	0.93201			6
2025.12.22	00:29:31.084	0.93105	0.93204			6
2025.12.22	00:29:32.100		0.93203			4
2025.12.22	00:29:33.311	0.93078	0.93205			6
2025.12.22	00:29:33.617	0.93100				2
2025.12.22	00:29:33.923	0.93085				2
2025.12.22	00:29:34.237		0.93203			4
2025.12.22	00:29:34.716	0.93091	0.93202			6
2025.12.22	00:29:35.246	0.93085				2
2025.12.22	00:29:35.631	0.93089				2
2025.12.22	00:29:35.973	0.93108	0.93205			6
2025.12.22	00:29:36.548	0.93080	0.93202			6
2025.12.22	00:29:36.960	0.93105	0.93205			6
2025.12.22	00:29:37.562	0.93080	0.93199			6
2025.12.22	00:29:37.936	0.93094				2
2025.12.22	00:29:38.257	0.93077	0.93197			6
2025.12.22	00:29:38.561	0.93106	0.93202			6
2025.12.22	00:29:38.973		0.93201			4
2025.12.22	00:29:39.410	0.93093	0.93198			6
2025.12.22	00:29:39.770	0.93104	0.93201			6
2025.12.22	00:29:40.275	0.93092	0.93197			6
2025.12.22	00:29:40.653	0.93103	0.93200			6
2025.12.22	00:29:40.970	0.93092	0.93196			6
2025.12.22	00:29:41.581	0.93104	0.93200			6
2025.12.22	00:29:42.040	0.93092	0.93196			6
2025.12.22	00:29:42.502	0.93104	0.93200			6
2025.12.22	00:29:42.964	0.93092	0.93196			6
2025.12.22	00:29:43.412	0.93090	0.93200			6
2025.12.22	00:29:43.720	0.93083	0.93196			6
2025.12.22	00:29:44.153	0.93108	0.93201			6
2025.12.22	00:29:44.612	0.93092	0.93196			6
2025.12.22	00:29:45.040	0.93090	0.93195			6
2025.12.22	00:29:45.343	0.93093				2
2025.12.22	00:29:45.708	0.93090	0.93199			6
2025.12.22	00:29:46.021	0.93092	0.93195			6
2025.12.22	00:29:46.417	0.93090	0.93194			6
2025.12.22	00:29:46.718	0.93092	0.93195			6
2025.12.22	00:29:47.118	0.93107	0.93199			6
2025.12.22	00:29:47.462	0.93110	0.93201			6
2025.12.22	00:29:47.873	0.93093	0.93197			6
2025.12.22	00:29:48.221		0.93196			4
2025.12.22	00:29:53.406	0.93114	0.93202			6
2025.12.22	00:29:53.755	0.93090	0.93197			6
2025.12.22	00:29:54.657	0.93094	0.93198			6
2025.12.22	00:29:55.203	0.93088	0.93197			6
2025.12.22	00:29:55.511		0.93198			4
2025.12.22	00:29:55.877	0.93093				2
2025.12.22	00:29:56.408	0.93103	0.93202			6
2025.12.22	00:29:56.718	0.93093	0.93198			6
2025.12.22	00:29:57.041	0.93109	0.93202			6
2025.12.22	00:29:57.410	0.93090	0.93197			6
2025.12.22	00:29:58.002	0.93112	0.93202			6
2025.12.22	00:29:58.308	0.93090	0.93197			6
2025.12.22	00:29:58.807	0.93094				2
2025.12.22	00:29:59.320	0.93103				2
2025.12.22	00:29:59.620	0.93092				2
2025.12.22	00:30:00.113	0.93110	0.93199			6
2025.12.22	00:30:00.877	0.93125	0.93203			6
2025.12.22	00:30:01.180	0.93089	0.93204			6
2025.12.22	00:30:01.500	0.93092	0.93203			6
2025.12.22	00:30:01.855		0.93211			4
2025.12.22	00:30:02.183	0.93091	0.93209			6
2025.12.22	00:30:02.493	0.93088	0.93204			6
2025.12.22	00:30:02.846	0.93096	0.93213			6
2025.12.22	00:30:03.385		0.93209			4
2025.12.22	00:30:03.794	0.93090	0.93217			6
2025.12.22	00:30:04.553		0.93215			4
2025.12.22	00:30:04.891		0.93211			4
2025.12.22	00:30:05.617		0.93210			4
2025.12.22	00:30:05.918		0.93208			4
2025.12.22	00:30:07.253		0.93207			4
2025.12.22	00:30:07.956		0.93205			4
2025.12.22	00:30:09.572		0.93207			4
2025.12.22	00:30:10.069		0.93204			4
2025.12.22	00:30:10.533		0.93206			4
2025.12.22	00:30:10.843		0.93203			4
2025.12.22	00:30:11.593	0.93125				2
2025.12.22	00:30:16.490		0.93204			4
2025.12.22	00:30:20.435	0.93130				2
2025.12.22	00:30:23.543		0.93203			4
2025.12.22	00:30:30.766		0.93204			4
2025.12.22	00:30:31.345	0.93125	0.93201			6
2025.12.22	00:30:31.645		0.93200			4
2025.12.22	00:30:37.544	0.93131	0.93203			6
2025.12.22	00:30:37.855	0.93124	0.93201			6
2025.12.22	00:30:38.543	0.93133	0.93203			6
2025.12.22	00:30:39.043	0.93125	0.93200			6
2025.12.22	00:30:39.546	0.93130	0.93202			6
2025.12.22	00:30:39.868		0.93200			4
2025.12.22	00:30:40.182	0.93103	0.93206			6
2025.12.22	00:30:41.173	0.93132	0.93201			6
2025.12.22	00:30:41.712	0.93133	0.93202			6
2025.12.22	00:30:42.202	0.93138	0.93200			6
2025.12.22	00:30:42.519	0.93103	0.93209			6
2025.12.22	00:30:43.510	0.93124	0.93199			6
2025.12.22	00:30:44.112	0.93129	0.93200			6
2025.12.22	00:30:44.890	0.93104				2
2025.12.22	00:30:45.199		0.93197			4
2025.12.22	00:30:45.678	0.93103	0.93203			6
2025.12.22	00:30:46.856	0.93127	0.93200			6
2025.12.22	00:30:49.633	0.93119	0.93199			6
2025.12.22	00:30:50.133	0.93121				2
2025.12.22	00:30:51.955	0.93117				2
2025.12.22	00:30:52.339	0.93122				2
2025.12.22	00:30:53.044	0.93119				2
2025.12.22	00:30:53.543	0.93124				2
2025.12.22	00:30:54.042	0.93121	0.93201			6
2025.12.22	00:30:55.725	0.93122	0.93199			6
2025.12.22	00:30:56.226	0.93118				2
2025.12.22	00:30:56.777	0.93123				2
2025.12.22	00:30:57.278	0.93121				2
2025.12.22	00:31:00.533	0.93121				2
2025.12.22	00:31:04.254	0.93119				2
2025.12.22	00:31:06.055	0.93118	0.93198			6
2025.12.22	00:31:06.581	0.93122	0.93200			6
2025.12.22	00:31:07.076	0.93143	0.93206			6
2025.12.22	00:31:08.099	0.93131	0.93198			6
2025.12.22	00:31:08.448	0.93105				2
2025.12.22	00:31:09.132	0.93128	0.93203			6
2025.12.22	00:31:09.435	0.93106	0.93193			6
2025.12.22	00:31:09.777		0.93194			4
2025.12.22	00:31:10.132	0.93121	0.93199			6
2025.12.22	00:31:10.436	0.93123	0.93196			6
2025.12.22	00:31:10.769	0.93105	0.93195			6
2025.12.22	00:31:11.131		0.93203			4
2025.12.22	00:31:11.464		0.93195			4
2025.12.22	00:31:12.053		0.93202			4
2025.12.22	00:31:12.634	0.93117	0.93193			6
2025.12.22	00:31:13.074	0.93123	0.93198			6
2025.12.22	00:31:13.632	0.93126	0.93197			6
2025.12.22	00:31:14.134	0.93104	0.93201			6
2025.12.22	00:31:14.590	0.93120	0.93202			6
2025.12.22	00:31:15.132	0.93127	0.93204			6
2025.12.22	00:31:15.594	0.93105	0.93192			6
2025.12.22	00:31:16.138		0.93204			4
2025.12.22	00:31:16.635	0.93123	0.93201			6
2025.12.22	00:31:17.132	0.93125	0.93203			6
2025.12.22	00:31:17.604	0.93120	0.93202			6
2025.12.22	00:31:18.131	0.93127	0.93203			6
2025.12.22	00:31:18.508	0.93121	0.93201			6
2025.12.22	00:31:18.952	0.93126	0.93204			6
2025.12.22	00:31:19.634	0.93121	0.93201			6
2025.12.22	00:31:20.132	0.93127	0.93203			6
2025.12.22	00:31:20.637		0.93204			4
2025.12.22	00:31:20.947	0.93121	0.93200			6
2025.12.22	00:31:23.410	0.93119	0.93199			6
2025.12.22	00:31:24.839	0.93104	0.93202			6
2025.12.22	00:31:26.856	0.93120	0.93199			6
2025.12.22	00:31:28.177	0.93108	0.93219			6
2025.12.22	00:31:28.782		0.93221			4
2025.12.22	00:31:29.174	0.93137	0.93215			6
2025.12.22	00:31:29.564		0.93217			4
2025.12.22	00:31:29.891	0.93135				2
2025.12.22	00:31:30.362	0.93126	0.93215			6
2025.12.22	00:31:30.890	0.93123	0.93214			6
2025.12.22	00:31:31.391		0.93202			4
2025.12.22	00:31:32.193	0.93111	0.93204			6
2025.12.22	00:31:32.569		0.93205			4
2025.12.22	00:31:33.058	0.93122	0.93202			6
2025.12.22	00:31:34.539	0.93120	0.93201			6
2025.12.22	00:31:41.711		0.93200			4
2025.12.22	00:31:44.437		0.93198			4
2025.12.22	00:31:45.953		0.93199			4
2025.12.22	00:31:50.809		0.93201			4
2025.12.22	00:31:51.309		0.93198			4
2025.12.22	00:31:53.617	0.93125	0.93201			6
2025.12.22	00:31:54.054	0.93120	0.93199			6
2025.12.22	00:31:54.620	0.93119				2
2025.12.22	00:31:54.939	0.93122	0.93200			6
2025.12.22	00:31:55.240		0.93201			4
2025.12.22	00:31:55.543	0.93120	0.93200			6
2025.12.22	00:31:55.858	0.93100				2
2025.12.22	00:31:56.179		0.93202			4
2025.12.22	00:31:56.819	0.93122	0.93197			6
2025.12.22	00:31:57.164	0.93118				2
2025.12.22	00:32:00.647	0.93119	0.93200			6
2025.12.22	00:32:01.088	0.93121				2
2025.12.22	00:32:01.403	0.93119	0.93201			6
2025.12.22	00:32:01.806		0.93198			4
2025.12.22	00:32:06.063		0.93197			4
2025.12.22	00:32:07.542	0.93122	0.93199			6
2025.12.22	00:32:08.047	0.93119	0.93198			6
2025.12.22	00:32:10.257		0.93197			4
2025.12.22	00:32:17.903	0.93109	0.93199			6
2025.12.22	00:32:18.403	0.93119	0.93201			6
2025.12.22	00:32:18.904	0.93113	0.93200			6
2025.12.22	00:32:19.407	0.93112				2
2025.12.22	00:32:19.854		0.93201			4
2025.12.22	00:32:20.157	0.93114	0.93199			6
2025.12.22	00:32:20.755	0.93119	0.93201			6
2025.12.22	00:32:21.403	0.93112	0.93199			6
2025.12.22	00:32:21.906	0.93116	0.93200			6
2025.12.22	00:32:22.218		0.93201			4
2025.12.22	00:32:22.615	0.93119				2
2025.12.22	00:32:22.918	0.93113	0.93199			6
2025.12.22	00:32:23.408	0.93112				2
2025.12.22	00:32:23.904	0.93118	0.93200			6
2025.12.22	00:32:24.353	0.93113				2
2025.12.22	00:32:24.822	0.93118	0.93201			6
2025.12.22	00:32:25.403	0.93114	0.93200			6
2025.12.22	00:32:25.909	0.93112	0.93199			6
2025.12.22	00:32:26.404	0.93119	0.93200			6
2025.12.22	00:32:26.753	0.93114				2
2025.12.22	00:32:27.417	0.93112				2
2025.12.22	00:32:27.903	0.93119	0.93202			6
2025.12.22	00:32:28.404	0.93113	0.93201			6
2025.12.22	00:32:29.358	0.93117				2
2025.12.22	00:32:29.660		0.93202			4
2025.12.22	00:32:30.003	0.93119				2
2025.12.22	00:32:30.533	0.93114	0.93201			6
2025.12.22	00:32:31.116	0.93113	0.93200			6
2025.12.22	00:32:31.551	0.93118	0.93202			6
2025.12.22	00:32:31.858	0.93115	0.93200			6
2025.12.22	00:32:32.174		0.93201			4
2025.12.22	00:32:32.543		0.93202			4
2025.12.22	00:32:33.056		0.93201			4
2025.12.22	00:32:34.544	0.93113	0.93202			6
2025.12.22	00:32:35.044	0.93115	0.93201			6
2025.12.22	00:32:36.055	0.93113				2
2025.12.22	00:32:36.545	0.93115	0.93202			6
2025.12.22	00:32:38.047	0.93113	0.93201			6
2025.12.22	00:32:38.545	0.93115				2
2025.12.22	00:32:39.048		0.93202			4
2025.12.22	00:32:40.547		0.93203			4
2025.12.22	00:32:40.894		0.93202			4
2025.12.22	00:32:41.556		0.93203			4
2025.12.22	00:32:42.048		0.93202			4
2025.12.22	00:32:42.553		0.93203			4
2025.12.22	00:32:44.048		0.93202			4
2025.12.22	00:32:44.549		0.93203			4
2025.12.22	00:32:45.049		0.93202			4
2025.12.22	00:32:45.551		0.93203			4
2025.12.22	00:32:47.543		0.93204			4
2025.12.22	00:32:48.052		0.93203			4
2025.12.22	00:32:51.955		0.93201			4
2025.12.22	00:32:53.017		0.93203			4
2025.12.22	00:32:53.519		0.93201			4
2025.12.22	00:32:56.522		0.93200			4
2025.12.22	00:33:01.551	0.93115	0.93201			6
2025.12.22	00:33:02.046		0.93200			4
2025.12.22	00:33:03.955		0.93201			4
2025.12.22	00:33:05.047	0.93113				2
2025.12.22	00:33:10.853		0.93202			4
2025.12.22	00:33:20.053		0.93201			4
2025.12.22	00:33:20.552		0.93202			4
2025.12.22	00:33:23.050		0.93201			4
2025.12.22	00:33:26.818		0.93203			4
2025.12.22	00:33:27.559	0.93115				2
2025.12.22	00:33:30.387		0.93202			4
2025.12.22	00:33:30.747	0.93117				2
2025.12.22	00:33:31.051	0.93120				2
2025.12.22	00:33:32.246	0.93117	0.93201			6
2025.12.22	00:33:32.552		0.93202			4
2025.12.22	00:33:33.243	0.93120				2
2025.12.22	00:33:33.552		0.93203			4
2025.12.22	00:33:34.061	0.93116	0.93201			6
2025.12.22	00:33:34.556	0.93119	0.93202			6
2025.12.22	00:33:35.157	0.93118				2
2025.12.22	00:33:35.551	0.93120	0.93201			6
2025.12.22	00:33:36.243	0.93118	0.93200			6
2025.12.22	00:33:36.555		0.93201			4
2025.12.22	00:33:37.100	0.93120				2
2025.12.22	00:33:37.552	0.93118				2
2025.12.22	00:33:37.859	0.93121				2
2025.12.22	00:33:38.243	0.93117	0.93200			6
2025.12.22	00:33:39.243		0.93201			4
2025.12.22	00:33:39.551	0.93120				2
2025.12.22	00:33:40.245	0.93117	0.93199			6
2025.12.22	00:33:40.750	0.93114	0.93200			6
2025.12.22	00:33:41.059		0.93201			4
2025.12.22	00:33:42.057		0.93200			4
2025.12.22	00:33:42.653		0.93201			4
2025.12.22	00:33:43.053		0.93200			4
2025.12.22	00:33:43.563		0.93201			4
2025.12.22	00:33:44.154		0.93200			4
2025.12.22	00:33:44.554		0.93201			4
2025.12.22	00:33:45.053		0.93200			4
2025.12.22	00:33:45.552		0.93201			4
2025.12.22	00:33:46.061		0.93200			4
2025.12.22	00:33:46.553		0.93201			4
2025.12.22	00:33:47.051		0.93200			4
2025.12.22	00:33:47.551		0.93201			4
2025.12.22	00:33:48.021	0.93123	0.93206			6
2025.12.22	00:33:48.520	0.93119	0.93205			6
2025.12.22	00:33:48.956	0.93122				2
2025.12.22	00:33:49.520	0.93117	0.93206			6
2025.12.22	00:33:49.826	0.93124				2
2025.12.22	00:33:50.421	0.93120				2
2025.12.22	00:33:50.760	0.93122				2
2025.12.22	00:33:51.069	0.93123	0.93208			6
2025.12.22	00:33:51.787	0.93121				2
2025.12.22	00:33:52.194		0.93206			4
2025.12.22	00:33:52.522	0.93125	0.93207			6
2025.12.22	00:33:53.020	0.93119	0.93205			6
2025.12.22	00:33:53.522	0.93117				2
2025.12.22	00:33:53.828	0.93126	0.93206			6
2025.12.22	00:33:54.374	0.93117	0.93207			6
2025.12.22	00:33:54.874	0.93125				2
2025.12.22	00:33:55.374	0.93122				2
2025.12.22	00:33:55.854	0.93118	0.93205			6
2025.12.22	00:33:56.299		0.93206			4
2025.12.22	00:33:57.021	0.93123	0.93207			6
2025.12.22	00:33:57.526	0.93118	0.93206			6
2025.12.22	00:33:57.892	0.93123	0.93207			6
2025.12.22	00:33:58.287		0.93208			4
2025.12.22	00:33:58.838		0.93207			4
2025.12.22	00:33:59.550	0.93118	0.93205			6
2025.12.22	00:33:59.864		0.93206			4
2025.12.22	00:34:00.543	0.93116				2
2025.12.22	00:34:00.922	0.93123				2
2025.12.22	00:34:01.367	0.93118	0.93207			6
2025.12.22	00:34:02.052	0.93123	0.93209			6
2025.12.22	00:34:02.443	0.93117	0.93205			6
2025.12.22	00:34:03.046	0.93123	0.93206			6
2025.12.22	00:34:03.454	0.93121	0.93207			6
2025.12.22	00:34:04.514		0.93205			4
2025.12.22	00:34:05.527		0.93206			4
2025.12.22	00:34:06.549		0.93205			4
2025.12.22	00:34:07.546	0.93117	0.93207			6
2025.12.22	00:34:08.061	0.93119				2
2025.12.22	00:34:08.557	0.93117	0.93204			6
2025.12.22	00:34:09.059	0.93116	0.93205			6
2025.12.22	00:34:09.629		0.93206			4
2025.12.22	00:34:10.058	0.93115				2
2025.12.22	00:34:10.689		0.93203			4
2025.12.22	00:34:11.127		0.93206			4
2025.12.22	00:34:12.197		0.93203			4
2025.12.22	00:34:13.212		0.93205			4
2025.12.22	00:34:14.272		0.93204			4
2025.12.22	00:34:15.286		0.93205			4
2025.12.22	00:34:16.369		0.93204			4
2025.12.22	00:34:16.784		0.93206			4
2025.12.22	00:34:17.542	0.93116	0.93205			6
2025.12.22	00:34:17.881	0.93121				2
2025.12.22	00:34:18.549	0.93123	0.93206			6
2025.12.22	00:34:18.892	0.93118				2
2025.12.22	00:34:19.491		0.93204			4
2025.12.22	00:34:20.453	0.93116				2
2025.12.22	00:34:20.946	0.93119	0.93207			6
2025.12.22	00:34:21.622	0.93124	0.93205			6
2025.12.22	00:34:22.046	0.93118	0.93206			6
2025.12.22	00:34:22.544	0.93120	0.93207			6
2025.12.22	00:34:23.053		0.93205			4
2025.12.22	00:34:23.545	0.93117				2
2025.12.22	00:34:24.044	0.93121	0.93207			6
2025.12.22	00:34:24.661		0.93205			4
2025.12.22	00:34:25.046		0.93206			4
2025.12.22	00:34:25.544	0.93122	0.93207			6
2025.12.22	00:34:26.043		0.93206			4
2025.12.22	00:34:26.544	0.93120				2
2025.12.22	00:34:28.044	0.93122				2
2025.12.22	00:34:28.412	0.93120	0.93207			6
2025.12.22	00:34:29.049	0.93123	0.93206			6
2025.12.22	00:34:29.356	0.93118	0.93205			6
2025.12.22	00:34:30.052	0.93120	0.93207			6
2025.12.22	00:34:30.547	0.93122	0.93206			6
2025.12.22	00:34:31.046	0.93118				2
2025.12.22	00:34:31.548	0.93120				2
2025.12.22	00:34:32.053	0.93121	0.93208			6
2025.12.22	00:34:32.546		0.93206			4
2025.12.22	00:34:33.057	0.93116				2
2025.12.22	00:34:33.802	0.93118	0.93205			6
2025.12.22	00:34:34.109	0.93121	0.93207			6
2025.12.22	00:34:35.045		0.93206			4
2025.12.22	00:34:35.546	0.93116	0.93207			6
2025.12.22	00:34:35.930	0.93121				2
2025.12.22	00:34:36.314	0.93118	0.93204			6
2025.12.22	00:34:36.955	0.93122	0.93206			6
2025.12.22	00:34:37.545	0.93121	0.93207			6
2025.12.22	00:34:38.548		0.93206			4
2025.12.22	00:34:39.050	0.93119	0.93205			6
2025.12.22	00:34:39.555	0.93121	0.93206			6
2025.12.22	00:34:40.044		0.93207			4
2025.12.22	00:34:41.115		0.93206			4
2025.12.22	00:34:42.358		0.93207			4
2025.12.22	00:34:43.552		0.93206			4
2025.12.22	00:34:44.549		0.93207			4
2025.12.22	00:34:45.549		0.93206			4
2025.12.22	00:34:46.557		0.93207			4
2025.12.22	00:34:47.553		0.93206			4
2025.12.22	00:34:49.558		0.93207			4
2025.12.22	00:34:51.268	0.93128	0.93209			6
2025.12.22	00:34:51.581	0.93120				2
2025.12.22	00:34:52.270	0.93126	0.93208			6
2025.12.22	00:34:52.651	0.93120				2
2025.12.22	00:34:53.271	0.93121	0.93211			6
2025.12.22	00:34:53.899	0.93118				2
2025.12.22	00:34:54.231	0.93121				2
2025.12.22	00:34:54.532	0.93119	0.93209			6
2025.12.22	00:34:55.274	0.93118	0.93212			6
2025.12.22	00:34:55.578		0.93211			4
2025.12.22	00:34:56.273	0.93126	0.93208			6
2025.12.22	00:34:56.650	0.93120	0.93207			6
2025.12.22	00:34:57.270	0.93125	0.93211			6
2025.12.22	00:34:57.771	0.93119	0.93210			6
2025.12.22	00:34:58.269	0.93125	0.93208			6
2025.12.22	00:34:58.768	0.93119				2
2025.12.22	00:34:59.270	0.93127	0.93212			6
2025.12.22	00:34:59.769	0.93121				2
2025.12.22	00:35:00.272	0.93124	0.93208			6
2025.12.22	00:35:01.555		0.93212			4
2025.12.22	00:35:02.553		0.93210			4
2025.12.22	00:35:04.557		0.93209			4
2025.12.22	00:35:05.550		0.93211			4
2025.12.22	00:35:06.551		0.93209			4
2025.12.22	00:35:07.543	0.93117				2
2025.12.22	00:35:08.548		0.93208			4
2025.12.22	00:35:09.552		0.93209			4
2025.12.22	00:35:12.555		0.93208			4
2025.12.22	00:35:13.131		0.93209			4
2025.12.22	00:35:14.152		0.93208			4
2025.12.22	00:35:15.159		0.93209			4
2025.12.22	00:35:16.160		0.93208			4
2025.12.22	00:35:17.253		0.93209			4
2025.12.22	00:35:18.556	0.93118	0.93208			6
2025.12.22	00:35:19.553		0.93209			4
2025.12.22	00:35:20.551	0.93120	0.93218			6
2025.12.22	00:35:23.155	0.93121				2
2025.12.22	00:35:23.840		0.93219			4
2025.12.22	00:35:26.049	0.93131				2
2025.12.22	00:35:27.044	0.93124				2
2025.12.22	00:35:29.873	0.93123				2
2025.12.22	00:35:30.545	0.93132				2
2025.12.22	00:35:31.456	0.93134	0.93218			6
2025.12.22	00:35:32.577		0.93219			4
2025.12.22	00:35:36.922		0.93218			4
2025.12.22	00:35:38.422		0.93219			4
2025.12.22	00:35:45.435		0.93220			4
2025.12.22	00:35:47.421	0.93136				2
2025.12.22	00:35:48.054	0.93138	0.93225			6
2025.12.22	00:35:48.710		0.93226			4
2025.12.22	00:35:49.705		0.93225			4
2025.12.22	00:35:50.927	0.93142	0.93228			6
2025.12.22	00:35:51.931		0.93227			4
2025.12.22	00:35:52.426	0.93144	0.93228			6
2025.12.22	00:35:52.839	0.93142	0.93227			6
2025.12.22	00:35:53.167		0.93221			4
2025.12.22	00:35:53.678	0.93140	0.93218			6
2025.12.22	00:36:00.416	0.93140				2
2025.12.22	00:36:00.717		0.93219			4
2025.12.22	00:36:01.853		0.93220			4
2025.12.22	00:36:02.923		0.93218			4
2025.12.22	00:36:06.024		0.93220			4
2025.12.22	00:36:14.080		0.93218			4
2025.12.22	00:36:57.579		0.93219			4
2025.12.22	00:37:00.412	0.93140				2
2025.12.22	00:37:09.303	0.93139				2
2025.12.22	00:37:09.810	0.93141				2
2025.12.22	00:37:35.752	0.93135				2
2025.12.22	00:37:43.249	0.93141				2
2025.12.22	00:37:44.105	0.93139				2
2025.12.22	00:37:58.854		0.93219			4
2025.12.22	00:38:00.024	0.93139	0.93220			6
2025.12.22	00:38:00.565		0.93219			4
2025.12.22	00:38:01.566		0.93223			4
2025.12.22	00:38:14.685	0.93142	0.93230			6
2025.12.22	00:38:15.002	0.93131	0.93222			6
2025.12.22	00:38:15.317		0.93216			4
2025.12.22	00:38:15.658	0.93128	0.93214			6
2025.12.22	00:38:16.038	0.93126	0.93212			6
2025.12.22	00:38:17.018	0.93134	0.93221			6
2025.12.22	00:38:17.320		0.93220			4
2025.12.22	00:38:17.622		0.93221			4
2025.12.22	00:38:20.154	0.93136	0.93220			6
2025.12.22	00:38:22.208		0.93219			4
2025.12.22	00:38:32.148	0.93139	0.93220			6
2025.12.22	00:38:33.351		0.93221			4
2025.12.22	00:38:42.481	0.93137				2
2025.12.22	00:38:44.668		0.93220			4
2025.12.22	00:39:00.940	0.93137				2
2025.12.22	00:39:16.296		0.93222			4
2025.12.22	00:39:17.163		0.93221			4
2025.12.22	00:39:20.303	0.93140	0.93222			6
2025.12.22	00:39:39.973		0.93221			4
2025.12.22	00:39:41.774		0.93222			4
2025.12.22	00:39:42.543		0.93221			4
2025.12.22	00:39:53.525		0.93223			4
2025.12.22	00:40:00.300	0.93140				2
2025.12.22	00:40:10.254		0.93222			4
2025.12.22	00:40:15.285		0.93219			4
2025.12.22	00:40:17.455		0.93218			4
2025.12.22	00:40:18.231		0.93219			4
2025.12.22	00:40:25.555		0.93220			4
2025.12.22	00:40:31.464		0.93219			4
2025.12.22	00:41:00.654	0.93140				2
2025.12.22	00:41:06.352		0.93220			4
2025.12.22	00:41:07.271		0.93219			4
2025.12.22	00:41:12.505	0.93144				2
2025.12.22	00:41:13.991	0.93131				2
2025.12.22	00:41:14.328	0.93126				2
2025.12.22	00:41:16.139	0.93121				2
2025.12.22	00:41:17.887	0.93125	0.93220			6
2025.12.22	00:41:18.887	0.93129				2
2025.12.22	00:41:19.553		0.93219			4
2025.12.22	00:41:25.375		0.93221			4
2025.12.22	00:41:27.954		0.93220			4
2025.12.22	00:41:28.338	0.93114	0.93217			6
2025.12.22	00:41:28.706	0.93123				2
2025.12.22	00:41:31.951		0.93219			4
2025.12.22	00:41:32.357		0.93217			4
2025.12.22	00:41:33.164		0.93216			4
2025.12.22	00:41:54.953		0.93217			4
2025.12.22	00:42:01.823	0.93123				2
2025.12.22	00:42:03.055		0.93216			4
2025.12.22	00:42:05.543		0.93217			4
2025.12.22	00:42:09.023		0.93216			4
2025.12.22	00:42:22.195		0.93217			4
2025.12.22	00:42:22.525	0.93110				2
2025.12.22	00:42:26.675		0.93216			4
2025.12.22	00:42:28.804	0.93111				2
2025.12.22	00:42:30.955		0.93217			4
2025.12.22	00:42:35.454		0.93218			4
2025.12.22	00:42:37.566		0.93217			4
2025.12.22	00:42:40.762	0.93102	0.93204			6
2025.12.22	00:42:41.272		0.93201			4
2025.12.22	00:42:41.631		0.93199			4
2025.12.22	00:42:42.030		0.93198			4
2025.12.22	00:42:43.602	0.93106	0.93199			6
2025.12.22	00:42:52.503	0.93108	0.93200			6
2025.12.22	00:42:52.839	0.93111	0.93205			6
2025.12.22	00:42:53.242		0.93207			4
2025.12.22	00:42:57.573		0.93203			4
2025.12.22	00:42:58.063		0.93199			4
2025.12.22	00:42:58.578		0.93201			4
2025.12.22	00:43:02.648	0.93119				2
2025.12.22	00:43:05.819		0.93203			4
2025.12.22	00:43:06.319		0.93204			4
2025.12.22	00:43:06.821	0.93120				2
2025.12.22	00:43:10.574		0.93205			4
2025.12.22	00:43:11.574		0.93204			4
2025.12.22	00:43:15.591	0.93119	0.93205			6
2025.12.22	00:43:16.254		0.93204			4
2025.12.22	00:43:22.478	0.93117				2
2025.12.22	00:43:24.355		0.93205			4
2025.12.22	00:43:26.589	0.93118	0.93204			6
2025.12.22	00:43:29.570	0.93120	0.93205			6
2025.12.22	00:43:32.614	0.93121				2
2025.12.22	00:43:39.569		0.93206			4
2025.12.22	00:43:40.574		0.93205			4
2025.12.22	00:43:41.778		0.93204			4
2025.12.22	00:43:43.595		0.93205			4
2025.12.22	00:43:50.685	0.93122	0.93207			6
2025.12.22	00:43:51.656	0.93121	0.93206			6
2025.12.22	00:43:52.553		0.93207			4
2025.12.22	00:43:55.548		0.93206			4
2025.12.22	00:43:56.046		0.93207			4
2025.12.22	00:43:56.546	0.93122				2
2025.12.22	00:43:57.046		0.93206			4
2025.12.22	00:43:59.574		0.93207			4
2025.12.22	00:44:00.191	0.93122				2
2025.12.22	00:44:00.614	0.93120				2
2025.12.22	00:44:02.568		0.93206			4
2025.12.22	00:44:02.916	0.93122				2
2025.12.22	00:44:10.121	0.93120	0.93205			6
2025.12.22	00:44:15.619		0.93206			4
2025.12.22	00:44:21.053		0.93205			4
2025.12.22	00:44:23.456		0.93206			4
2025.12.22	00:44:26.603		0.93205			4
2025.12.22	00:44:27.248		0.93204			4
2025.12.22	00:44:29.801		0.93205			4
2025.12.22	00:44:30.534		0.93206			4
2025.12.22	00:44:32.798		0.93207			4
2025.12.22	00:44:33.702	0.93121	0.93206			6
2025.12.22	00:44:34.854		0.93207			4
2025.12.22	00:44:37.286		0.93206			4
2025.12.22	00:44:37.597		0.93205			4
2025.12.22	00:44:40.813		0.93206			4
2025.12.22	00:44:41.876		0.93205			4
2025.12.22	00:44:42.378		0.93204			4
2025.12.22	00:44:43.253		0.93205			4
2025.12.22	00:44:44.823		0.93204			4
2025.12.22	00:44:45.815		0.93205			4
2025.12.22	00:44:53.452	0.93119	0.93204			6
2025.12.22	00:44:54.499	0.93124	0.93206			6
2025.12.22	00:44:54.936		0.93208			4
2025.12.22	00:44:56.818	0.93126				2
2025.12.22	00:44:57.416		0.93210			4
2025.12.22	00:44:58.723		0.93211			4
2025.12.22	00:45:00.784	0.93126	0.93209			6
2025.12.22	00:45:02.984	0.93065	0.93221			6
2025.12.22	00:45:03.593	0.93063	0.93223			6
2025.12.22	00:45:04.221	0.93066	0.93220			6
2025.12.22	00:45:04.522	0.93067	0.93219			6
2025.12.22	00:45:05.450	0.93066	0.93220			6
2025.12.22	00:45:05.775	0.93054	0.93231			6
2025.12.22	00:45:06.078	0.93057	0.93229			6
2025.12.22	00:45:06.380	0.93116	0.93225			6
2025.12.22	00:45:07.585	0.93113	0.93226			6
2025.12.22	00:45:07.903	0.93097	0.93230			6
2025.12.22	00:45:08.274		0.93229			4
2025.12.22	00:45:08.809	0.93094				2
2025.12.22	00:45:12.181	0.93112	0.93211			6
2025.12.22	00:45:15.067	0.93091	0.93228			6
2025.12.22	00:45:15.678	0.93093	0.93224			6
2025.12.22	00:45:17.754	0.93092	0.93226			6
2025.12.22	00:45:19.568	0.93093				2
2025.12.22	00:45:20.169	0.93099				2
2025.12.22	00:45:20.566	0.93094				2
2025.12.22	00:45:21.070	0.93098				2
2025.12.22	00:45:22.608		0.93225			4
2025.12.22	00:45:22.919	0.93095				2
2025.12.22	00:45:28.747		0.93224			4
2025.12.22	00:45:30.752	0.93097	0.93225			6
2025.12.22	00:45:31.553		0.93224			4
2025.12.22	00:45:32.073	0.93105				2
2025.12.22	00:45:32.415	0.93113				2
2025.12.22	00:45:34.556		0.93223			4
2025.12.22	00:45:35.423	0.93118	0.93224			6
2025.12.22	00:45:36.587	0.93117				2
2025.12.22	00:45:37.091		0.93223			4
2025.12.22	00:45:37.463	0.93116				2
2025.12.22	00:45:37.823		0.93224			4
2025.12.22	00:45:41.654		0.93225			4
2025.12.22	00:45:43.499	0.93112				2
2025.12.22	00:45:46.104		0.93224			4
2025.12.22	00:45:47.215		0.93226			4
2025.12.22	00:45:48.606	0.93118	0.93225			6
2025.12.22	00:45:51.721	0.93114				2
2025.12.22	00:46:00.036	0.93121	0.93227			6
2025.12.22	00:46:02.153		0.93226			4
2025.12.22	00:46:04.297	0.93115				2
2025.12.22	00:46:07.253		0.93225			4
2025.12.22	00:46:10.249	0.93123				2
2025.12.22	00:46:11.252	0.93128				2
2025.12.22	00:46:12.260	0.93123				2
2025.12.22	00:46:13.417		0.93224			4
2025.12.22	00:46:23.302		0.93223			4
2025.12.22	00:46:23.708	0.93116				2
2025.12.22	00:46:24.546	0.93104				2
2025.12.22	00:46:30.923	0.93108				2
2025.12.22	00:46:33.548	0.93121				2
2025.12.22	00:46:34.614	0.93110				2
2025.12.22	00:46:40.515		0.93222			4
2025.12.22	00:47:00.171	0.93104				2
2025.12.22	00:47:03.144	0.93073	0.93230			6
2025.12.22	00:47:06.600	0.93104	0.93222			6
2025.12.22	00:47:07.554		0.93220			4
2025.12.22	00:47:17.965	0.93108				2
2025.12.22	00:47:31.774		0.93221			4
2025.12.22	00:47:33.523	0.93112	0.93220			6
2025.12.22	00:47:39.955		0.93219			4
2025.12.22	00:47:44.138	0.93107	0.93220			6
2025.12.22	00:47:45.773	0.93103	0.93223			6
2025.12.22	00:47:46.279	0.93111				2
2025.12.22	00:47:50.604		0.93220			4
2025.12.22	00:47:50.964	0.93115				2
2025.12.22	00:47:52.882		0.93219			4
2025.12.22	00:47:59.599	0.93106	0.93223			6
2025.12.22	00:48:00.601	0.93106	0.93221			6
2025.12.22	00:48:02.612	0.93131	0.93220			6
2025.12.22	00:48:09.380		0.93222			4
2025.12.22	00:48:11.600	0.93123	0.93223			6
2025.12.22	00:48:15.105	0.93122	0.93221			6
2025.12.22	00:48:16.319	0.93118				2
2025.12.22	00:48:23.123		0.93219			4
2025.12.22	00:48:23.561		0.93221			4
2025.12.22	00:48:26.767	0.93112	0.93219			6
2025.12.22	00:48:33.084	0.93106				2
2025.12.22	00:48:36.355		0.93220			4
2025.12.22	00:48:46.614	0.93100				2
2025.12.22	00:48:53.698		0.93223			4
2025.12.22	00:49:01.854	0.93100				2
2025.12.22	00:49:03.702		0.93220			4
2025.12.22	00:49:11.818	0.93105				2
2025.12.22	00:49:31.986		0.93219			4
2025.12.22	00:49:32.756		0.93220			4
2025.12.22	00:49:35.729		0.93218			4
2025.12.22	00:49:37.303		0.93220			4
2025.12.22	00:49:44.143	0.93097				2
2025.12.22	00:49:47.439		0.93219			4
2025.12.22	00:49:48.654		0.93220			4
2025.12.22	00:50:00.536	0.93097				2
2025.12.22	00:50:05.109		0.93221			4
2025.12.22	00:50:06.938		0.93219			4
2025.12.22	00:50:07.424		0.93220			4
2025.12.22	00:50:11.820	0.93103				2
2025.12.22	00:50:14.268	0.93110				2
2025.12.22	00:50:22.156		0.93215			4
2025.12.22	00:50:24.924	0.93097	0.93213			6
2025.12.22	00:50:29.616	0.93112	0.93214			6
2025.12.22	00:50:34.312		0.93212			4
2025.12.22	00:50:34.816		0.93214			4
2025.12.22	00:50:35.844	0.93117				2
2025.12.22	00:50:36.881	0.93111	0.93212			6
2025.12.22	00:50:37.416		0.93214			4
2025.12.22	00:50:38.012		0.93215			4
2025.12.22	00:50:38.495		0.93214			4
2025.12.22	00:50:38.914	0.93102				2
2025.12.22	00:50:47.661	0.93112				2
2025.12.22	00:50:49.665	0.93100	0.93212			6
2025.12.22	00:50:50.048		0.93214			4
2025.12.22	00:50:50.493	0.93108				2
2025.12.22	00:50:51.544	0.93099				2
2025.12.22	00:50:52.110		0.93212			4
2025.12.22	00:50:52.550		0.93214			4
2025.12.22	00:50:53.615	0.93112				2
2025.12.22	00:51:02.807	0.93095				2
2025.12.22	00:51:23.802	0.93090				2
2025.12.22	00:51:24.926	0.93110				2
2025.12.22	00:51:33.408	0.93101				2
2025.12.22	00:51:34.312	0.93109				2
2025.12.22	00:51:38.978	0.93110				2
2025.12.22	00:51:41.615		0.93213			4
2025.12.22	00:51:43.074	0.93112	0.93208			6
2025.12.22	00:51:43.496	0.93089				2
2025.12.22	00:51:44.613		0.93209			4
2025.12.22	00:51:47.022		0.93211			4
2025.12.22	00:51:57.133	0.93098	0.93213			6
2025.12.22	00:51:57.634		0.93214			4
2025.12.22	00:51:58.166	0.93109				2
2025.12.22	00:51:59.203	0.93103				2
2025.12.22	00:52:01.138	0.93103				2
2025.12.22	00:52:01.853	0.93096				2
2025.12.22	00:52:18.426	0.93119				2
2025.12.22	00:52:18.954	0.93111				2
2025.12.22	00:52:30.535	0.93098				2
2025.12.22	00:52:48.500	0.93104				2
2025.12.22	00:52:48.843	0.93109				2
2025.12.22	00:52:49.505	0.93120				2
2025.12.22	00:52:50.631		0.93215			4
2025.12.22	00:52:51.577	0.93114				2
2025.12.22	00:52:55.720	0.93110				2
2025.12.22	00:53:07.159	0.93110				2
2025.12.22	00:53:10.545	0.93104				2
2025.12.22	00:53:15.320	0.93099	0.93211			6
2025.12.22	00:53:15.669		0.93210			4
2025.12.22	00:53:16.073	0.93114	0.93214			6
2025.12.22	00:53:16.578		0.93212			4
2025.12.22	00:53:22.828	0.93118	0.93213			6
2025.12.22	00:53:23.139		0.93214			4
2025.12.22	00:53:23.702		0.93213			4
2025.12.22	00:53:24.038	0.93141	0.93215			6
2025.12.22	00:53:24.342	0.93119				2
2025.12.22	00:53:24.643	0.93108				2
2025.12.22	00:53:25.050	0.93098	0.93209			6
2025.12.22	00:53:25.358	0.93104	0.93211			6
2025.12.22	00:53:25.677		0.93213			4
2025.12.22	00:53:26.339	0.93111				2
2025.12.22	00:53:27.955		0.93214			4
2025.12.22	00:53:29.298	0.93101				2
2025.12.22	00:53:37.915		0.93215			4
2025.12.22	00:53:49.672	0.93106				2
2025.12.22	00:53:51.306	0.93118				2
2025.12.22	00:53:52.519	0.93110				2
2025.12.22	00:53:54.700	0.93117	0.93213			6
2025.12.22	00:54:09.703	0.93118				2
2025.12.22	00:54:11.631	0.93116	0.93212			6
2025.12.22	00:54:24.706		0.93213			4
2025.12.22	00:54:28.157	0.93108				2
2025.12.22	00:54:29.191	0.93112				2
2025.12.22	00:54:30.226	0.93120				2
2025.12.22	00:54:32.242	0.93118				2
2025.12.22	00:54:32.712	0.93122				2
2025.12.22	00:54:37.554		0.93214			4
2025.12.22	00:54:49.854		0.93213			4
2025.12.22	00:54:53.716	0.93118				2
2025.12.22	00:54:54.019	0.93097	0.93209			6
2025.12.22	00:54:54.493	0.93103	0.93212			6
2025.12.22	00:54:55.039	0.93111				2
2025.12.22	00:54:55.431	0.93121	0.93214			6
2025.12.22	00:54:55.738	0.93103	0.93210			6
2025.12.22	00:54:56.231		0.93213			4
2025.12.22	00:54:56.548	0.93117				2
2025.12.22	00:54:57.577	0.93118				2
2025.12.22	00:54:58.097	0.93122				2
2025.12.22	00:54:59.782		0.93219			4
2025.12.22	00:55:00.536	0.93122	0.93220			6
2025.12.22	00:55:05.007	0.93088	0.93211			6
2025.12.22	00:55:09.790		0.93208			4
2025.12.22	00:55:10.734		0.93206			4
2025.12.22	00:55:11.627	0.93093	0.93204			6
2025.12.22	00:55:13.419	0.93106	0.93207			6
2025.12.22	00:55:14.424	0.93105	0.93205			6
2025.12.22	00:55:14.994	0.93089	0.93208			6
2025.12.22	00:55:15.429	0.93092	0.93204			6
2025.12.22	00:55:15.878	0.93091	0.93209			6
2025.12.22	00:55:16.426		0.93204			4
2025.12.22	00:55:16.927	0.93099	0.93202			6
2025.12.22	00:55:17.616	0.93089				2
2025.12.22	00:55:18.655		0.93203			4
2025.12.22	00:55:20.564	0.93099	0.93211			6
2025.12.22	00:55:21.017	0.93091	0.93205			6
2025.12.22	00:55:23.616	0.93099				2
2025.12.22	00:55:23.973	0.93091	0.93208			6
2025.12.22	00:55:25.884	0.93155	0.93246			6
2025.12.22	00:55:26.507	0.93150	0.93250			6
2025.12.22	00:55:34.254	0.93151				2
2025.12.22	00:55:45.729	0.93131	0.93208			6
2025.12.22	00:55:46.248	0.93134	0.93204			6
2025.12.22	00:55:46.591	0.93131	0.93208			6
2025.12.22	00:55:47.249	0.93135	0.93203			6
2025.12.22	00:55:47.702	0.93136				2
2025.12.22	00:55:53.902	0.93137	0.93200			6
2025.12.22	00:55:55.604	0.93089	0.93202			6
2025.12.22	00:55:58.154	0.93094	0.93204			6
2025.12.22	00:55:58.539	0.93100	0.93210			6
2025.12.22	00:55:59.187		0.93198			4
2025.12.22	00:56:00.947	0.93100				2
2025.12.22	00:56:08.159	0.93092	0.93202			6
2025.12.22	00:56:08.705	0.93090				2
2025.12.22	00:56:12.472	0.93149	0.93221			6
2025.12.22	00:56:13.211	0.93155	0.93215			6
2025.12.22	00:56:13.631	0.93150	0.93220			6
2025.12.22	00:56:23.153	0.93149	0.93221			6
2025.12.22	00:56:38.086	0.93151	0.93219			6
2025.12.22	00:56:38.669	0.93148	0.93222			6
2025.12.22	00:56:39.011	0.93155	0.93215			6
2025.12.22	00:56:39.440	0.93146	0.93224			6
2025.12.22	00:56:39.754	0.93153	0.93217			6
2025.12.22	00:56:40.128	0.93154	0.93216			6
2025.12.22	00:56:40.642	0.93147	0.93224			6
2025.12.22	00:56:48.080	0.93150	0.93220			6
2025.12.22	00:56:53.911	0.93149				2
2025.12.22	00:56:57.063		0.93221			4
2025.12.22	00:57:00.565	0.93155	0.93215			6
2025.12.22	00:57:01.562	0.93157	0.93213			6
2025.12.22	00:57:02.690	0.93159				2
2025.12.22	00:57:06.382		0.93214			4
2025.12.22	00:57:21.326	0.93155	0.93218			6
2025.12.22	00:57:21.840	0.93158	0.93215			6
2025.12.22	00:57:23.574	0.93151	0.93222			6
2025.12.22	00:57:24.076	0.93152				2
2025.12.22	00:57:31.912	0.93153	0.93220			6
2025.12.22	00:57:33.528	0.93090	0.93201			6
2025.12.22	00:57:33.848	0.93098	0.93291			6
2025.12.22	00:57:34.163	0.93089	0.93285			6
2025.12.22	00:57:35.314	0.93100	0.93279			6
2025.12.22	00:57:35.618		0.93286			4
2025.12.22	00:57:35.969		0.93280			4
2025.12.22	00:57:36.319		0.93284			4
2025.12.22	00:57:36.810		0.93289			4
2025.12.22	00:57:37.311		0.93291			4
2025.12.22	00:57:38.050	0.93092	0.93274			6
2025.12.22	00:57:38.964		0.93279			4
2025.12.22	00:57:40.689		0.93249			4
2025.12.22	00:57:41.000		0.93246			4
2025.12.22	00:57:42.057		0.93244			4
2025.12.22	00:57:42.358		0.93240			4
2025.12.22	00:57:43.254		0.93225			4
2025.12.22	00:57:43.643		0.93204			4
2025.12.22	00:57:44.454		0.93205			4
2025.12.22	00:57:51.571		0.93207			4
2025.12.22	00:57:57.168		0.93206			4
2025.12.22	00:57:57.744		0.93207			4
2025.12.22	00:58:01.619	0.93092	0.93208			6
2025.12.22	00:58:07.551	0.93090	0.93209			6
2025.12.22	00:58:08.550		0.93208			4
2025.12.22	00:58:08.891	0.93096	0.93210			6
2025.12.22	00:58:09.349	0.93101	0.93211			6
2025.12.22	00:58:09.886		0.93213			4
2025.12.22	00:58:10.219		0.93210			4
2025.12.22	00:58:18.353		0.93209			4
2025.12.22	00:58:19.644		0.93208			4
2025.12.22	00:58:20.643		0.93207			4
2025.12.22	00:58:21.665		0.93208			4
2025.12.22	00:58:23.754		0.93207			4
2025.12.22	00:58:24.059	0.93106	0.93209			6
2025.12.22	00:58:25.219		0.93208			4
2025.12.22	00:58:28.731	0.93112	0.93219			6
2025.12.22	00:58:29.619		0.93214			4
2025.12.22	00:58:30.293	0.93111	0.93209			6
2025.12.22	00:58:30.599	0.93107	0.93203			6
2025.12.22	00:58:31.617	0.93111	0.93207			6
2025.12.22	00:58:32.617		0.93206			4
2025.12.22	00:58:35.453		0.93205			4
2025.12.22	00:58:40.119		0.93206			4
2025.12.22	00:58:45.564		0.93205			4
2025.12.22	00:58:46.429	0.93116	0.93202			6
2025.12.22	00:58:46.749	0.93078	0.93209			6
2025.12.22	00:58:47.078		0.93216			4
2025.12.22	00:58:47.622	0.93124	0.93214			6
2025.12.22	00:58:48.098		0.93212			4
2025.12.22	00:58:48.625		0.93210			4
2025.12.22	00:58:48.943		0.93208			4
2025.12.22	00:58:51.654		0.93209			4
2025.12.22	00:58:53.557	0.93119	0.93208			6
2025.12.22	00:58:53.972		0.93207			4
2025.12.22	00:58:54.565		0.93217			4
2025.12.22	00:58:54.914		0.93210			4
2025.12.22	00:58:55.219		0.93209			4
2025.12.22	00:58:55.540	0.93120	0.93206			6
2025.12.22	00:58:55.882	0.93114				2
2025.12.22	00:58:56.191	0.93119				2
2025.12.22	00:58:56.818	0.93112	0.93207			6
2025.12.22	00:58:57.122		0.93205			4
2025.12.22	00:58:57.438	0.93119	0.93207			6
2025.12.22	00:58:57.750	0.93124	0.93205			6
2025.12.22	00:58:58.059	0.93118	0.93201			6
2025.12.22	00:58:58.376	0.93078	0.93215			6
2025.12.22	00:58:59.039		0.93233			4
2025.12.22	00:58:59.445	0.93111	0.93203			6
2025.12.22	00:58:59.774	0.93098	0.93214			6
2025.12.22	00:59:00.094	0.93098	0.93216			6
2025.12.22	00:59:00.579	0.93134				2
2025.12.22	00:59:01.135		0.93215			4
2025.12.22	00:59:01.443		0.93217			4
2025.12.22	00:59:01.773	0.93133	0.93220			6
2025.12.22	00:59:02.102		0.93222			4
2025.12.22	00:59:09.412		0.93221			4
2025.12.22	00:59:10.699	0.93077	0.93180			6
2025.12.22	00:59:11.006		0.93184			4
2025.12.22	00:59:11.343		0.93180			4
2025.12.22	00:59:11.699	0.93089	0.93187			6
2025.12.22	00:59:12.374		0.93188			4
2025.12.22	00:59:12.703	0.93095	0.93198			6
2025.12.22	00:59:13.108	0.93108	0.93199			6
2025.12.22	00:59:13.610		0.93205			4
2025.12.22	00:59:16.443	0.93116				2
2025.12.22	00:59:18.056		0.93206			4
2025.12.22	00:59:24.251	0.93120	0.93202			6
2025.12.22	00:59:25.027	0.93105	0.93203			6
2025.12.22	00:59:25.341	0.93109	0.93204			6
2025.12.22	00:59:25.753	0.93095	0.93201			6
2025.12.22	00:59:26.058	0.93102	0.93200			6
2025.12.22	00:59:30.721	0.93099	0.93198			6
2025.12.22	00:59:34.259		0.93199			4
2025.12.22	00:59:35.875		0.93198			4
2025.12.22	00:59:39.876		0.93200			4
2025.12.22	00:59:44.694		0.93197			4
2025.12.22	00:59:47.037		0.93198			4
2025.12.22	00:59:49.881		0.93197			4
2025.12.22	00:59:56.812		0.93198			4
2025.12.22	00:59:57.317	0.93127	0.93218			6
2025.12.22	00:59:57.619	0.93113				2
2025.12.22	00:59:58.388		0.93212			4
2025.12.22	00:59:58.740	0.93126	0.93213			6
2025.12.22	00:59:59.547		0.93214			4
2025.12.22	00:59:59.921	0.93130				2
2025.12.22	01:00:00.306	0.93098	0.93238			6
2025.12.22	01:00:00.620	0.93113	0.93212			6
2025.12.22	01:00:00.963	0.93116				2
2025.12.22	01:00:01.282	0.93120	0.93210			6
2025.12.22	01:00:01.603		0.93206			4
2025.12.22	01:00:01.919		0.93207			4
2025.12.22	01:00:02.251		0.93215			4
2025.12.22	01:00:02.560	0.93123				2
2025.12.22	01:00:02.882	0.93129	0.93214			6
2025.12.22	01:00:03.208	0.93130	0.93217			6
2025.12.22	01:00:03.548	0.93144	0.93214			6
2025.12.22	01:00:03.873	0.93114	0.93227			6
2025.12.22	01:00:04.174	0.93112	0.93228			6
2025.12.22	01:00:04.476	0.93111	0.93230			6
2025.12.22	01:00:05.087	0.93134				2
2025.12.22	01:00:05.397		0.93233			4
2025.12.22	01:00:05.704	0.93120	0.93231			6
2025.12.22	01:00:06.020	0.93140	0.93238			6
2025.12.22	01:00:06.326	0.93113				2
2025.12.22	01:00:06.632	0.93136				2
2025.12.22	01:00:06.943	0.93113				2
2025.12.22	01:00:07.249	0.93114	0.93237			6
2025.12.22	01:00:07.557	0.93159	0.93223			6
2025.12.22	01:00:08.442	0.93154	0.93226			6
2025.12.22	01:00:08.746		0.93228			4
2025.12.22	01:00:09.315	0.93150	0.93230			6
2025.12.22	01:00:09.999	0.93151				2
2025.12.22	01:00:12.157		0.93229			4
2025.12.22	01:00:12.463		0.93230			4
2025.12.22	01:00:13.486	0.93156	0.93225			6
2025.12.22	01:00:13.803	0.93157	0.93223			6
2025.12.22	01:00:14.226	0.93159	0.93220			6
2025.12.22	01:00:14.620	0.93155	0.93225			6
2025.12.22	01:00:14.921	0.93156	0.93224			6
2025.12.22	01:00:15.314	0.93158	0.93222			6
2025.12.22	01:00:16.004	0.93159				2
2025.12.22	01:00:16.331	0.93156				2
2025.12.22	01:00:16.639		0.93223			4
2025.12.22	01:00:16.940	0.93158	0.93221			6
2025.12.22	01:00:17.313	0.93156	0.93223			6
2025.12.22	01:00:17.850	0.93153	0.93225			6
2025.12.22	01:00:18.190	0.93146	0.93214			6
2025.12.22	01:00:18.492	0.93150	0.93215			6
2025.12.22	01:00:18.841	0.93148	0.93214			6
2025.12.22	01:00:20.370		0.93215			4
2025.12.22	01:00:20.788	0.93150	0.93217			6
2025.12.22	01:00:22.162	0.93155	0.93218			6
2025.12.22	01:00:24.053		0.93217			4
2025.12.22	01:00:29.855	0.93151	0.93218			6
2025.12.22	01:00:30.517		0.93224			4
2025.12.22	01:00:30.990	0.93143	0.93225			6
2025.12.22	01:00:32.387	0.93147	0.93219			6
2025.12.22	01:00:32.719	0.93154	0.93220			6
2025.12.22	01:00:33.471	0.93147	0.93219			6
2025.12.22	01:00:36.387	0.93141	0.93225			6
2025.12.22	01:00:39.530		0.93223			4
2025.12.22	01:00:40.261		0.93219			4
2025.12.22	01:00:42.150	0.93140	0.93218			6
2025.12.22	01:00:46.930	0.93153	0.93217			6
2025.12.22	01:00:49.828		0.93216			4
2025.12.22	01:00:51.162	0.93146	0.93214			6
2025.12.22	01:00:51.655		0.93213			4
2025.12.22	01:00:52.202	0.93144	0.93219			6
2025.12.22	01:00:52.657	0.93153	0.93214			6
2025.12.22	01:00:55.008		0.93211			4
2025.12.22	01:00:55.863	0.93147	0.93219			6
2025.12.22	01:00:56.485		0.93220			4
2025.12.22	01:00:57.141	0.93143	0.93214			6
2025.12.22	01:00:57.471	0.93145	0.93212			6
2025.12.22	01:00:59.354	0.93148				2
2025.12.22	01:01:00.170	0.93147	0.93215			6
2025.12.22	01:01:00.478	0.93143				2
2025.12.22	01:01:01.201	0.93146	0.93211			6
2025.12.22	01:01:01.504		0.93210			4
2025.12.22	01:01:02.156		0.93209			4
2025.12.22	01:01:12.727	0.93150				2
2025.12.22	01:01:16.486	0.93147				2
2025.12.22	01:01:22.377	0.93150	0.93208			6
2025.12.22	01:01:22.683	0.93148	0.93211			6
2025.12.22	01:01:26.764		0.93210			4
2025.12.22	01:01:27.343		0.93209			4
2025.12.22	01:01:27.868	0.93156				2
2025.12.22	01:01:28.912	0.93155				2
2025.12.22	01:01:30.376	0.93154				2
2025.12.22	01:01:32.455		0.93208			4
2025.12.22	01:01:32.784		0.93209			4
2025.12.22	01:01:37.703	0.93159				2
2025.12.22	01:01:38.504	0.93161				2
2025.12.22	01:01:39.055	0.93160	0.93208			6
2025.12.22	01:01:40.377	0.93162				2
2025.12.22	01:01:41.696	0.93154				2
2025.12.22	01:01:42.694	0.93158				2
2025.12.22	01:01:43.780	0.93159	0.93207			6
2025.12.22	01:01:44.156	0.93163	0.93208			6
2025.12.22	01:01:46.406		0.93220			4
2025.12.22	01:01:47.403	0.93164	0.93216			6
2025.12.22	01:01:51.969		0.93211			4
2025.12.22	01:01:53.518	0.93162	0.93212			6
2025.12.22	01:01:55.727	0.93164	0.93211			6
2025.12.22	01:01:56.377		0.93207			4
2025.12.22	01:01:56.680		0.93209			4
2025.12.22	01:01:57.457	0.93165	0.93210			6
2025.12.22	01:01:58.662		0.93213			4
2025.12.22	01:02:00.353	0.93156	0.93207			6
2025.12.22	01:02:01.381	0.93159				2
2025.12.22	01:02:02.891	0.93158				2
2025.12.22	01:02:05.563	0.93165	0.93213			6
2025.12.22	01:02:06.374		0.93209			4
2025.12.22	01:02:06.781	0.93153	0.93201			6
2025.12.22	01:02:15.388		0.93200			4
2025.12.22	01:02:16.537		0.93202			4
2025.12.22	01:02:18.403		0.93204			4
2025.12.22	01:02:23.455		0.93205			4
2025.12.22	01:02:24.855		0.93204			4
2025.12.22	01:02:27.868	0.93155				2
2025.12.22	01:02:43.514		0.93202			4
2025.12.22	01:02:47.434	0.93158	0.93203			6
2025.12.22	01:02:47.736	0.93156	0.93205			6
2025.12.22	01:02:50.316		0.93204			4
2025.12.22	01:02:57.654	0.93160				2
2025.12.22	01:02:58.133		0.93203			4
2025.12.22	01:03:00.354	0.93160	0.93204			6
2025.12.22	01:03:00.664		0.93205			4
2025.12.22	01:03:05.192		0.93203			4
2025.12.22	01:03:06.565		0.93202			4
2025.12.22	01:03:11.041		0.93203			4
2025.12.22	01:03:11.450		0.93202			4
2025.12.22	01:03:12.868	0.93157				2
2025.12.22	01:03:22.424		0.93201			4
2025.12.22	01:03:25.554		0.93200			4
2025.12.22	01:03:40.250		0.93201			4
2025.12.22	01:03:42.654		0.93200			4
2025.12.22	01:03:44.415		0.93201			4
2025.12.22	01:03:44.914		0.93200			4
2025.12.22	01:03:48.359	0.93156	0.93203			6
2025.12.22	01:03:48.666	0.93159				2
2025.12.22	01:03:52.372	0.93161				2
2025.12.22	01:03:55.889		0.93205			4
2025.12.22	01:03:56.784		0.93204			4
2025.12.22	01:04:01.144	0.93161				2
2025.12.22	01:04:05.177		0.93205			4
2025.12.22	01:04:06.238	0.93159	0.93203			6
2025.12.22	01:04:12.355		0.93202			4
2025.12.22	01:04:26.165		0.93204			4
2025.12.22	01:04:28.258		0.93203			4
2025.12.22	01:04:42.870	0.93158	0.93207			6
2025.12.22	01:04:44.771	0.93156	0.93208			6
2025.12.22	01:04:45.072	0.93159				2
2025.12.22	01:04:45.408	0.93156				2
2025.12.22	01:04:46.350	0.93157				2
2025.12.22	01:04:46.656	0.93161	0.93204			6
2025.12.22	01:04:57.870	0.93164				2
2025.12.22	01:05:00.365	0.93164				2
2025.12.22	01:05:00.674		0.93202			4
2025.12.22	01:05:01.642		0.93203			4
2025.12.22	01:05:03.356		0.93204			4
2025.12.22	01:05:03.659		0.93207			4
2025.12.22	01:05:06.836		0.93204			4
2025.12.22	01:05:07.255	0.93189	0.93195			6
2025.12.22	01:05:07.889	0.93188	0.93194			6
2025.12.22	01:05:10.677	0.93173	0.93217			6
2025.12.22	01:05:10.981	0.93167	0.93209			6
2025.12.22	01:05:17.756		0.93210			4
2025.12.22	01:05:18.212	0.93169				2
2025.12.22	01:05:20.256	0.93167				2
2025.12.22	01:05:22.442	0.93169				2
2025.12.22	01:05:23.202		0.93209			4
2025.12.22	01:05:23.724	0.93163				2
2025.12.22	01:05:25.256	0.93169	0.93207			6
2025.12.22	01:05:25.559	0.93163	0.93204			6
2025.12.22	01:05:26.257		0.93203			4
2025.12.22	01:05:26.560	0.93166	0.93208			6
2025.12.22	01:05:29.004		0.93207			4
2025.12.22	01:05:30.400		0.93208			4
2025.12.22	01:05:33.746	0.93164	0.93205			6
2025.12.22	01:05:35.825		0.93204			4
2025.12.22	01:05:38.536	0.93165	0.93196			6
2025.12.22	01:05:42.868	0.93158				2
2025.12.22	01:05:43.255		0.93195			4
2025.12.22	01:05:54.481		0.93194			4
2025.12.22	01:05:55.564		0.93193			4
2025.12.22	01:06:00.011	0.93158	0.93192			6
2025.12.22	01:06:01.316	0.93159				2
2025.12.22	01:06:01.620		0.93193			4
2025.12.22	01:06:07.553		0.93194			4
2025.12.22	01:06:09.055		0.93193			4
2025.12.22	01:06:12.682		0.93194			4
2025.12.22	01:06:26.374		0.93192			4
2025.12.22	01:06:33.091	0.93155	0.93191			6
2025.12.22	01:06:33.399	0.93163	0.93198			6
2025.12.22	01:06:33.733		0.93199			4
2025.12.22	01:06:34.049		0.93200			4
2025.12.22	01:06:35.273		0.93201			4
2025.12.22	01:06:37.224		0.93198			4
2025.12.22	01:06:38.065		0.93201			4
2025.12.22	01:06:38.582		0.93200			4
2025.12.22	01:06:40.729		0.93199			4
2025.12.22	01:06:41.453		0.93198			4
2025.12.22	01:06:55.132		0.93197			4
2025.12.22	01:06:55.480	0.93165	0.93200			6
2025.12.22	01:06:57.161		0.93199			4
2025.12.22	01:06:59.073	0.93163	0.93198			6
2025.12.22	01:07:00.655	0.93163				2
2025.12.22	01:07:07.225		0.93199			4
2025.12.22	01:07:08.403		0.93198			4
2025.12.22	01:07:12.266		0.93196			4
2025.12.22	01:07:15.382		0.93197			4
2025.12.22	01:07:18.512		0.93196			4
2025.12.22	01:07:20.154		0.93197			4
2025.12.22	01:07:23.646	0.93161				2
2025.12.22	01:07:25.035		0.93196			4
2025.12.22	01:07:47.972		0.93200			4
2025.12.22	01:07:48.507	0.93159	0.93201			6
2025.12.22	01:07:49.266		0.93198			4
2025.12.22	01:07:55.401	0.93161	0.93196			6
2025.12.22	01:07:55.857		0.93197			4
2025.12.22	01:08:00.053	0.93161				2
2025.12.22	01:08:03.825		0.93196			4
2025.12.22	01:08:06.353		0.93197			4
2025.12.22	01:08:07.820		0.93196			4
2025.12.22	01:08:08.383		0.93195			4
2025.12.22	01:08:18.376	0.93163				2
2025.12.22	01:08:22.055		0.93196			4
2025.12.22	01:08:22.677		0.93195			4
2025.12.22	01:08:23.575		0.93196			4
2025.12.22	01:08:27.266		0.93195			4
2025.12.22	01:08:31.092	0.93153	0.93190			6
2025.12.22	01:08:31.547		0.93188			4
2025.12.22	01:08:32.482	0.93157	0.93190			6
2025.12.22	01:08:33.097	0.93155				2
2025.12.22	01:08:33.491		0.93189			4
2025.12.22	01:08:33.863	0.93157	0.93191			6
2025.12.22	01:08:37.827		0.93190			4
2025.12.22	01:08:39.744	0.93155	0.93189			6
2025.12.22	01:08:41.442		0.93188			4
2025.12.22	01:08:43.982		0.93189			4
2025.12.22	01:08:44.283	0.93160	0.93192			6
2025.12.22	01:08:45.037	0.93155	0.93189			6
2025.12.22	01:08:47.727	0.93152	0.93188			6
2025.12.22	01:08:52.692		0.93187			4
2025.12.22	01:09:00.841	0.93152				2
2025.12.22	01:09:01.242	0.93150				2
2025.12.22	01:09:05.151	0.93152				2
2025.12.22	01:09:16.137		0.93188			4
2025.12.22	01:09:28.260	0.93154				2
2025.12.22	01:09:29.727		0.93189			4
2025.12.22	01:09:40.384	0.93156				2
2025.12.22	01:09:41.337		0.93191			4
2025.12.22	01:09:46.524		0.93190			4
2025.12.22	01:09:49.570		0.93191			4
2025.12.22	01:09:50.392	0.93157				2
2025.12.22	01:09:51.389		0.93192			4
2025.12.22	01:10:00.029	0.93157				2
2025.12.22	01:10:03.407	0.93156				2
2025.12.22	01:10:03.955		0.93193			4
2025.12.22	01:10:06.532	0.93154	0.93189			6
2025.12.22	01:10:06.838		0.93188			4
2025.12.22	01:10:09.120		0.93187			4
2025.12.22	01:10:15.382	0.93156	0.93188			6
2025.12.22	01:10:16.584		0.93187			4
2025.12.22	01:10:23.073		0.93189			4
2025.12.22	01:10:31.733		0.93188			4
2025.12.22	01:10:36.227	0.93152	0.93186			6
2025.12.22	01:10:43.554		0.93185			4
2025.12.22	01:10:43.878		0.93186			4
2025.12.22	01:10:45.928	0.93155				2
2025.12.22	01:10:46.915	0.93152				2
2025.12.22	01:10:47.427	0.93155				2
2025.12.22	01:10:55.904	0.93153	0.93187			6
2025.12.22	01:10:56.972		0.93188			4
2025.12.22	01:10:57.354		0.93189			4
2025.12.22	01:11:02.153	0.93153				2
2025.12.22	01:11:03.354		0.93188			4
2025.12.22	01:11:07.766		0.93189			4
2025.12.22	01:11:08.685		0.93191			4
2025.12.22	01:11:14.519		0.93190			4
2025.12.22	01:11:15.389	0.93155				2
2025.12.22	01:11:19.553		0.93187			4
2025.12.22	01:11:26.332		0.93190			4
2025.12.22	01:11:48.371		0.93189			4
2025.12.22	01:11:58.021	0.93153	0.93187			6
2025.12.22	01:12:00.355	0.93155				2
2025.12.22	01:12:01.592	0.93152	0.93186			6
2025.12.22	01:12:08.372		0.93185			4
2025.12.22	01:12:10.244	0.93154				2
2025.12.22	01:12:10.866	0.93151	0.93186			6
2025.12.22	01:12:11.183	0.93153				2
2025.12.22	01:12:23.756		0.93185			4
2025.12.22	01:12:24.214	0.93154				2
2025.12.22	01:12:29.546	0.93150				2
2025.12.22	01:12:33.489		0.93186			4
2025.12.22	01:12:38.402		0.93185			4
2025.12.22	01:12:43.506		0.93186			4
2025.12.22	01:12:47.739		0.93185			4
2025.12.22	01:12:48.465	0.93154				2
2025.12.22	01:12:48.769	0.93153	0.93186			6
2025.12.22	01:12:49.078	0.93154				2
2025.12.22	01:12:49.776	0.93151				2
2025.12.22	01:12:50.419	0.93154				2
2025.12.22	01:12:50.776	0.93151				2
2025.12.22	01:12:51.766		0.93185			4
2025.12.22	01:12:52.480	0.93150	0.93186			6
2025.12.22	01:12:53.260	0.93151	0.93187			6
2025.12.22	01:12:53.624	0.93155	0.93188			6
2025.12.22	01:12:55.178	0.93161				2
2025.12.22	01:13:01.855	0.93162				2
2025.12.22	01:13:02.759	0.93160				2
2025.12.22	01:13:03.543	0.93158				2
2025.12.22	01:13:06.326	0.93164				2
2025.12.22	01:13:07.468	0.93155	0.93190			6
2025.12.22	01:13:14.371	0.93157				2
2025.12.22	01:13:17.018	0.93158	0.93189			6
2025.12.22	01:13:17.325	0.93167	0.93190			6
2025.12.22	01:13:17.651	0.93168				2
2025.12.22	01:13:18.443	0.93164				2
2025.12.22	01:13:19.615	0.93165				2
2025.12.22	01:13:23.154	0.93166				2
2025.12.22	01:13:24.125	0.93167				2
2025.12.22	01:13:28.248	0.93166				2
2025.12.22	01:13:30.355	0.93167	0.93189			6
2025.12.22	01:13:32.284		0.93190			4
2025.12.22	01:13:38.813		0.93191			4
2025.12.22	01:13:39.503	0.93166	0.93190			6
2025.12.22	01:13:43.375		0.93189			4
2025.12.22	01:13:51.106	0.93167				2
2025.12.22	01:14:03.536	0.93165	0.93190			6
2025.12.22	01:14:05.103	0.93163				2
2025.12.22	01:14:10.008	0.93167				2
2025.12.22	01:14:11.363	0.93155				2
2025.12.22	01:14:13.098	0.93154	0.93189			6
2025.12.22	01:14:13.421	0.93167	0.93192			6
2025.12.22	01:14:14.383		0.93191			4
2025.12.22	01:14:15.340		0.93190			4
2025.12.22	01:14:16.028		0.93192			4
2025.12.22	01:14:20.507	0.93166				2
2025.12.22	01:14:23.286		0.93189			4
2025.12.22	01:14:24.371	0.93164				2
2025.12.22	01:14:24.707	0.93166				2
2025.12.22	01:14:28.123	0.93164				2
2025.12.22	01:14:28.549	0.93166				2
2025.12.22	01:14:32.874	0.93164				2
2025.12.22	01:14:36.931	0.93163				2
2025.12.22	01:14:37.241	0.93165				2
2025.12.22	01:14:37.552	0.93163				2
2025.12.22	01:14:38.277	0.93166	0.93191			6
2025.12.22	01:14:39.378		0.93190			4
2025.12.22	01:14:41.141		0.93191			4
2025.12.22	01:14:41.553		0.93194			4
2025.12.22	01:14:42.374		0.93192			4
2025.12.22	01:14:45.568	0.93167	0.93193			6
2025.12.22	01:14:46.652		0.93195			4
2025.12.22	01:14:46.963		0.93193			4
2025.12.22	01:14:47.687		0.93192			4
2025.12.22	01:14:48.106		0.93194			4
2025.12.22	01:14:51.354	0.93166				2
2025.12.22	01:14:53.454	0.93167	0.93193			6
2025.12.22	01:14:56.189		0.93191			4
2025.12.22	01:15:00.385	0.93157	0.93190			6
2025.12.22	01:15:01.126		0.93189			4
2025.12.22	01:15:01.462	0.93160				2
2025.12.22	01:15:01.775	0.93162				2
2025.12.22	01:15:02.391	0.93165	0.93190			6
2025.12.22	01:15:03.003	0.93166	0.93189			6
2025.12.22	01:15:03.309	0.93159				2
2025.12.22	01:15:03.647	0.93163	0.93188			6
2025.12.22	01:15:03.959	0.93164	0.93189			6
2025.12.22	01:15:04.332	0.93161	0.93190			6
2025.12.22	01:15:04.663	0.93165				2
2025.12.22	01:15:05.027	0.93160				2
2025.12.22	01:15:05.678	0.93163	0.93191			6
2025.12.22	01:15:05.982	0.93165				2
2025.12.22	01:15:06.301	0.93160				2
2025.12.22	01:15:06.697	0.93163	0.93189			6
2025.12.22	01:15:07.004	0.93165	0.93193			6
2025.12.22	01:15:07.318	0.93163	0.93190			6
2025.12.22	01:15:07.787	0.93168	0.93192			6
2025.12.22	01:15:08.142	0.93166				2
2025.12.22	01:15:08.461		0.93190			4
2025.12.22	01:15:08.971	0.93165	0.93191			6
2025.12.22	01:15:09.289	0.93167				2
2025.12.22	01:15:09.652	0.93164	0.93190			6
2025.12.22	01:15:09.971	0.93162				2
2025.12.22	01:15:10.290	0.93164				2
2025.12.22	01:15:10.694	0.93169				2
2025.12.22	01:15:11.006		0.93194			4
2025.12.22	01:15:11.456	0.93166	0.93191			6
2025.12.22	01:15:11.879	0.93167	0.93190			6
2025.12.22	01:15:12.288	0.93168	0.93189			6
2025.12.22	01:15:12.592	0.93166	0.93191			6
2025.12.22	01:15:12.915	0.93168	0.93190			6
2025.12.22	01:15:13.527	0.93166	0.93191			6
2025.12.22	01:15:13.889	0.93169				2
2025.12.22	01:15:14.287		0.93192			4
2025.12.22	01:15:15.602	0.93166	0.93188			6
2025.12.22	01:15:15.909	0.93163	0.93190			6
2025.12.22	01:15:16.821	0.93164				2
2025.12.22	01:15:17.348	0.93167				2
2025.12.22	01:15:17.733		0.93188			4
2025.12.22	01:15:18.038	0.93163	0.93190			6
2025.12.22	01:15:18.342	0.93164	0.93188			6
2025.12.22	01:15:18.706	0.93166	0.93189			6
2025.12.22	01:15:19.746		0.93188			4
2025.12.22	01:15:20.063	0.93164	0.93189			6
2025.12.22	01:15:20.587	0.93163	0.93190			6
2025.12.22	01:15:20.943	0.93164	0.93189			6
2025.12.22	01:15:22.661	0.93169				2
2025.12.22	01:15:23.018	0.93168				2
2025.12.22	01:15:23.694	0.93167				2
2025.12.22	01:15:24.050	0.93168				2
2025.12.22	01:15:24.731	0.93167				2
2025.12.22	01:15:25.087	0.93168				2
2025.12.22	01:15:25.962	0.93167	0.93190			6
2025.12.22	01:15:26.347	0.93168	0.93189			6
2025.12.22	01:15:27.255	0.93167				2
2025.12.22	01:15:27.999	0.93168				2
2025.12.22	01:15:28.301	0.93167				2
2025.12.22	01:15:29.200	0.93169	0.93188			6
2025.12.22	01:15:29.522	0.93168	0.93189			6
2025.12.22	01:15:30.335	0.93170	0.93188			6
2025.12.22	01:15:31.370	0.93169				2
2025.12.22	01:15:31.681	0.93168	0.93189			6
2025.12.22	01:15:32.763	0.93170				2
2025.12.22	01:15:33.149	0.93163	0.93191			6
2025.12.22	01:15:33.466	0.93162	0.93182			6
2025.12.22	01:15:34.189		0.93185			4
2025.12.22	01:15:34.591		0.93182			4
2025.12.22	01:15:34.902		0.93181			4
2025.12.22	01:15:35.222	0.93165	0.93186			6
2025.12.22	01:15:35.616	0.93164	0.93184			6
2025.12.22	01:15:36.007	0.93165	0.93187			6
2025.12.22	01:15:36.334		0.93186			4
2025.12.22	01:15:36.639	0.93164	0.93182			6
2025.12.22	01:15:37.172	0.93161	0.93181			6
2025.12.22	01:15:37.488	0.93164	0.93182			6
2025.12.22	01:15:38.526	0.93163	0.93186			6
2025.12.22	01:15:38.853	0.93165	0.93185			6
2025.12.22	01:15:39.246	0.93164	0.93182			6
2025.12.22	01:15:39.637	0.93163				2
2025.12.22	01:15:40.154	0.93164	0.93185			6
2025.12.22	01:15:40.478	0.93165				2
2025.12.22	01:15:40.803	0.93164	0.93182			6
2025.12.22	01:15:41.193	0.93165	0.93185			6
2025.12.22	01:15:41.501	0.93160	0.93180			6
2025.12.22	01:15:41.805	0.93163	0.93182			6
2025.12.22	01:15:42.229	0.93161	0.93180			6
2025.12.22	01:15:42.692		0.93182			4
2025.12.22	01:15:43.322	0.93159	0.93180			6
2025.12.22	01:15:43.719	0.93158	0.93183			6
2025.12.22	01:15:44.019	0.93162	0.93179			6
2025.12.22	01:15:44.665	0.93159	0.93178			6
2025.12.22	01:15:44.976	0.93163	0.93180			6
2025.12.22	01:15:45.279	0.93161				2
2025.12.22	01:15:45.598	0.93157	0.93179			6
2025.12.22	01:15:45.898	0.93153	0.93180			6
2025.12.22	01:15:46.252	0.93157	0.93178			6
2025.12.22	01:15:46.559	0.93153	0.93181			6
2025.12.22	01:15:46.870	0.93157				2
2025.12.22	01:15:47.179	0.93159	0.93178			6
2025.12.22	01:15:47.508	0.93154	0.93181			6
2025.12.22	01:15:47.907		0.93179			4
2025.12.22	01:15:48.217	0.93159	0.93180			6
2025.12.22	01:15:48.527		0.93181			4
2025.12.22	01:15:48.838	0.93157	0.93179			6
2025.12.22	01:15:49.142	0.93160	0.93180			6
2025.12.22	01:15:49.452		0.93181			4
2025.12.22	01:15:49.758	0.93156	0.93180			6
2025.12.22	01:15:50.087		0.93179			4
2025.12.22	01:15:50.400	0.93157	0.93180			6
2025.12.22	01:15:50.767	0.93163	0.93182			6
2025.12.22	01:15:51.089	0.93161	0.93183			6
2025.12.22	01:15:51.398	0.93162	0.93178			6
2025.12.22	01:15:51.714	0.93163	0.93180			6
2025.12.22	01:15:52.043	0.93156	0.93175			6
2025.12.22	01:15:52.364	0.93158	0.93180			6
2025.12.22	01:15:52.684	0.93157	0.93175			6
2025.12.22	01:15:52.999	0.93159	0.93180			6
2025.12.22	01:15:53.318	0.93160	0.93177			6
2025.12.22	01:15:53.632	0.93157	0.93173			6
2025.12.22	01:15:53.938	0.93160	0.93179			6
2025.12.22	01:15:54.258	0.93161	0.93178			6
2025.12.22	01:15:54.647	0.93158				2
2025.12.22	01:15:54.958	0.93157				2
2025.12.22	01:15:55.279	0.93160	0.93177			6
2025.12.22	01:15:55.597	0.93159	0.93178			6
2025.12.22	01:15:55.971	0.93158	0.93176			6
2025.12.22	01:15:56.280		0.93179			4
2025.12.22	01:15:56.582	0.93152	0.93176			6
2025.12.22	01:15:56.898	0.93154	0.93174			6
2025.12.22	01:15:57.262	0.93158	0.93175			6
2025.12.22	01:15:57.782		0.93177			4
2025.12.22	01:15:58.427		0.93181			4
2025.12.22	01:15:58.817	0.93159	0.93176			6
2025.12.22	01:15:59.131	0.93157	0.93182			6
2025.12.22	01:15:59.448	0.93159	0.93180			6
2025.12.22	01:15:59.758	0.93157	0.93178			6
2025.12.22	01:16:00.061	0.93153	0.93175			6
2025.12.22	01:16:00.363	0.93158	0.93174			6
2025.12.22	01:16:00.683	0.93156	0.93183			6
2025.12.22	01:16:00.989	0.93155	0.93174			6
2025.12.22	01:16:01.335	0.93156	0.93175			6
2025.12.22	01:16:01.673	0.93151	0.93174			6
2025.12.22	01:16:02.008	0.93159	0.93178			6
2025.12.22	01:16:02.316	0.93150	0.93174			6
2025.12.22	01:16:02.632	0.93159	0.93176			6
2025.12.22	01:16:02.938		0.93178			4
2025.12.22	01:16:03.242	0.93151	0.93174			6
2025.12.22	01:16:03.557	0.93155				2
2025.12.22	01:16:03.873	0.93158	0.93176			6
2025.12.22	01:16:04.179	0.93155	0.93174			6
2025.12.22	01:16:04.505	0.93159				2
2025.12.22	01:16:04.908	0.93151				2
2025.12.22	01:16:05.227	0.93159	0.93175			6
2025.12.22	01:16:05.543	0.93156	0.93178			6
2025.12.22	01:16:05.856	0.93153	0.93173			6
2025.12.22	01:16:06.158	0.93150	0.93174			6
2025.12.22	01:16:06.470	0.93155				2
2025.12.22	01:16:06.777	0.93158				2
2025.12.22	01:16:07.113	0.93154				2
2025.12.22	01:16:07.457	0.93158				2
2025.12.22	01:16:08.125	0.93153	0.93175			6
2025.12.22	01:16:08.492	0.93149	0.93174			6
2025.12.22	01:16:08.827	0.93153				2
2025.12.22	01:16:09.181	0.93149				2
2025.12.22	01:16:09.537	0.93157				2
2025.12.22	01:16:09.988		0.93172			4
2025.12.22	01:16:10.301	0.93148	0.93176			6
2025.12.22	01:16:10.723	0.93157	0.93174			6
2025.12.22	01:16:11.113		0.93173			4
2025.12.22	01:16:11.419	0.93151	0.93175			6
2025.12.22	01:16:11.736	0.93156	0.93174			6
2025.12.22	01:16:12.168	0.93153	0.93172			6
2025.12.22	01:16:12.478	0.93156	0.93176			6
2025.12.22	01:16:12.803	0.93151	0.93174			6
2025.12.22	01:16:13.118	0.93156	0.93172			6
2025.12.22	01:16:13.426	0.93154	0.93174			6
2025.12.22	01:16:13.739	0.93156	0.93173			6
2025.12.22	01:16:14.045	0.93154	0.93179			6
2025.12.22	01:16:14.362		0.93174			4
2025.12.22	01:16:14.697		0.93178			4
2025.12.22	01:16:15.018		0.93177			4
2025.12.22	01:16:15.363	0.93155				2
2025.12.22	01:16:15.799	0.93152	0.93169			6
2025.12.22	01:16:16.110	0.93153	0.93170			6
2025.12.22	01:16:16.443		0.93169			4
2025.12.22	01:16:17.292	0.93152	0.93172			6
2025.12.22	01:16:17.607	0.93154	0.93171			6
2025.12.22	01:16:18.240	0.93152	0.93168			6
2025.12.22	01:16:18.908	0.93154	0.93171			6
2025.12.22	01:16:19.275	0.93153	0.93168			6
2025.12.22	01:16:19.582	0.93154	0.93176			6
2025.12.22	01:16:19.907		0.93172			4
2025.12.22	01:16:20.312	0.93152	0.93168			6
2025.12.22	01:16:20.622		0.93167			4
2025.12.22	01:16:20.977	0.93153	0.93170			6
2025.12.22	01:16:21.348	0.93152	0.93168			6
2025.12.22	01:16:21.656	0.93153	0.93173			6
2025.12.22	01:16:22.018	0.93154	0.93172			6
2025.12.22	01:16:22.321	0.93153	0.93170			6
2025.12.22	01:16:22.663	0.93152	0.93169			6
2025.12.22	01:16:23.443	0.93153	0.93175			6
2025.12.22	01:16:23.758		0.93170			4
2025.12.22	01:16:24.106	0.93154	0.93171			6
2025.12.22	01:16:24.458	0.93153				2
2025.12.22	01:16:25.256		0.93175			4
2025.12.22	01:16:25.607	0.93152				2
2025.12.22	01:16:25.917	0.93151	0.93167			6
2025.12.22	01:16:26.294	0.93153	0.93171			6
2025.12.22	01:16:26.598	0.93151	0.93167			6
2025.12.22	01:16:26.957	0.93154	0.93168			6
2025.12.22	01:16:27.289	0.93152				2
2025.12.22	01:16:27.593	0.93151	0.93173			6
2025.12.22	01:16:27.913	0.93143	0.93167			6
2025.12.22	01:16:28.219	0.93153	0.93175			6
2025.12.22	01:16:28.954	0.93151	0.93168			6
2025.12.22	01:16:29.258		0.93169			4
2025.12.22	01:16:29.564	0.93152	0.93170			6
2025.12.22	01:16:29.923		0.93175			4
2025.12.22	01:16:30.312	0.93153	0.93167			6
2025.12.22	01:16:30.633	0.93147	0.93168			6
2025.12.22	01:16:30.941	0.93152	0.93167			6
2025.12.22	01:16:31.244		0.93168			4
2025.12.22	01:16:31.586	0.93148	0.93166			6
2025.12.22	01:16:31.998	0.93150				2
2025.12.22	01:16:32.307	0.93146	0.93168			6
2025.12.22	01:16:32.650	0.93151	0.93169			6
2025.12.22	01:16:33.056	0.93152	0.93168			6
2025.12.22	01:16:33.372	0.93151				2
2025.12.22	01:16:33.690	0.93153	0.93167			6
2025.12.22	01:16:34.171	0.93152				2
2025.12.22	01:16:34.478		0.93168			4
2025.12.22	01:16:34.837	0.93153	0.93167			6
2025.12.22	01:16:35.249	0.93147	0.93176			6
2025.12.22	01:16:35.560	0.93142	0.93165			6
2025.12.22	01:16:35.878	0.93138	0.93154			6
2025.12.22	01:16:36.182	0.93136	0.93152			6
2025.12.22	01:16:36.486	0.93130	0.93150			6
2025.12.22	01:16:36.792	0.93136	0.93151			6
2025.12.22	01:16:37.122	0.93132				2
2025.12.22	01:16:37.471	0.93133	0.93150			6
2025.12.22	01:16:37.800	0.93135	0.93152			6
2025.12.22	01:16:38.157	0.93136	0.93151			6
2025.12.22	01:16:38.477	0.93133	0.93150			6
2025.12.22	01:16:38.869		0.93151			4
2025.12.22	01:16:39.257	0.93129				2
2025.12.22	01:16:39.647	0.93136				2
2025.12.22	01:16:40.033	0.93129				2
2025.12.22	01:16:40.372	0.93134	0.93149			6
2025.12.22	01:16:40.681	0.93132	0.93151			6
2025.12.22	01:16:41.416	0.93135				2
2025.12.22	01:16:41.718	0.93128				2
2025.12.22	01:16:42.108	0.93132				2
2025.12.22	01:16:42.433	0.93130	0.93149			6
2025.12.22	01:16:42.759	0.93136	0.93151			6
2025.12.22	01:16:43.149	0.93135	0.93152			6
2025.12.22	01:16:43.532	0.93124	0.93150			6
2025.12.22	01:16:43.839	0.93132	0.93151			6
2025.12.22	01:16:44.182	0.93135	0.93152			6
2025.12.22	01:16:44.574	0.93132	0.93151			6
2025.12.22	01:16:45.478	0.93137	0.93150			6
2025.12.22	01:16:45.782	0.93133				2
2025.12.22	01:16:46.387		0.93151			4
2025.12.22	01:16:46.702	0.93134	0.93150			6
2025.12.22	01:16:47.025	0.93133	0.93151			6
2025.12.22	01:16:47.368	0.93136				2
2025.12.22	01:16:47.679	0.93129	0.93150			6
2025.12.22	01:16:48.064	0.93133				2
2025.12.22	01:16:48.406	0.93132	0.93151			6
2025.12.22	01:16:49.108		0.93149			4
2025.12.22	01:16:49.419		0.93151			4
2025.12.22	01:16:50.480	0.93136				2
2025.12.22	01:16:50.793	0.93129				2
2025.12.22	01:16:51.183	0.93131	0.93152			6
2025.12.22	01:16:51.514	0.93132	0.93151			6
2025.12.22	01:16:51.957	0.93136				2
2025.12.22	01:16:52.347	0.93125				2
2025.12.22	01:16:52.863	0.93136				2
2025.12.22	01:16:53.253	0.93123	0.93152			6
2025.12.22	01:16:53.566		0.93149			4
2025.12.22	01:16:53.891	0.93124	0.93151			6
2025.12.22	01:16:54.293	0.93123	0.93150			6
2025.12.22	01:16:54.599		0.93151			4
2025.12.22	01:16:54.939	0.93125				2
2025.12.22	01:16:55.248	0.93123	0.93150			6
2025.12.22	01:16:55.589	0.93127				2
2025.12.22	01:16:55.978		0.93151			4
2025.12.22	01:16:56.348	0.93131	0.93150			6
2025.12.22	01:16:56.752		0.93151			4
2025.12.22	01:16:57.058	0.93135				2
2025.12.22	01:16:57.360		0.93150			4
2025.12.22	01:16:57.662	0.93131				2
2025.12.22	01:16:58.019	0.93130	0.93151			6
2025.12.22	01:16:58.387		0.93152			4
2025.12.22	01:16:58.700	0.93136	0.93150			6
2025.12.22	01:16:59.086	0.93131	0.93151			6
2025.12.22	01:16:59.412	0.93125	0.93150			6
2025.12.22	01:16:59.734	0.93127				2
2025.12.22	01:17:00.122	0.93136				2
2025.12.22	01:17:00.432	0.93131				2
2025.12.22	01:17:01.162	0.93125				2
2025.12.22	01:17:02.197	0.93132	0.93149			6
2025.12.22	01:17:02.569	0.93127	0.93150			6
2025.12.22	01:17:02.922	0.93128	0.93149			6
2025.12.22	01:17:03.234	0.93125				2
2025.12.22	01:17:03.604	0.93135	0.93150			6
2025.12.22	01:17:04.011	0.93131				2
2025.12.22	01:17:04.346		0.93149			4
2025.12.22	01:17:04.657		0.93150			4
2025.12.22	01:17:05.072	0.93137	0.93152			6
2025.12.22	01:17:05.408	0.93135				2
2025.12.22	01:17:05.711		0.93150			4
2025.12.22	01:17:06.018	0.93131	0.93144			6
2025.12.22	01:17:06.342	0.93128	0.93146			6
2025.12.22	01:17:06.691	0.93131	0.93147			6
2025.12.22	01:17:07.347	0.93125	0.93148			6
2025.12.22	01:17:07.659	0.93135	0.93153			6
2025.12.22	01:17:07.962	0.93134	0.93149			6
2025.12.22	01:17:08.279	0.93125	0.93147			6
2025.12.22	01:17:08.586		0.93149			4
2025.12.22	01:17:08.903	0.93123	0.93146			6
2025.12.22	01:17:09.206		0.93148			4
2025.12.22	01:17:09.576		0.93146			4
2025.12.22	01:17:09.882	0.93126				2
2025.12.22	01:17:10.198	0.93128	0.93147			6
2025.12.22	01:17:10.502	0.93123	0.93148			6
2025.12.22	01:17:10.805	0.93132	0.93146			6
2025.12.22	01:17:11.119	0.93123	0.93144			6
2025.12.22	01:17:11.422		0.93143			4
2025.12.22	01:17:11.739	0.93132	0.93145			6
2025.12.22	01:17:12.047	0.93133	0.93148			6
2025.12.22	01:17:12.371		0.93152			4
2025.12.22	01:17:12.721		0.93151			4
2025.12.22	01:17:13.077	0.93134	0.93147			6
2025.12.22	01:17:13.660	0.93129	0.93146			6
2025.12.22	01:17:13.982	0.93128	0.93147			6
2025.12.22	01:17:14.586	0.93129	0.93146			6
2025.12.22	01:17:14.999	0.93128	0.93147			6
2025.12.22	01:17:15.346	0.93129	0.93146			6
2025.12.22	01:17:15.677	0.93133	0.93148			6
2025.12.22	01:17:15.978		0.93147			4
2025.12.22	01:17:16.290	0.93130				2
2025.12.22	01:17:16.596	0.93123	0.93146			6
2025.12.22	01:17:16.962	0.93130				2
2025.12.22	01:17:17.364	0.93133	0.93148			6
2025.12.22	01:17:17.678	0.93136	0.93155			6
2025.12.22	01:17:17.981	0.93127	0.93149			6
2025.12.22	01:17:18.286	0.93134	0.93150			6
2025.12.22	01:17:18.657	0.93129	0.93147			6
2025.12.22	01:17:19.047	0.93123	0.93149			6
2025.12.22	01:17:19.402	0.93125	0.93148			6
2025.12.22	01:17:19.723	0.93129	0.93147			6
2025.12.22	01:17:20.342	0.93124	0.93148			6
2025.12.22	01:17:20.987	0.93128				2
2025.12.22	01:17:21.352	0.93124				2
2025.12.22	01:17:21.753	0.93129	0.93147			6
2025.12.22	01:17:22.057	0.93128	0.93148			6
2025.12.22	01:17:22.394	0.93125	0.93147			6
2025.12.22	01:17:23.452	0.93134	0.93157			6
2025.12.22	01:17:23.757	0.93124	0.93146			6
2025.12.22	01:17:24.059	0.93133	0.93149			6
2025.12.22	01:17:24.371	0.93138	0.93151			6
2025.12.22	01:17:24.749	0.93134	0.93150			6
2025.12.22	01:17:25.137	0.93133	0.93151			6
2025.12.22	01:17:25.779	0.93137	0.93150			6
2025.12.22	01:17:26.149	0.93135	0.93152			6
2025.12.22	01:17:26.460	0.93131	0.93148			6
2025.12.22	01:17:26.779	0.93134				2
2025.12.22	01:17:27.209	0.93130	0.93151			6
2025.12.22	01:17:27.550	0.93132	0.93149			6
2025.12.22	01:17:28.376	0.93130	0.93151			6
2025.12.22	01:17:28.682	0.93133	0.93149			6
2025.12.22	01:17:29.838		0.93148			4
2025.12.22	01:17:30.562		0.93149			4
2025.12.22	01:17:30.888		0.93148			4
2025.12.22	01:17:31.574		0.93149			4
2025.12.22	01:17:31.912		0.93148			4
2025.12.22	01:17:32.611		0.93149			4
2025.12.22	01:17:32.959		0.93148			4
2025.12.22	01:17:33.645		0.93149			4
2025.12.22	01:17:33.993		0.93148			4
2025.12.22	01:17:34.683		0.93149			4
2025.12.22	01:17:35.030		0.93148			4
2025.12.22	01:17:35.388	0.93131	0.93150			6
2025.12.22	01:17:35.873	0.93132				2
2025.12.22	01:17:36.260	0.93129	0.93152			6
2025.12.22	01:17:36.650	0.93134	0.93151			6
2025.12.22	01:17:36.958	0.93132	0.93150			6
2025.12.22	01:17:37.297	0.93129	0.93152			6
2025.12.22	01:17:37.686	0.93134				2
2025.12.22	01:17:38.011	0.93133	0.93149			6
2025.12.22	01:17:38.349	0.93130	0.93152			6
2025.12.22	01:17:38.657	0.93132	0.93149			6
2025.12.22	01:17:38.981		0.93150			4
2025.12.22	01:17:39.373	0.93131	0.93153			6
2025.12.22	01:17:39.679	0.93135	0.93150			6
2025.12.22	01:17:40.005	0.93132				2
2025.12.22	01:17:40.339	0.93131	0.93151			6
2025.12.22	01:17:40.664	0.93133	0.93149			6
2025.12.22	01:17:40.980		0.93150			4
2025.12.22	01:17:41.378	0.93130	0.93151			6
2025.12.22	01:17:41.693	0.93132				2
2025.12.22	01:17:42.007	0.93134	0.93150			6
2025.12.22	01:17:42.698		0.93149			4
2025.12.22	01:17:43.007	0.93133	0.93150			6
2025.12.22	01:17:43.332	0.93134	0.93151			6
2025.12.22	01:17:43.662	0.93133	0.93150			6
2025.12.22	01:17:43.979	0.93132	0.93152			6
2025.12.22	01:17:44.301	0.93134	0.93151			6
2025.12.22	01:17:44.607	0.93132	0.93152			6
2025.12.22	01:17:44.936	0.93133	0.93151			6
2025.12.22	01:17:45.339	0.93134	0.93150			6
2025.12.22	01:17:45.659	0.93131	0.93156			6
2025.12.22	01:17:45.979	0.93133	0.93152			6
2025.12.22	01:17:46.377	0.93134	0.93151			6
2025.12.22	01:17:47.279	0.93133	0.93152			6
2025.12.22	01:17:47.612	0.93129	0.93154			6
2025.12.22	01:17:47.918	0.93133	0.93151			6
2025.12.22	01:17:48.315	0.93134				2
2025.12.22	01:17:49.701	0.93131	0.93154			6
2025.12.22	01:17:50.020	0.93134	0.93151			6
2025.12.22	01:17:50.388	0.93133	0.93152			6
2025.12.22	01:17:50.962	0.93134	0.93151			6
2025.12.22	01:17:51.264	0.93133	0.93153			6
2025.12.22	01:17:51.567	0.93134	0.93151			6
2025.12.22	01:17:52.301		0.93152			4
2025.12.22	01:17:52.689	0.93135	0.93151			6
2025.12.22	01:17:53.000		0.93152			4
2025.12.22	01:17:53.798	0.93132	0.93155			6
2025.12.22	01:17:54.144	0.93134	0.93153			6
2025.12.22	01:17:54.533	0.93135	0.93152			6
2025.12.22	01:17:54.848	0.93132	0.93155			6
2025.12.22	01:17:55.180	0.93134	0.93153			6
2025.12.22	01:17:55.569	0.93135	0.93152			6
2025.12.22	01:17:55.916	0.93130	0.93157			6
2025.12.22	01:17:56.220	0.93135	0.93152			6
2025.12.22	01:17:56.603	0.93134	0.93153			6
2025.12.22	01:17:56.951	0.93132	0.93155			6
2025.12.22	01:17:57.254	0.93135	0.93152			6
2025.12.22	01:17:57.963	0.93133	0.93154			6
2025.12.22	01:17:58.288	0.93135	0.93152			6
2025.12.22	01:17:58.676	0.93134	0.93153			6
2025.12.22	01:17:59.000	0.93133	0.93154			6
2025.12.22	01:17:59.684	0.93135	0.93152			6
2025.12.22	01:18:00.041	0.93132	0.93155			6
2025.12.22	01:18:00.363	0.93134	0.93153			6
2025.12.22	01:18:00.684		0.93152			4
2025.12.22	01:18:01.009	0.93135				2
2025.12.22	01:18:01.321	0.93134	0.93153			6
2025.12.22	01:18:01.626	0.93131	0.93158			6
2025.12.22	01:18:02.003	0.93133	0.93152			6
2025.12.22	01:18:02.825	0.93132				2
2025.12.22	01:18:03.862	0.93133				2
2025.12.22	01:18:04.863		0.93153			4
2025.12.22	01:18:05.172	0.93132	0.93152			6
2025.12.22	01:18:05.474	0.93133				2
2025.12.22	01:18:05.932	0.93132				2
2025.12.22	01:18:06.255		0.93151			4
2025.12.22	01:18:06.953		0.93152			4
2025.12.22	01:18:07.712	0.93130				2
2025.12.22	01:18:08.018	0.93131				2
2025.12.22	01:18:08.338	0.93132				2
2025.12.22	01:18:09.038	0.93131				2
2025.12.22	01:18:10.074		0.93153			4
2025.12.22	01:18:10.390		0.93152			4
2025.12.22	01:18:11.032	0.93128	0.93157			6
2025.12.22	01:18:11.357	0.93131	0.93152			6
2025.12.22	01:18:12.149	0.93132				2
2025.12.22	01:18:12.913	0.93130	0.93154			6
2025.12.22	01:18:13.235	0.93132	0.93152			6
2025.12.22	01:18:13.944	0.93131	0.93153			6
2025.12.22	01:18:14.259	0.93132	0.93152			6
2025.12.22	01:18:14.617	0.93133	0.93151			6
2025.12.22	01:18:15.031	0.93132	0.93155			6
2025.12.22	01:18:15.338	0.93136	0.93151			6
2025.12.22	01:18:15.642	0.93134	0.93152			6
2025.12.22	01:18:16.203	0.93137	0.93155			6
2025.12.22	01:18:16.536	0.93128	0.93153			6
2025.12.22	01:18:16.839	0.93127				2
2025.12.22	01:18:17.243	0.93133	0.93155			6
2025.12.22	01:18:17.575	0.93139	0.93153			6
2025.12.22	01:18:17.887	0.93135				2
2025.12.22	01:18:19.029	0.93136	0.93149			6
2025.12.22	01:18:19.372	0.93134	0.93151			6
2025.12.22	01:18:19.679	0.93135	0.93149			6
2025.12.22	01:18:20.483	0.93127				2
2025.12.22	01:18:20.934	0.93134				2
2025.12.22	01:18:21.253	0.93127	0.93151			6
2025.12.22	01:18:21.603	0.93128				2
2025.12.22	01:18:22.032	0.93126	0.93150			6
2025.12.22	01:18:22.421	0.93128				2
2025.12.22	01:18:22.731	0.93126				2
2025.12.22	01:18:23.069	0.93133	0.93151			6
2025.12.22	01:18:23.376	0.93126	0.93152			6
2025.12.22	01:18:23.681		0.93150			4
2025.12.22	01:18:23.997	0.93130	0.93151			6
2025.12.22	01:18:24.366	0.93126				2
2025.12.22	01:18:24.679	0.93130				2
2025.12.22	01:18:25.016	0.93125				2
2025.12.22	01:18:25.331	0.93130				2
2025.12.22	01:18:25.662	0.93126	0.93152			6
2025.12.22	01:18:25.982		0.93151			4
2025.12.22	01:18:26.312	0.93130				2
2025.12.22	01:18:26.691	0.93126				2
2025.12.22	01:18:27.091	0.93127				2
2025.12.22	01:18:27.476	0.93126	0.93152			6
2025.12.22	01:18:27.804	0.93125	0.93151			6
2025.12.22	01:18:28.127	0.93134				2
2025.12.22	01:18:28.777	0.93130				2
2025.12.22	01:18:29.149	0.93134				2
2025.12.22	01:18:29.533	0.93129	0.93152			6
2025.12.22	01:18:29.841	0.93125	0.93151			6
2025.12.22	01:18:30.593	0.93126				2
2025.12.22	01:18:30.898		0.93149			4
2025.12.22	01:18:31.237		0.93150			4
2025.12.22	01:18:31.545	0.93129	0.93151			6
2025.12.22	01:18:31.872	0.93126	0.93150			6
2025.12.22	01:18:32.204	0.93127	0.93149			6
2025.12.22	01:18:32.538	0.93131				2
2025.12.22	01:18:33.238	0.93127				2
2025.12.22	01:18:33.572	0.93126				2
2025.12.22	01:18:33.963		0.93150			4
2025.12.22	01:18:34.345		0.93149			4
2025.12.22	01:18:34.648	0.93127				2
2025.12.22	01:18:34.999	0.93126	0.93150			6
2025.12.22	01:18:35.345		0.93149			4
2025.12.22	01:18:36.039		0.93148			4
2025.12.22	01:18:36.683		0.93149			4
2025.12.22	01:18:37.848		0.93150			4
2025.12.22	01:18:38.159		0.93149			4
2025.12.22	01:18:38.888		0.93150			4
2025.12.22	01:18:39.279		0.93149			4
2025.12.22	01:18:40.053	0.93125	0.93151			6
2025.12.22	01:18:40.362		0.93149			4
2025.12.22	01:18:40.699	0.93133				2
2025.12.22	01:18:41.087	0.93128	0.93150			6
2025.12.22	01:18:41.477	0.93125	0.93149			6
2025.12.22	01:18:41.868	0.93128	0.93150			6
2025.12.22	01:18:42.253	0.93125				2
2025.12.22	01:18:42.644	0.93129	0.93149			6
2025.12.22	01:18:43.033	0.93125				2
2025.12.22	01:18:43.339	0.93130				2
2025.12.22	01:18:44.072	0.93124	0.93151			6
2025.12.22	01:18:44.380		0.93150			4
2025.12.22	01:18:44.717		0.93149			4
2025.12.22	01:18:45.108		0.93151			4
2025.12.22	01:18:45.497	0.93125	0.93150			6
2025.12.22	01:18:45.887		0.93149			4
2025.12.22	01:18:46.273		0.93151			4
2025.12.22	01:18:46.581		0.93150			4
2025.12.22	01:18:46.923		0.93149			4
2025.12.22	01:18:47.688	0.93121				2
2025.12.22	01:18:48.046	0.93124	0.93150			6
2025.12.22	01:18:50.292		0.93149			4
2025.12.22	01:18:50.601		0.93150			4
2025.12.22	01:18:51.715	0.93125				2
2025.12.22	01:18:52.464	0.93132	0.93151			6
2025.12.22	01:18:52.817	0.93124	0.93149			6
2025.12.22	01:18:53.579		0.93150			4
2025.12.22	01:18:53.922	0.93125				2
2025.12.22	01:18:54.308	0.93134				2
2025.12.22	01:18:54.697	0.93133				2
2025.12.22	01:18:55.089	0.93130	0.93149			6
2025.12.22	01:18:55.472	0.93125	0.93150			6
2025.12.22	01:18:55.781	0.93124				2
2025.12.22	01:18:56.122	0.93125				2
2025.12.22	01:18:56.819	0.93134	0.93149			6
2025.12.22	01:18:57.164	0.93125				2
2025.12.22	01:18:57.546		0.93150			4
2025.12.22	01:18:57.861		0.93149			4
2025.12.22	01:18:58.198	0.93124				2
2025.12.22	01:18:58.589	0.93134	0.93150			6
2025.12.22	01:18:58.900	0.93126				2
2025.12.22	01:18:59.232	0.93124	0.93149			6
2025.12.22	01:18:59.623	0.93133	0.93150			6
2025.12.22	01:18:59.962	0.93124				2
2025.12.22	01:19:00.273	0.93130	0.93154			6
2025.12.22	01:19:00.578	0.93125	0.93148			6
2025.12.22	01:19:00.892		0.93149			4
2025.12.22	01:19:01.307	0.93134				2
2025.12.22	01:19:01.619	0.93130	0.93150			6
2025.12.22	01:19:01.958	0.93134	0.93149			6
2025.12.22	01:19:02.348		0.93148			4
2025.12.22	01:19:02.652	0.93131	0.93149			6
2025.12.22	01:19:02.991	0.93134				2
2025.12.22	01:19:03.363	0.93135				2
2025.12.22	01:19:04.032	0.93130				2
2025.12.22	01:19:04.537	0.93131	0.93152			6
2025.12.22	01:19:04.840	0.93128				2
2025.12.22	01:19:05.185	0.93132	0.93148			6
2025.12.22	01:19:05.487	0.93130	0.93149			6
2025.12.22	01:19:05.833	0.93128	0.93151			6
2025.12.22	01:19:06.137	0.93132	0.93152			6
2025.12.22	01:19:06.490	0.93134	0.93151			6
2025.12.22	01:19:06.798	0.93135	0.93149			6
2025.12.22	01:19:07.143	0.93130				2
2025.12.22	01:19:07.788	0.93128	0.93153			6
2025.12.22	01:19:08.098	0.93133	0.93150			6
2025.12.22	01:19:08.437	0.93131	0.93149			6
2025.12.22	01:19:08.828	0.93135				2
2025.12.22	01:19:09.138	0.93128				2
2025.12.22	01:19:09.457	0.93127	0.93146			6
2025.12.22	01:19:09.850	0.93126	0.93148			6
2025.12.22	01:19:10.161	0.93131	0.93147			6
2025.12.22	01:19:10.560	0.93132	0.93146			6
2025.12.22	01:19:10.884	0.93130	0.93144			6
2025.12.22	01:19:11.198	0.93127	0.93147			6
2025.12.22	01:19:11.597	0.93132	0.93146			6
2025.12.22	01:19:11.937	0.93130	0.93144			6
2025.12.22	01:19:12.294	0.93127	0.93147			6
2025.12.22	01:19:12.613	0.93132	0.93145			6
2025.12.22	01:19:13.005	0.93128				2
2025.12.22	01:19:13.319	0.93129	0.93146			6
2025.12.22	01:19:13.623	0.93130	0.93145			6
2025.12.22	01:19:14.008	0.93127	0.93150			6
2025.12.22	01:19:14.317	0.93128	0.93146			6
2025.12.22	01:19:15.049		0.93150			4
2025.12.22	01:19:15.355	0.93138	0.93160			6
2025.12.22	01:19:15.672	0.93137	0.93157			6
2025.12.22	01:19:16.342	0.93147	0.93166			6
2025.12.22	01:19:16.646		0.93167			4
2025.12.22	01:19:16.993		0.93161			4
2025.12.22	01:19:17.318	0.93145	0.93162			6
2025.12.22	01:19:17.623	0.93142	0.93163			6
2025.12.22	01:19:17.932	0.93145				2
2025.12.22	01:19:18.288	0.93148	0.93164			6
2025.12.22	01:19:18.626	0.93149				2
2025.12.22	01:19:18.977	0.93150				2
2025.12.22	01:19:19.372	0.93142	0.93165			6
2025.12.22	01:19:19.677	0.93149	0.93164			6
2025.12.22	01:19:20.017		0.93163			4
2025.12.22	01:19:20.357	0.93150	0.93169			6
2025.12.22	01:19:20.659	0.93151	0.93168			6
2025.12.22	01:19:21.007	0.93144	0.93163			6
2025.12.22	01:19:21.397	0.93141				2
2025.12.22	01:19:21.702	0.93142	0.93164			6
2025.12.22	01:19:22.080		0.93162			4
2025.12.22	01:19:22.433		0.93163			4
2025.12.22	01:19:22.738		0.93164			4
2025.12.22	01:19:23.082		0.93163			4
2025.12.22	01:19:23.464		0.93167			4
2025.12.22	01:19:23.779	0.93152	0.93165			6
2025.12.22	01:19:24.089	0.93141				2
2025.12.22	01:19:24.406	0.93143	0.93166			6
2025.12.22	01:19:24.717	0.93144	0.93168			6
2025.12.22	01:19:25.038	0.93148	0.93164			6
2025.12.22	01:19:25.414	0.93141	0.93165			6
2025.12.22	01:19:25.789	0.93148	0.93167			6
2025.12.22	01:19:26.113	0.93139	0.93165			6
2025.12.22	01:19:26.447	0.93150	0.93164			6
2025.12.22	01:19:26.773	0.93143	0.93168			6
2025.12.22	01:19:27.079	0.93148	0.93165			6
2025.12.22	01:19:27.381	0.93140	0.93164			6
2025.12.22	01:19:27.748	0.93142	0.93166			6
2025.12.22	01:19:28.058	0.93151	0.93164			6
2025.12.22	01:19:28.784	0.93142	0.93167			6
2025.12.22	01:19:29.106	0.93150	0.93164			6
2025.12.22	01:19:29.412	0.93151				2
2025.12.22	01:19:29.842	0.93144	0.93168			6
2025.12.22	01:19:30.183	0.93146				2
2025.12.22	01:19:30.489	0.93144	0.93167			6
2025.12.22	01:19:30.810	0.93141	0.93164			6
2025.12.22	01:19:31.118	0.93142				2
2025.12.22	01:19:31.446	0.93141	0.93169			6
2025.12.22	01:19:31.759	0.93150	0.93164			6
2025.12.22	01:19:32.320	0.93145	0.93169			6
2025.12.22	01:19:32.659	0.93151	0.93164			6
2025.12.22	01:19:32.987	0.93145	0.93169			6
2025.12.22	01:19:33.299	0.93141	0.93166			6
2025.12.22	01:19:33.618	0.93147				2
2025.12.22	01:19:33.940	0.93150	0.93164			6
2025.12.22	01:19:34.345	0.93141	0.93166			6
2025.12.22	01:19:34.658	0.93142	0.93163			6
2025.12.22	01:19:35.004	0.93150	0.93164			6
2025.12.22	01:19:35.457	0.93144	0.93170			6
2025.12.22	01:19:35.786	0.93150	0.93163			6
2025.12.22	01:19:36.107	0.93144	0.93168			6
2025.12.22	01:19:36.416	0.93149	0.93165			6
2025.12.22	01:19:36.721	0.93151	0.93164			6
2025.12.22	01:19:37.058	0.93145	0.93165			6
2025.12.22	01:19:37.467	0.93142				2
2025.12.22	01:19:37.800	0.93148	0.93166			6
2025.12.22	01:19:38.118	0.93142	0.93165			6
2025.12.22	01:19:38.440	0.93148				2
2025.12.22	01:19:38.747	0.93145	0.93168			6
2025.12.22	01:19:39.056	0.93150	0.93164			6
2025.12.22	01:19:39.376	0.93142				2
2025.12.22	01:19:39.686	0.93140				2
2025.12.22	01:19:40.058	0.93149	0.93166			6
2025.12.22	01:19:40.364	0.93142	0.93164			6
2025.12.22	01:19:40.674	0.93141	0.93165			6
2025.12.22	01:19:40.978	0.93148	0.93167			6
2025.12.22	01:19:41.285	0.93151	0.93165			6
2025.12.22	01:19:41.617	0.93148	0.93164			6
2025.12.22	01:19:42.000	0.93150	0.93166			6
2025.12.22	01:19:42.392	0.93148	0.93165			6
2025.12.22	01:19:42.699		0.93164			4
2025.12.22	01:19:43.001	0.93147	0.93165			6
2025.12.22	01:19:43.302	0.93151				2
2025.12.22	01:19:43.687	0.93148				2
2025.12.22	01:19:44.076	0.93150	0.93166			6
2025.12.22	01:19:44.381		0.93165			4
2025.12.22	01:19:44.727	0.93146				2
2025.12.22	01:19:45.093	0.93150	0.93166			6
2025.12.22	01:19:45.398	0.93148				2
2025.12.22	01:19:45.756	0.93142				2
2025.12.22	01:19:46.152		0.93165			4
2025.12.22	01:19:46.522	0.93153	0.93172			6
2025.12.22	01:19:46.828		0.93170			4
2025.12.22	01:19:47.179	0.93152	0.93167			6
2025.12.22	01:19:47.577		0.93172			4
2025.12.22	01:19:47.967	0.93151	0.93168			6
2025.12.22	01:19:48.285	0.93152	0.93167			6
2025.12.22	01:19:48.743		0.93170			4
2025.12.22	01:19:49.132		0.93167			4
2025.12.22	01:19:49.522		0.93170			4
2025.12.22	01:19:49.912	0.93151	0.93168			6
2025.12.22	01:19:50.302	0.93152	0.93167			6
2025.12.22	01:19:50.817		0.93170			4
2025.12.22	01:19:51.208	0.93151	0.93168			6
2025.12.22	01:19:51.597	0.93152	0.93167			6
2025.12.22	01:19:51.987		0.93171			4
2025.12.22	01:19:52.371		0.93168			4
2025.12.22	01:19:52.678		0.93167			4
2025.12.22	01:19:53.022		0.93171			4
2025.12.22	01:19:53.414		0.93167			4
2025.12.22	01:19:53.797		0.93170			4
2025.12.22	01:19:54.188		0.93167			4
2025.12.22	01:19:54.602		0.93168			4
2025.12.22	01:19:54.968	0.93150	0.93165			6
2025.12.22	01:19:55.313	0.93151	0.93164			6
2025.12.22	01:19:55.618	0.93152	0.93175			6
2025.12.22	01:19:56.002	0.93153	0.93170			6
2025.12.22	01:19:59.133	0.93152	0.93169			6
2025.12.22	01:19:59.447	0.93149				2
2025.12.22	01:19:59.775	0.93148	0.93170			6
2025.12.22	01:20:00.146	0.93150	0.93169			6
2025.12.22	01:20:00.474		0.93167			4
2025.12.22	01:20:01.377	0.93149	0.93168			6
2025.12.22	01:20:03.373	0.93150	0.93166			6
2025.12.22	01:20:03.681	0.93149	0.93167			6
2025.12.22	01:20:04.443	0.93150	0.93168			6
2025.12.22	01:20:04.745	0.93149				2
2025.12.22	01:20:05.361	0.93150	0.93167			6
2025.12.22	01:20:05.681		0.93169			4
2025.12.22	01:20:06.035	0.93149	0.93171			6
2025.12.22	01:20:06.372		0.93168			4
2025.12.22	01:20:06.947	0.93150	0.93167			6
2025.12.22	01:20:07.728	0.93149				2
2025.12.22	01:20:08.742	0.93150	0.93168			6
2025.12.22	01:20:09.060	0.93149	0.93167			6
2025.12.22	01:20:09.702	0.93150	0.93168			6
2025.12.22	01:20:10.014		0.93167			4
2025.12.22	01:20:10.372	0.93149	0.93168			6
2025.12.22	01:20:10.770	0.93150				2
2025.12.22	01:20:11.122	0.93149	0.93169			6
2025.12.22	01:20:11.632	0.93150	0.93168			6
2025.12.22	01:20:11.997	0.93149	0.93169			6
2025.12.22	01:20:12.653	0.93150	0.93168			6
