<DATE>	<TIME>	<BID>	<ASK>	<LAST>	<VOLUME>	<FLAGS>
2025.11.07	00:03:31.508	0.93049	0.93230			6
2025.11.07	00:04:06.388	0.93049				2
2025.11.07	00:04:50.741		0.93230			4
2025.11.07	00:05:00.497	0.93049	0.93141			6
2025.11.07	00:06:00.601	0.93049	0.93142			6
2025.11.07	00:07:08.641	0.93049	0.93142			6
2025.11.07	00:08:02.281	0.93049				2
2025.11.07	00:08:08.837		0.93142			4
2025.11.07	00:08:52.162	0.93051				2
2025.11.07	00:09:06.052	0.93051				2
2025.11.07	00:09:12.346		0.93142			4
2025.11.07	00:09:38.989	0.93056				2
2025.11.07	00:09:44.349	0.93049				2
2025.11.07	00:10:00.386	0.93049				2
2025.11.07	00:10:01.052	0.93043				2
2025.11.07	00:10:07.649	0.93041				2
2025.11.07	00:10:08.320	0.93040				2
2025.11.07	00:10:08.659	0.93043				2
2025.11.07	00:10:12.767	0.93052	0.93193			6
2025.11.07	00:10:18.875	0.93050	0.93195			6
2025.11.07	00:10:20.478	0.93051	0.93194			6
2025.11.07	00:10:31.750	0.93050				2
2025.11.07	00:10:34.007	0.93053	0.93191			6
2025.11.07	00:10:34.312	0.93051	0.93193			6
2025.11.07	00:11:00.007	0.93051				2
2025.11.07	00:11:05.172	0.93049	0.93181			6
2025.11.07	00:11:06.090		0.93142			4
2025.11.07	00:11:07.492	0.93050	0.93180			6
2025.11.07	00:11:08.487	0.93049	0.93142			6
2025.11.07	00:11:13.858	0.93051	0.93208			6
2025.11.07	00:11:14.465	0.93049	0.93142			6
2025.11.07	00:11:19.900	0.93050	0.93200			6
2025.11.07	00:11:20.588	0.93051	0.93199			6
2025.11.07	00:11:20.892	0.93049	0.93142			6
2025.11.07	00:11:26.111	0.93051	0.93199			6
2025.11.07	00:11:26.808	0.93049	0.93142			6
2025.11.07	00:11:32.431	0.93051	0.93199			6
2025.11.07	00:11:33.387	0.93049	0.93142			6
2025.11.07	00:12:02.283	0.93049				2
2025.11.07	00:12:44.978		0.93142			4
2025.11.07	00:13:00.278	0.93049				2
2025.11.07	00:13:48.109		0.93142			4
2025.11.07	00:14:00.623	0.93049				2
2025.11.07	00:14:49.368	0.93054	0.93142			6
2025.11.07	00:15:02.135	0.93049				2
2025.11.07	00:15:03.414	0.93054				2
2025.11.07	00:15:53.150		0.93142			4
2025.11.07	00:16:01.415	0.93054				2
2025.11.07	00:16:23.587	0.93057				2
2025.11.07	00:16:24.520	0.93055				2
2025.11.07	00:16:29.689	0.93053				2
2025.11.07	00:16:55.479		0.93142			4
2025.11.07	00:17:02.897	0.93053				2
2025.11.07	00:17:55.596		0.93142			4
2025.11.07	00:18:01.410	0.93053				2
2025.11.07	00:18:20.838	0.93056				2
2025.11.07	00:19:04.478	0.93056	0.93142			6
2025.11.07	00:19:08.736	0.93053				2
2025.11.07	00:20:01.410	0.93053				2
2025.11.07	00:20:05.956		0.93142			4
2025.11.07	00:21:00.102	0.93053	0.93157			6
2025.11.07	00:21:07.683	0.93070				2
2025.11.07	00:21:08.316	0.93071				2
2025.11.07	00:21:08.671	0.93069				2
2025.11.07	00:21:09.128	0.93070	0.93155			6
2025.11.07	00:21:09.529	0.93069				2
2025.11.07	00:21:09.971	0.93070				2
2025.11.07	00:21:10.352	0.93069				2
2025.11.07	00:21:10.854	0.93071				2
2025.11.07	00:21:11.278	0.93067				2
2025.11.07	00:21:13.181	0.93068				2
2025.11.07	00:21:13.648	0.93064				2
2025.11.07	00:21:15.215	0.93065				2
2025.11.07	00:21:15.569	0.93064				2
2025.11.07	00:21:16.347	0.93065				2
2025.11.07	00:21:17.001	0.93064				2
2025.11.07	00:21:17.479	0.93067				2
2025.11.07	00:21:18.098	0.93068				2
2025.11.07	00:21:18.451	0.93067				2
2025.11.07	00:21:18.882	0.93068				2
2025.11.07	00:21:20.026	0.93069				2
2025.11.07	00:21:20.340	0.93068				2
2025.11.07	00:21:20.643	0.93069				2
2025.11.07	00:21:24.950	0.93060	0.93158			6
2025.11.07	00:21:26.503	0.93061				2
2025.11.07	00:21:27.731	0.93060				2
2025.11.07	00:21:28.162	0.93061				2
2025.11.07	00:21:28.486	0.93060				2
2025.11.07	00:21:28.921	0.93061				2
2025.11.07	00:21:30.392	0.93060				2
2025.11.07	00:21:32.648	0.93059	0.93156			6
2025.11.07	00:21:33.043	0.93057	0.93151			6
2025.11.07	00:21:34.066	0.93056	0.93150			6
2025.11.07	00:21:38.497	0.93057				2
2025.11.07	00:21:43.695	0.93076				2
2025.11.07	00:21:46.236	0.93056				2
2025.11.07	00:21:48.877	0.93058	0.93151			6
2025.11.07	00:21:51.249	0.93075				2
2025.11.07	00:22:05.236	0.93075				2
2025.11.07	00:22:09.178		0.93157			4
2025.11.07	00:22:10.477	0.93074				2
2025.11.07	00:22:13.823	0.93088				2
2025.11.07	00:22:14.169	0.93059				2
2025.11.07	00:22:18.278	0.93060				2
2025.11.07	00:22:23.157	0.93089				2
2025.11.07	00:22:23.587	0.93082				2
2025.11.07	00:22:28.490	0.93057				2
2025.11.07	00:23:02.604	0.93057				2
2025.11.07	00:23:09.256		0.93157			4
2025.11.07	00:23:53.300	0.93060	0.93160			6
2025.11.07	00:24:01.133	0.93060				2
2025.11.07	00:24:04.020		0.93152			4
2025.11.07	00:24:28.159	0.93062				2
2025.11.07	00:24:32.577	0.93060				2
2025.11.07	00:24:39.346	0.93059	0.93159			6
2025.11.07	00:25:00.208	0.93059				2
2025.11.07	00:25:39.809		0.93159			4
2025.11.07	00:26:00.280	0.93059				2
2025.11.07	00:26:42.297		0.93159			4
2025.11.07	00:27:08.088	0.93059				2
2025.11.07	00:27:46.777		0.93159			4
2025.11.07	00:28:00.279	0.93059				2
2025.11.07	00:28:03.950	0.93060	0.93152			6
2025.11.07	00:28:24.399		0.93160			4
2025.11.07	00:28:33.797	0.93061	0.93152			6
2025.11.07	00:28:54.347	0.93060	0.93161			6
2025.11.07	00:29:01.040	0.93060				2
2025.11.07	00:29:01.682	0.93062				2
2025.11.07	00:29:06.049	0.93064	0.93164			6
2025.11.07	00:29:18.878	0.93065	0.93151			6
2025.11.07	00:29:39.284	0.93064	0.93164			6
2025.11.07	00:29:50.503	0.93047	0.93148			6
2025.11.07	00:30:00.276	0.93047				2
2025.11.07	00:30:01.630	0.93072	0.93152			6
2025.11.07	00:30:08.516	0.93075				2
2025.11.07	00:30:09.537	0.93077				2
2025.11.07	00:30:10.051	0.93078				2
2025.11.07	00:30:10.665	0.93080	0.93151			6
2025.11.07	00:30:11.491	0.93081				2
2025.11.07	00:30:16.891		0.93149			4
2025.11.07	00:30:17.395	0.93082				2
2025.11.07	00:30:17.902	0.93073	0.93150			6
2025.11.07	00:30:18.669	0.93078	0.93149			6
2025.11.07	00:30:19.059	0.93076	0.93150			6
2025.11.07	00:30:20.380		0.93156			4
2025.11.07	00:30:22.278	0.93070	0.93147			6
2025.11.07	00:30:23.724	0.93056	0.93148			6
2025.11.07	00:30:39.492	0.93058				2
2025.11.07	00:30:40.175	0.93062				2
2025.11.07	00:30:44.575	0.93063				2
2025.11.07	00:30:45.014	0.93061				2
2025.11.07	00:30:46.078	0.93063				2
2025.11.07	00:30:48.094	0.93075	0.93146			6
2025.11.07	00:30:48.578	0.93063	0.93148			6
2025.11.07	00:30:50.194	0.93073	0.93147			6
2025.11.07	00:30:50.582	0.93067				2
2025.11.07	00:30:51.208	0.93062	0.93148			6
2025.11.07	00:30:52.574	0.93072	0.93147			6
2025.11.07	00:30:56.511	0.93071				2
2025.11.07	00:30:58.151	0.93056	0.93148			6
2025.11.07	00:31:00.427	0.93056				2
2025.11.07	00:31:00.926	0.93070	0.93147			6
2025.11.07	00:31:01.402	0.93057	0.93148			6
2025.11.07	00:31:02.899	0.93068	0.93147			6
2025.11.07	00:31:03.966	0.93056	0.93148			6
2025.11.07	00:31:15.431	0.93066	0.93147			6
2025.11.07	00:31:17.942	0.93056	0.93148			6
2025.11.07	00:31:51.442		0.93149			4
2025.11.07	00:31:57.278	0.93055	0.93155			6
2025.11.07	00:32:00.110	0.93055				2
2025.11.07	00:32:04.294	0.93056	0.93149			6
2025.11.07	00:32:27.471	0.93055	0.93156			6
2025.11.07	00:33:00.428	0.93055				2
2025.11.07	00:33:27.877		0.93156			4
2025.11.07	00:34:00.458	0.93055				2
2025.11.07	00:34:00.960	0.93064	0.93158			6
2025.11.07	00:34:07.142	0.93065	0.93149			6
2025.11.07	00:34:21.408	0.93058				2
2025.11.07	00:34:42.424	0.93056	0.93159			6
2025.11.07	00:34:52.278	0.93057	0.93149			6
2025.11.07	00:35:00.365	0.93057				2
2025.11.07	00:35:12.281	0.93056	0.93159			6
2025.11.07	00:35:19.520		0.93156			4
2025.11.07	00:35:22.280	0.93057	0.93149			6
2025.11.07	00:35:36.128	0.93077				2
2025.11.07	00:35:36.498	0.93079				2
2025.11.07	00:35:36.969	0.93083				2
2025.11.07	00:35:39.230	0.93086				2
2025.11.07	00:35:40.051	0.93087				2
2025.11.07	00:35:40.899	0.93091				2
2025.11.07	00:35:42.470	0.93080				2
2025.11.07	00:35:45.319	0.93084				2
2025.11.07	00:35:47.311	0.93087				2
2025.11.07	00:35:49.517	0.93080				2
2025.11.07	00:35:50.031	0.93081				2
2025.11.07	00:35:52.210	0.93080				2
2025.11.07	00:35:52.722	0.93083				2
2025.11.07	00:35:55.778	0.93078				2
2025.11.07	00:35:57.775	0.93086				2
2025.11.07	00:35:58.487	0.93083				2
2025.11.07	00:35:59.806	0.93090				2
2025.11.07	00:36:00.530	0.93090				2
2025.11.07	00:36:01.007	0.93080				2
2025.11.07	00:36:01.521	0.93081				2
2025.11.07	00:36:02.078	0.93086				2
2025.11.07	00:36:07.209	0.93087				2
2025.11.07	00:36:22.284		0.93149			4
2025.11.07	00:36:42.562	0.93086				2
2025.11.07	00:36:45.961	0.93087				2
2025.11.07	00:36:52.154	0.93088				2
2025.11.07	00:36:52.779	0.93090				2
2025.11.07	00:37:00.238	0.93090				2
2025.11.07	00:37:01.926	0.93089				2
2025.11.07	00:37:02.377	0.93090				2
2025.11.07	00:37:03.760	0.93094				2
2025.11.07	00:37:04.080	0.93089				2
2025.11.07	00:37:05.343	0.93090				2
2025.11.07	00:37:09.300	0.93089				2
2025.11.07	00:37:10.155	0.93090				2
2025.11.07	00:37:12.180	0.93088				2
2025.11.07	00:37:15.599	0.93089				2
2025.11.07	00:37:17.577	0.93090				2
2025.11.07	00:37:20.678	0.93089				2
2025.11.07	00:37:22.742	0.93090	0.93149			6
2025.11.07	00:37:31.527	0.93086				2
2025.11.07	00:37:32.281	0.93089				2
2025.11.07	00:37:40.777	0.93087				2
2025.11.07	00:37:41.081	0.93086				2
2025.11.07	00:37:42.025	0.93089				2
2025.11.07	00:37:42.980	0.93087				2
2025.11.07	00:37:43.367	0.93089				2
2025.11.07	00:37:46.004	0.93090				2
2025.11.07	00:37:50.838	0.93083				2
2025.11.07	00:37:51.205	0.93090				2
2025.11.07	00:37:53.678	0.93089				2
2025.11.07	00:37:57.184	0.93090				2
2025.11.07	00:38:00.409	0.93090				2
2025.11.07	00:38:01.020	0.93088				2
2025.11.07	00:38:01.384	0.93072				2
2025.11.07	00:38:01.687	0.93081				2
2025.11.07	00:38:02.008	0.93082				2
2025.11.07	00:38:02.349	0.93085				2
2025.11.07	00:38:02.965	0.93079				2
2025.11.07	00:38:03.638	0.93085				2
2025.11.07	00:38:03.939	0.93088				2
2025.11.07	00:38:04.243	0.93090				2
2025.11.07	00:38:07.245	0.93081				2
2025.11.07	00:38:07.556	0.93084				2
2025.11.07	00:38:07.967	0.93088				2
2025.11.07	00:38:10.012	0.93082				2
2025.11.07	00:38:10.318	0.93083				2
2025.11.07	00:38:10.640	0.93088				2
2025.11.07	00:38:12.200	0.93071				2
2025.11.07	00:38:12.886	0.93078				2
2025.11.07	00:38:13.390	0.93085				2
2025.11.07	00:38:13.723	0.93087				2
2025.11.07	00:38:14.094	0.93089				2
2025.11.07	00:38:14.778	0.93073				2
2025.11.07	00:38:15.896	0.93078				2
2025.11.07	00:38:16.333	0.93085				2
2025.11.07	00:38:16.640	0.93088				2
2025.11.07	00:38:17.920	0.93078				2
2025.11.07	00:38:18.423	0.93087				2
2025.11.07	00:38:18.920	0.93088				2
2025.11.07	00:38:19.420	0.93087				2
2025.11.07	00:38:19.926	0.93076				2
2025.11.07	00:38:20.423	0.93083				2
2025.11.07	00:38:20.781	0.93086				2
2025.11.07	00:38:21.100	0.93087				2
2025.11.07	00:38:21.406	0.93072				2
2025.11.07	00:38:21.920	0.93078				2
2025.11.07	00:38:23.050		0.93149			4
2025.11.07	00:38:25.928	0.93079				2
2025.11.07	00:38:26.238	0.93078				2
2025.11.07	00:38:27.424	0.93069				2
2025.11.07	00:38:42.248	0.93068				2
2025.11.07	00:38:58.424	0.93073				2
2025.11.07	00:38:58.923	0.93077				2
2025.11.07	00:39:00.488	0.93077				2
2025.11.07	00:39:20.786	0.93078				2
2025.11.07	00:39:24.807		0.93149			4
2025.11.07	00:39:53.966	0.93077	0.93152			6
2025.11.07	00:39:56.698	0.93078	0.93149			6
2025.11.07	00:39:57.014	0.93077	0.93152			6
2025.11.07	00:39:57.718	0.93078	0.93149			6
2025.11.07	00:40:00.469	0.93077	0.93158			6
2025.11.07	00:40:01.463	0.93078	0.93149			6
2025.11.07	00:40:08.077		0.93150			4
2025.11.07	00:40:08.738		0.93149			4
2025.11.07	00:40:10.778		0.93150			4
2025.11.07	00:40:17.718		0.93149			4
2025.11.07	00:40:21.799	0.93081				2
2025.11.07	00:40:29.978	0.93082				2
2025.11.07	00:40:36.211	0.93078				2
2025.11.07	00:40:37.783	0.93077	0.93158			6
2025.11.07	00:40:39.536	0.93084				2
2025.11.07	00:40:41.978	0.93085				2
2025.11.07	00:40:42.345		0.93151			4
2025.11.07	00:40:42.719		0.93153			4
2025.11.07	00:40:43.601		0.93159			4
2025.11.07	00:40:44.718		0.93149			4
2025.11.07	00:40:47.501	0.93084				2
2025.11.07	00:40:48.025	0.93083				2
2025.11.07	00:40:55.191		0.93151			4
2025.11.07	00:40:56.061	0.93084	0.93149			6
2025.11.07	00:40:57.285		0.93150			4
2025.11.07	00:40:57.884	0.93083				2
2025.11.07	00:40:58.288		0.93149			4
2025.11.07	00:40:59.316		0.93150			4
2025.11.07	00:40:59.979		0.93149			4
2025.11.07	00:41:00.577	0.93083	0.93151			6
2025.11.07	00:41:02.076	0.93084	0.93149			6
2025.11.07	00:41:02.435	0.93077				2
2025.11.07	00:41:03.076	0.93078				2
2025.11.07	00:41:05.122	0.93074				2
2025.11.07	00:41:05.496	0.93078				2
2025.11.07	00:41:07.285	0.93077				2
2025.11.07	00:41:07.606	0.93081				2
2025.11.07	00:41:08.225	0.93080				2
2025.11.07	00:41:08.556	0.93082				2
2025.11.07	00:41:08.878	0.93078				2
2025.11.07	00:41:09.184	0.93082				2
2025.11.07	00:41:09.620	0.93083				2
2025.11.07	00:41:10.885	0.93078				2
2025.11.07	00:41:11.193	0.93083				2
2025.11.07	00:41:12.913	0.93079				2
2025.11.07	00:41:13.248	0.93081				2
2025.11.07	00:41:13.558	0.93083				2
2025.11.07	00:41:13.870	0.93077				2
2025.11.07	00:41:14.181	0.93074				2
2025.11.07	00:41:14.484	0.93075				2
2025.11.07	00:41:16.096	0.93076				2
2025.11.07	00:41:16.538	0.93073				2
2025.11.07	00:41:16.875	0.93076				2
2025.11.07	00:41:17.514	0.93077				2
2025.11.07	00:41:20.475	0.93081				2
2025.11.07	00:41:20.797	0.93074				2
2025.11.07	00:41:21.104	0.93077				2
2025.11.07	00:41:22.456	0.93074				2
2025.11.07	00:41:23.075	0.93077				2
2025.11.07	00:41:23.477	0.93078				2
2025.11.07	00:41:24.163	0.93074				2
2025.11.07	00:41:24.476	0.93077				2
2025.11.07	00:41:24.808	0.93075				2
2025.11.07	00:41:25.110	0.93077				2
2025.11.07	00:41:25.470	0.93079				2
2025.11.07	00:41:26.419	0.93075				2
2025.11.07	00:41:26.977	0.93080				2
2025.11.07	00:41:27.480	0.93077				2
2025.11.07	00:41:27.911	0.93079				2
2025.11.07	00:41:28.747	0.93075				2
2025.11.07	00:41:29.420	0.93076				2
2025.11.07	00:41:29.759	0.93079				2
2025.11.07	00:41:30.369	0.93080				2
2025.11.07	00:41:30.679	0.93082				2
2025.11.07	00:41:30.992	0.93083	0.93151			6
2025.11.07	00:41:31.313	0.93079	0.93159			6
2025.11.07	00:41:31.618	0.93081	0.93151			6
2025.11.07	00:41:31.928	0.93082	0.93161			6
2025.11.07	00:41:32.230	0.93081	0.93149			6
2025.11.07	00:41:32.538	0.93078				2
2025.11.07	00:41:32.841		0.93151			4
2025.11.07	00:41:33.146		0.93149			4
2025.11.07	00:41:33.474	0.93077				2
2025.11.07	00:41:33.779	0.93078	0.93150			6
2025.11.07	00:41:34.086	0.93079				2
2025.11.07	00:41:34.397	0.93081	0.93149			6
2025.11.07	00:41:35.477	0.93080				2
2025.11.07	00:41:35.786	0.93081				2
2025.11.07	00:41:36.477	0.93079				2
2025.11.07	00:41:36.780	0.93080				2
2025.11.07	00:41:37.310	0.93082				2
2025.11.07	00:41:37.619	0.93080	0.93154			6
2025.11.07	00:41:37.929	0.93081	0.93149			6
2025.11.07	00:41:38.234	0.93082				2
2025.11.07	00:41:38.551	0.93083				2
2025.11.07	00:41:39.178	0.93082				2
2025.11.07	00:41:39.556	0.93083				2
2025.11.07	00:41:40.009	0.93082				2
2025.11.07	00:41:43.547	0.93080				2
2025.11.07	00:41:45.680	0.93082				2
2025.11.07	00:41:46.268	0.93081				2
2025.11.07	00:41:46.580	0.93083				2
2025.11.07	00:41:46.884	0.93082				2
2025.11.07	00:41:47.556	0.93083				2
2025.11.07	00:41:47.909	0.93080				2
2025.11.07	00:41:48.218	0.93081				2
2025.11.07	00:41:48.521	0.93083	0.93150			6
2025.11.07	00:41:48.855	0.93082	0.93149			6
2025.11.07	00:41:49.236	0.93080	0.93151			6
2025.11.07	00:41:49.539	0.93081	0.93150			6
2025.11.07	00:41:50.275	0.93084				2
2025.11.07	00:41:50.578	0.93078	0.93149			6
2025.11.07	00:41:51.054	0.93081				2
2025.11.07	00:41:51.560	0.93080	0.93162			6
2025.11.07	00:41:51.879	0.93083	0.93149			6
2025.11.07	00:41:52.289	0.93079				2
2025.11.07	00:41:52.994	0.93081				2
2025.11.07	00:41:53.363	0.93082				2
2025.11.07	00:41:54.476	0.93079				2
2025.11.07	00:41:54.778	0.93078				2
2025.11.07	00:41:55.085	0.93081				2
2025.11.07	00:41:55.400	0.93082	0.93151			6
2025.11.07	00:41:56.035	0.93083				2
2025.11.07	00:41:56.448	0.93082	0.93150			6
2025.11.07	00:41:56.770	0.93079	0.93151			6
2025.11.07	00:41:57.509	0.93081	0.93159			6
2025.11.07	00:41:58.014	0.93082				2
2025.11.07	00:41:58.510		0.93162			4
2025.11.07	00:41:58.813	0.93077	0.93149			6
2025.11.07	00:42:00.271	0.93080				2
2025.11.07	00:42:00.580	0.93077				2
2025.11.07	00:42:00.961	0.93071				2
2025.11.07	00:42:01.271	0.93072				2
2025.11.07	00:42:01.777	0.93078				2
2025.11.07	00:42:02.079	0.93074				2
2025.11.07	00:42:02.497	0.93076				2
2025.11.07	00:42:03.131	0.93077				2
2025.11.07	00:42:03.450	0.93076				2
2025.11.07	00:42:03.845	0.93077				2
2025.11.07	00:42:06.786		0.93150			4
2025.11.07	00:42:07.478		0.93149			4
2025.11.07	00:42:07.997	0.93078				2
2025.11.07	00:42:08.319	0.93079				2
2025.11.07	00:42:09.270	0.93078				2
2025.11.07	00:42:10.272	0.93077				2
2025.11.07	00:42:11.205	0.93068				2
2025.11.07	00:42:11.577	0.93077				2
2025.11.07	00:42:11.879	0.93076				2
2025.11.07	00:42:12.840	0.93077				2
2025.11.07	00:42:13.824	0.93076				2
2025.11.07	00:42:14.472	0.93075				2
2025.11.07	00:42:15.147	0.93076				2
2025.11.07	00:42:15.498	0.93075				2
2025.11.07	00:42:16.057	0.93077				2
2025.11.07	00:42:16.383	0.93074				2
2025.11.07	00:42:16.734	0.93076				2
2025.11.07	00:42:17.632	0.93077				2
2025.11.07	00:42:18.251	0.93078				2
2025.11.07	00:42:19.279	0.93076	0.93163			6
2025.11.07	00:42:19.607	0.93072	0.93149			6
2025.11.07	00:42:20.088	0.93077				2
2025.11.07	00:42:20.413	0.93076				2
2025.11.07	00:42:20.735	0.93073				2
2025.11.07	00:42:21.137	0.93074	0.93150			6
2025.11.07	00:42:21.448	0.93072	0.93149			6
2025.11.07	00:42:21.794	0.93077				2
2025.11.07	00:42:23.539	0.93070				2
2025.11.07	00:42:23.859	0.93074				2
2025.11.07	00:42:24.199	0.93073				2
2025.11.07	00:42:24.519	0.93077				2
2025.11.07	00:42:25.435	0.93067				2
2025.11.07	00:42:25.739	0.93077				2
2025.11.07	00:42:26.043	0.93074				2
2025.11.07	00:42:26.681	0.93071				2
2025.11.07	00:42:26.986	0.93077				2
2025.11.07	00:42:27.322	0.93072				2
2025.11.07	00:42:27.638	0.93066	0.93150			6
2025.11.07	00:42:28.001	0.93070				2
2025.11.07	00:42:28.310	0.93077	0.93149			6
2025.11.07	00:42:28.616	0.93067				2
2025.11.07	00:42:28.919	0.93072				2
2025.11.07	00:42:29.310	0.93077				2
2025.11.07	00:42:29.734	0.93074				2
2025.11.07	00:42:30.687	0.93084				2
2025.11.07	00:42:31.031	0.93091				2
2025.11.07	00:42:31.362	0.93089				2
2025.11.07	00:42:31.672	0.93077				2
2025.11.07	00:42:32.321	0.93073				2
2025.11.07	00:42:32.624	0.93074	0.93150			6
2025.11.07	00:42:32.938	0.93070	0.93149			6
2025.11.07	00:42:33.268	0.93073				2
2025.11.07	00:42:33.578	0.93067				2
2025.11.07	00:42:33.929	0.93077				2
2025.11.07	00:42:34.240	0.93074				2
2025.11.07	00:42:34.661	0.93075				2
2025.11.07	00:42:34.971	0.93078				2
2025.11.07	00:42:35.288	0.93077				2
2025.11.07	00:42:36.260	0.93067	0.93158			6
2025.11.07	00:42:36.578	0.93077	0.93149			6
2025.11.07	00:42:36.889	0.93067				2
2025.11.07	00:42:37.198	0.93075				2
2025.11.07	00:42:37.819	0.93077				2
2025.11.07	00:42:38.171	0.93073				2
2025.11.07	00:42:38.478	0.93077				2
2025.11.07	00:42:39.112	0.93075				2
2025.11.07	00:42:39.464	0.93072				2
2025.11.07	00:42:39.792	0.93079				2
2025.11.07	00:42:40.098	0.93072				2
2025.11.07	00:42:40.411	0.93077				2
2025.11.07	00:42:44.757	0.93074				2
2025.11.07	00:42:45.764	0.93077				2
2025.11.07	00:42:46.082	0.93074				2
2025.11.07	00:42:46.744	0.93077				2
2025.11.07	00:42:47.375	0.93068				2
2025.11.07	00:42:47.678	0.93077				2
2025.11.07	00:42:47.995	0.93076				2
2025.11.07	00:42:48.299	0.93073				2
2025.11.07	00:42:48.603	0.93071				2
2025.11.07	00:42:48.919	0.93072				2
2025.11.07	00:42:49.404	0.93069				2
2025.11.07	00:42:49.733	0.93077				2
2025.11.07	00:42:50.039	0.93067				2
2025.11.07	00:42:50.649	0.93072				2
2025.11.07	00:42:50.959	0.93071	0.93150			6
2025.11.07	00:42:51.269	0.93077	0.93149			6
2025.11.07	00:42:52.218	0.93068				2
2025.11.07	00:42:52.519	0.93077				2
2025.11.07	00:42:54.280	0.93074				2
2025.11.07	00:42:55.054	0.93067				2
2025.11.07	00:42:55.359	0.93071				2
2025.11.07	00:42:55.670	0.93066				2
2025.11.07	00:42:55.974	0.93073				2
2025.11.07	00:42:56.290	0.93087				2
2025.11.07	00:42:56.718	0.93077				2
2025.11.07	00:42:57.429	0.93074	0.93150			6
2025.11.07	00:42:57.737	0.93071	0.93149			6
2025.11.07	00:42:58.041	0.93066	0.93150			6
2025.11.07	00:42:58.355	0.93077	0.93149			6
2025.11.07	00:42:59.491	0.93076				2
2025.11.07	00:42:59.799	0.93077				2
2025.11.07	00:43:00.222	0.93071				2
2025.11.07	00:43:00.565	0.93069				2
2025.11.07	00:43:00.906	0.93070				2
2025.11.07	00:43:01.222	0.93077				2
2025.11.07	00:43:01.577	0.93065				2
2025.11.07	00:43:01.889	0.93077				2
2025.11.07	00:43:02.201	0.93065				2
2025.11.07	00:43:02.506	0.93072				2
2025.11.07	00:43:03.156	0.93077				2
2025.11.07	00:43:03.790	0.93076				2
2025.11.07	00:43:04.116	0.93077				2
2025.11.07	00:43:04.418	0.93065	0.93157			6
2025.11.07	00:43:04.731	0.93066	0.93149			6
2025.11.07	00:43:05.038	0.93073				2
2025.11.07	00:43:05.340	0.93077				2
2025.11.07	00:43:06.720	0.93066				2
2025.11.07	00:43:07.361	0.93068				2
2025.11.07	00:43:07.690	0.93074				2
2025.11.07	00:43:07.991	0.93072				2
2025.11.07	00:43:08.300	0.93088				2
2025.11.07	00:43:08.618	0.93076				2
2025.11.07	00:43:09.259	0.93070				2
2025.11.07	00:43:09.588	0.93072				2
2025.11.07	00:43:09.894	0.93064				2
2025.11.07	00:43:10.680	0.93086				2
2025.11.07	00:43:10.999	0.93076				2
2025.11.07	00:43:11.318	0.93074				2
2025.11.07	00:43:11.939	0.93076				2
2025.11.07	00:43:12.300	0.93077				2
2025.11.07	00:43:12.983	0.93074				2
2025.11.07	00:43:13.613	0.93077				2
2025.11.07	00:43:14.229	0.93070				2
2025.11.07	00:43:14.538	0.93065				2
2025.11.07	00:43:14.847	0.93068	0.93151			6
2025.11.07	00:43:15.158	0.93077	0.93149			6
2025.11.07	00:43:15.460	0.93073	0.93150			6
2025.11.07	00:43:15.806	0.93065	0.93149			6
2025.11.07	00:43:16.119	0.93076				2
2025.11.07	00:43:16.428	0.93077				2
2025.11.07	00:43:16.757	0.93074	0.93151			6
2025.11.07	00:43:18.118		0.93149			4
2025.11.07	00:43:19.114	0.93076				2
2025.11.07	00:43:20.208	0.93071				2
2025.11.07	00:43:20.581	0.93077				2
2025.11.07	00:43:20.899	0.93071				2
2025.11.07	00:43:21.215	0.93072				2
2025.11.07	00:43:21.532	0.93073				2
2025.11.07	00:43:21.838	0.93077				2
2025.11.07	00:43:22.146	0.93074				2
2025.11.07	00:43:23.183	0.93072				2
2025.11.07	00:43:23.612	0.93069				2
2025.11.07	00:43:23.919	0.93077				2
2025.11.07	00:43:24.237	0.93088				2
2025.11.07	00:43:24.589	0.93090				2
2025.11.07	00:43:24.896	0.93089				2
2025.11.07	00:43:25.210	0.93086				2
2025.11.07	00:43:25.684	0.93071				2
2025.11.07	00:43:26.003	0.93068				2
2025.11.07	00:43:26.322	0.93071				2
2025.11.07	00:43:26.642	0.93072				2
2025.11.07	00:43:26.998	0.93074	0.93151			6
2025.11.07	00:43:27.937	0.93064	0.93149			6
2025.11.07	00:43:28.240	0.93077				2
2025.11.07	00:43:28.546	0.93066				2
2025.11.07	00:43:28.864	0.93071				2
2025.11.07	00:43:29.167	0.93067				2
2025.11.07	00:43:29.478	0.93072				2
2025.11.07	00:43:29.953	0.93073	0.93150			6
2025.11.07	00:43:30.388	0.93072				2
2025.11.07	00:43:31.463	0.93071	0.93149			6
2025.11.07	00:43:31.982	0.93077				2
2025.11.07	00:43:38.020	0.93074				2
2025.11.07	00:43:38.354	0.93077				2
2025.11.07	00:43:39.751	0.93078				2
2025.11.07	00:43:40.253	0.93077				2
2025.11.07	00:43:40.635	0.93067				2
2025.11.07	00:43:40.996	0.93071				2
2025.11.07	00:43:41.510	0.93077				2
2025.11.07	00:43:42.877	0.93078				2
2025.11.07	00:43:43.494	0.93077				2
2025.11.07	00:43:46.710	0.93076	0.93151			6
2025.11.07	00:43:49.634	0.93075	0.93160			6
2025.11.07	00:43:50.678	0.93068	0.93149			6
2025.11.07	00:43:51.002	0.93075				2
2025.11.07	00:43:51.501	0.93077				2
2025.11.07	00:43:51.986	0.93078				2
2025.11.07	00:43:53.001	0.93075	0.93159			6
2025.11.07	00:43:53.618	0.93077	0.93149			6
2025.11.07	00:43:54.193	0.93076	0.93152			6
2025.11.07	00:43:55.192	0.93070	0.93149			6
2025.11.07	00:43:56.460	0.93076	0.93157			6
2025.11.07	00:43:56.965	0.93075	0.93159			6
2025.11.07	00:43:57.473		0.93162			4
2025.11.07	00:44:00.414	0.93075				2
2025.11.07	00:44:01.805		0.93160			4
2025.11.07	00:44:02.828		0.93162			4
2025.11.07	00:44:08.475		0.93160			4
2025.11.07	00:44:10.024	0.93077	0.93149			6
2025.11.07	00:44:13.046	0.93075				2
2025.11.07	00:44:14.435	0.93077				2
2025.11.07	00:44:17.016	0.93076				2
2025.11.07	00:44:21.785	0.93077				2
2025.11.07	00:44:25.141	0.93068				2
2025.11.07	00:44:26.345	0.93065				2
2025.11.07	00:44:27.323	0.93076	0.93153			6
2025.11.07	00:44:27.685	0.93074	0.93157			6
2025.11.07	00:44:28.303	0.93076				2
2025.11.07	00:44:28.786	0.93075	0.93159			6
2025.11.07	00:44:29.860		0.93162			4
2025.11.07	00:44:36.347	0.93076				2
2025.11.07	00:44:37.562	0.93075				2
2025.11.07	00:44:38.077	0.93076				2
2025.11.07	00:44:38.476	0.93075	0.93161			6
2025.11.07	00:44:39.071	0.93076				2
2025.11.07	00:44:41.109	0.93078				2
2025.11.07	00:44:42.127	0.93077				2
2025.11.07	00:44:42.708		0.93158			4
2025.11.07	00:44:43.115	0.93079				2
2025.11.07	00:44:45.436	0.93078				2
2025.11.07	00:44:46.015	0.93079				2
2025.11.07	00:44:46.723	0.93077	0.93159			6
2025.11.07	00:44:49.176	0.93076				2
2025.11.07	00:44:49.563	0.93077				2
2025.11.07	00:44:50.732	0.93078	0.93158			6
2025.11.07	00:44:52.471	0.93079				2
2025.11.07	00:44:54.836		0.93156			4
2025.11.07	00:44:57.528		0.93158			4
2025.11.07	00:44:58.244	0.93077				2
2025.11.07	00:45:00.428	0.93077				2
2025.11.07	00:45:03.183	0.93082	0.93204			6
2025.11.07	00:45:05.116	0.93084	0.93203			6
2025.11.07	00:45:05.418	0.93083	0.93202			6
2025.11.07	00:45:05.772	0.93085	0.93204			6
2025.11.07	00:45:06.723	0.93077	0.93158			6
2025.11.07	00:45:07.494	0.93078				2
2025.11.07	00:45:07.902	0.93077				2
2025.11.07	00:45:08.474	0.93079				2
2025.11.07	00:45:08.817	0.93078				2
2025.11.07	00:45:09.447	0.93077				2
2025.11.07	00:45:10.005	0.93078	0.93160			6
2025.11.07	00:45:11.407	0.93076				2
2025.11.07	00:45:11.718	0.93078				2
2025.11.07	00:45:16.367		0.93157			4
2025.11.07	00:45:17.378		0.93159			4
2025.11.07	00:45:17.884		0.93157			4
2025.11.07	00:45:26.683	0.93087				2
2025.11.07	00:45:26.991	0.93078				2
2025.11.07	00:45:29.452	0.93079				2
2025.11.07	00:45:30.349	0.93078				2
2025.11.07	00:45:32.887		0.93156			4
2025.11.07	00:45:37.915	0.93088				2
2025.11.07	00:45:38.235	0.93078				2
2025.11.07	00:45:38.566	0.93079				2
2025.11.07	00:45:40.417	0.93078				2
2025.11.07	00:45:40.924	0.93079				2
2025.11.07	00:45:51.955	0.93097	0.93138			6
2025.11.07	00:46:12.868	0.93097	0.93142			6
2025.11.07	00:46:17.110	0.93106				2
2025.11.07	00:46:17.449	0.93098				2
2025.11.07	00:46:17.817	0.93106				2
2025.11.07	00:46:18.315		0.93141			4
2025.11.07	00:46:21.876	0.93107				2
2025.11.07	00:46:23.422	0.93098				2
2025.11.07	00:46:23.726	0.93106				2
2025.11.07	00:46:24.427	0.93098				2
2025.11.07	00:46:24.780	0.93097				2
2025.11.07	00:46:25.340	0.93094	0.93142			6
2025.11.07	00:46:25.646	0.93096				2
2025.11.07	00:46:26.286	0.93097				2
2025.11.07	00:46:26.632	0.93096				2
2025.11.07	00:46:27.219	0.93097				2
2025.11.07	00:46:28.961	0.93096				2
2025.11.07	00:46:29.477	0.93097				2
2025.11.07	00:46:32.365	0.93096	0.93140			6
2025.11.07	00:46:32.859	0.93097	0.93141			6
2025.11.07	00:46:33.699	0.93106				2
2025.11.07	00:46:34.335	0.93094	0.93137			6
2025.11.07	00:46:34.960	0.93105	0.93142			6
2025.11.07	00:46:35.931	0.93097				2
2025.11.07	00:46:36.434	0.93096				2
2025.11.07	00:46:36.786		0.93141			4
2025.11.07	00:46:37.785	0.93095	0.93143			6
2025.11.07	00:46:39.550	0.93096	0.93141			6
2025.11.07	00:46:39.860	0.93097				2
2025.11.07	00:46:40.178	0.93109	0.93139			6
2025.11.07	00:46:40.532	0.93097	0.93141			6
2025.11.07	00:46:40.862	0.93094	0.93139			6
2025.11.07	00:46:41.356	0.93096	0.93141			6
2025.11.07	00:46:41.861	0.93108				2
2025.11.07	00:46:42.281	0.93096				2
2025.11.07	00:46:43.178	0.93097				2
2025.11.07	00:46:46.308	0.93096				2
2025.11.07	00:46:49.196	0.93106				2
2025.11.07	00:46:49.515	0.93096				2
2025.11.07	00:46:51.788	0.93097				2
2025.11.07	00:46:52.089	0.93106				2
2025.11.07	00:46:52.490	0.93097	0.93142			6
2025.11.07	00:46:52.992	0.93105	0.93140			6
2025.11.07	00:46:53.382	0.93106				2
2025.11.07	00:46:53.989	0.93095				2
2025.11.07	00:46:54.476	0.93096				2
2025.11.07	00:46:54.803	0.93106				2
2025.11.07	00:46:55.477	0.93097	0.93142			6
2025.11.07	00:46:55.967	0.93096	0.93140			6
2025.11.07	00:46:56.821	0.93097	0.93142			6
2025.11.07	00:46:58.855	0.93099	0.93139			6
2025.11.07	00:46:59.156	0.93107				2
2025.11.07	00:46:59.954		0.93140			4
2025.11.07	00:47:00.350	0.93099	0.93139			6
2025.11.07	00:47:01.513	0.93098	0.93137			6
2025.11.07	00:47:01.876	0.93106	0.93139			6
2025.11.07	00:47:02.211	0.93099				2
2025.11.07	00:47:03.236	0.93102	0.93185			6
2025.11.07	00:47:04.844	0.93097	0.93190			6
2025.11.07	00:47:05.146	0.93100	0.93187			6
2025.11.07	00:47:05.500	0.93101	0.93185			6
2025.11.07	00:47:05.799	0.93098	0.93191			6
2025.11.07	00:47:06.149	0.93103	0.93186			6
2025.11.07	00:47:06.755	0.93106	0.93139			6
2025.11.07	00:47:10.215	0.93105				2
2025.11.07	00:47:10.518	0.93107				2
2025.11.07	00:47:11.979	0.93106				2
2025.11.07	00:47:12.314	0.93107				2
2025.11.07	00:47:13.040	0.93099				2
2025.11.07	00:47:15.220	0.93095	0.93135			6
2025.11.07	00:47:15.602	0.93098	0.93138			6
2025.11.07	00:47:16.242	0.93099				2
2025.11.07	00:47:16.560	0.93096	0.93136			6
2025.11.07	00:47:16.963	0.93099	0.93139			6
2025.11.07	00:47:17.687	0.93106				2
2025.11.07	00:47:20.524	0.93094	0.93134			6
2025.11.07	00:47:20.840	0.93103	0.93137			6
2025.11.07	00:47:21.421	0.93098	0.93138			6
2025.11.07	00:47:22.421	0.93099	0.93139			6
2025.11.07	00:47:24.713	0.93105				2
2025.11.07	00:47:25.950	0.93099				2
2025.11.07	00:47:27.261	0.93105				2
2025.11.07	00:47:27.762	0.93099				2
2025.11.07	00:47:28.103	0.93098	0.93138			6
2025.11.07	00:47:33.463	0.93097	0.93137			6
2025.11.07	00:47:34.105	0.93099	0.93139			6
2025.11.07	00:47:34.538	0.93098	0.93138			6
2025.11.07	00:47:35.537	0.93105	0.93139			6
2025.11.07	00:47:36.036	0.93099				2
2025.11.07	00:47:36.537	0.93107				2
2025.11.07	00:47:38.831	0.93097	0.93137			6
2025.11.07	00:47:39.670	0.93098	0.93138			6
2025.11.07	00:47:40.347	0.93099	0.93139			6
2025.11.07	00:47:43.377	0.93097	0.93137			6
2025.11.07	00:47:43.712	0.93105	0.93139			6
2025.11.07	00:47:44.025		0.93134			4
2025.11.07	00:47:44.338	0.93096	0.93138			6
2025.11.07	00:47:45.201	0.93097	0.93139			6
2025.11.07	00:47:45.511	0.93105				2
2025.11.07	00:47:45.893	0.93106				2
2025.11.07	00:47:49.633	0.93097				2
2025.11.07	00:47:50.433	0.93106				2
2025.11.07	00:47:50.754	0.93097				2
2025.11.07	00:47:51.058	0.93106				2
2025.11.07	00:47:51.450	0.93096	0.93136			6
2025.11.07	00:47:51.940		0.93139			4
2025.11.07	00:47:52.459	0.93098	0.93140			6
2025.11.07	00:47:54.996	0.93097	0.93139			6
2025.11.07	00:47:55.577	0.93106				2
2025.11.07	00:47:57.576	0.93098				2
2025.11.07	00:47:58.482	0.93106				2
2025.11.07	00:47:59.085	0.93098	0.93140			6
2025.11.07	00:47:59.603	0.93100				2
2025.11.07	00:48:00.083	0.93106	0.93139			6
2025.11.07	00:48:00.455	0.93099				2
2025.11.07	00:48:00.954	0.93095	0.93135			6
2025.11.07	00:48:01.259	0.93097	0.93137			6
2025.11.07	00:48:02.162	0.93098	0.93138			6
2025.11.07	00:48:02.662	0.93093	0.93135			6
2025.11.07	00:48:03.171	0.93097	0.93137			6
2025.11.07	00:48:04.098	0.93098	0.93138			6
2025.11.07	00:48:05.236	0.93099	0.93139			6
2025.11.07	00:48:05.601	0.93098	0.93138			6
2025.11.07	00:48:08.161	0.93099	0.93139			6
2025.11.07	00:48:09.575	0.93098	0.93138			6
2025.11.07	00:48:11.512	0.93100	0.93137			6
2025.11.07	00:48:11.819	0.93099	0.93139			6
2025.11.07	00:48:12.516	0.93098	0.93138			6
2025.11.07	00:48:14.615	0.93100	0.93137			6
2025.11.07	00:48:15.016	0.93099	0.93139			6
2025.11.07	00:48:15.998	0.93096	0.93138			6
2025.11.07	00:48:16.500	0.93097	0.93139			6
2025.11.07	00:48:18.028	0.93096	0.93138			6
2025.11.07	00:48:18.491	0.93098				2
2025.11.07	00:48:19.027	0.93099	0.93139			6
2025.11.07	00:48:19.671	0.93084	0.93132			6
2025.11.07	00:48:19.979	0.93092				2
2025.11.07	00:48:20.296	0.93095	0.93135			6
2025.11.07	00:48:20.605	0.93096	0.93136			6
2025.11.07	00:48:21.223	0.93098	0.93138			6
2025.11.07	00:48:22.779	0.93099	0.93139			6
2025.11.07	00:48:23.293	0.93098	0.93138			6
2025.11.07	00:48:26.723	0.93096	0.93139			6
2025.11.07	00:48:27.338	0.93101				2
2025.11.07	00:48:28.166	0.93100				2
2025.11.07	00:48:28.514	0.93101				2
2025.11.07	00:48:29.016		0.93140			4
2025.11.07	00:48:29.988	0.93102	0.93139			6
2025.11.07	00:48:30.910	0.93101				2
2025.11.07	00:48:33.149	0.93102				2
2025.11.07	00:48:34.417	0.93099				2
2025.11.07	00:48:35.567	0.93098	0.93141			6
2025.11.07	00:48:37.790	0.93101				2
2025.11.07	00:48:38.593	0.93098				2
2025.11.07	00:48:40.269		0.93140			4
2025.11.07	00:48:41.087		0.93139			4
2025.11.07	00:48:42.580	0.93101				2
2025.11.07	00:48:44.116	0.93099				2
2025.11.07	00:48:44.626	0.93097	0.93137			6
2025.11.07	00:48:44.977	0.93101	0.93138			6
2025.11.07	00:48:45.627		0.93139			4
2025.11.07	00:48:46.099	0.93099				2
2025.11.07	00:48:50.637	0.93102				2
2025.11.07	00:48:50.941	0.93101				2
2025.11.07	00:48:51.288	0.93099				2
2025.11.07	00:48:51.606	0.93102				2
2025.11.07	00:48:51.933		0.93138			4
2025.11.07	00:48:52.238	0.93105	0.93131			6
2025.11.07	00:48:53.289	0.93096				2
2025.11.07	00:48:53.604	0.93102	0.93132			6
2025.11.07	00:48:53.920	0.93098	0.93138			6
2025.11.07	00:48:54.288	0.93103	0.93139			6
2025.11.07	00:48:55.835		0.93140			4
2025.11.07	00:48:56.283		0.93131			4
2025.11.07	00:48:57.014	0.93105				2
2025.11.07	00:48:57.577	0.93103	0.93139			6
2025.11.07	00:48:58.431	0.93099	0.93131			6
2025.11.07	00:48:58.733	0.93104				2
2025.11.07	00:48:59.049	0.93106				2
2025.11.07	00:48:59.386	0.93101	0.93140			6
2025.11.07	00:49:00.094	0.93105	0.93131			6
2025.11.07	00:49:01.006	0.93106				2
2025.11.07	00:49:01.514	0.93092	0.93137			6
2025.11.07	00:49:02.032	0.93100	0.93134			6
2025.11.07	00:49:02.514	0.93102	0.93131			6
2025.11.07	00:49:03.020	0.93100				2
2025.11.07	00:49:03.326	0.93098	0.93132			6
2025.11.07	00:49:03.643	0.93102	0.93131			6
2025.11.07	00:49:03.969		0.93132			4
2025.11.07	00:49:04.310	0.93097				2
2025.11.07	00:49:04.632	0.93100	0.93137			6
2025.11.07	00:49:05.027	0.93103	0.93139			6
2025.11.07	00:49:05.372	0.93100	0.93131			6
2025.11.07	00:49:05.678	0.93104	0.93136			6
2025.11.07	00:49:05.983	0.93097	0.93138			6
2025.11.07	00:49:06.306	0.93088	0.93131			6
2025.11.07	00:49:07.437		0.93137			4
2025.11.07	00:49:07.861	0.93097				2
2025.11.07	00:49:08.576		0.93133			4
2025.11.07	00:49:10.548	0.93098	0.93137			6
2025.11.07	00:49:11.476		0.93134			4
2025.11.07	00:49:12.576	0.93087	0.93133			6
2025.11.07	00:49:20.057	0.93097				2
2025.11.07	00:49:20.360	0.93088				2
2025.11.07	00:49:26.347	0.93096				2
2025.11.07	00:49:28.238	0.93088				2
2025.11.07	00:49:28.581		0.93135			4
2025.11.07	00:49:29.262		0.93133			4
2025.11.07	00:49:29.611		0.93136			4
2025.11.07	00:49:30.955		0.93133			4
2025.11.07	00:49:35.453	0.93087				2
2025.11.07	00:49:37.258	0.93096				2
2025.11.07	00:49:37.959		0.93136			4
2025.11.07	00:49:38.445	0.93087	0.93135			6
2025.11.07	00:49:39.435		0.93133			4
2025.11.07	00:49:40.103		0.93135			4
2025.11.07	00:49:40.448		0.93133			4
2025.11.07	00:49:43.012		0.93136			4
2025.11.07	00:49:43.582		0.93133			4
2025.11.07	00:49:44.172	0.93095				2
2025.11.07	00:49:44.510	0.93087				2
2025.11.07	00:49:45.588	0.93096				2
2025.11.07	00:49:45.952	0.93088	0.93134			6
2025.11.07	00:49:53.502	0.93087				2
2025.11.07	00:49:54.300	0.93088				2
2025.11.07	00:49:54.606	0.93087				2
2025.11.07	00:50:00.286	0.93087	0.93133			6
2025.11.07	00:50:02.488	0.93088				2
2025.11.07	00:50:05.726	0.93087				2
2025.11.07	00:50:07.128	0.93099	0.93135			6
2025.11.07	00:50:07.442	0.93101	0.93136			6
2025.11.07	00:50:07.757	0.93098	0.93138			6
2025.11.07	00:50:08.104	0.93099	0.93139			6
2025.11.07	00:50:08.509	0.93094	0.93136			6
2025.11.07	00:50:09.138	0.93101	0.93133			6
2025.11.07	00:50:09.631	0.93098	0.93135			6
2025.11.07	00:50:10.272	0.93099				2
2025.11.07	00:50:11.774		0.93134			4
2025.11.07	00:50:12.277	0.93105	0.93132			6
2025.11.07	00:50:14.222		0.93133			4
2025.11.07	00:50:14.688	0.93097	0.93134			6
2025.11.07	00:50:15.222	0.93096	0.93139			6
2025.11.07	00:50:15.527	0.93101	0.93137			6
2025.11.07	00:50:15.837	0.93097				2
2025.11.07	00:50:16.343		0.93141			4
2025.11.07	00:50:17.575	0.93105	0.93140			6
2025.11.07	00:50:18.093	0.93106	0.93133			6
2025.11.07	00:50:19.703	0.93096	0.93139			6
2025.11.07	00:50:20.026	0.93095				2
2025.11.07	00:50:20.337		0.93138			4
2025.11.07	00:50:20.639	0.93094	0.93139			6
2025.11.07	00:50:21.075	0.93103	0.93132			6
2025.11.07	00:50:21.514	0.93105				2
2025.11.07	00:50:21.861	0.93093	0.93133			6
2025.11.07	00:50:22.199	0.93104	0.93139			6
2025.11.07	00:50:22.554	0.93106	0.93132			6
2025.11.07	00:50:24.586	0.93102				2
2025.11.07	00:50:25.005	0.93103	0.93133			6
2025.11.07	00:50:25.576	0.93104	0.93132			6
2025.11.07	00:50:26.004	0.93106	0.93137			6
2025.11.07	00:50:26.447		0.93139			4
2025.11.07	00:50:26.755		0.93133			4
2025.11.07	00:50:27.062	0.93107	0.93138			6
2025.11.07	00:50:27.996	0.93106	0.93139			6
2025.11.07	00:50:28.317	0.93095	0.93136			6
2025.11.07	00:50:28.620	0.93107				2
2025.11.07	00:50:29.630	0.93102	0.93137			6
2025.11.07	00:50:30.014	0.93105	0.93136			6
2025.11.07	00:50:30.454	0.93098	0.93135			6
2025.11.07	00:50:31.112	0.93106	0.93134			6
2025.11.07	00:50:31.462		0.93137			4
2025.11.07	00:50:32.021		0.93133			4
2025.11.07	00:50:32.476		0.93137			4
2025.11.07	00:50:32.848		0.93133			4
2025.11.07	00:50:33.506	0.93105	0.93137			6
2025.11.07	00:50:33.914	0.93106	0.93133			6
2025.11.07	00:50:34.262	0.93109	0.93139			6
2025.11.07	00:50:34.566	0.93110	0.93140			6
2025.11.07	00:50:34.876	0.93111	0.93137			6
2025.11.07	00:50:35.219		0.93134			4
2025.11.07	00:50:36.236		0.93137			4
2025.11.07	00:50:36.736		0.93133			4
2025.11.07	00:50:37.703	0.93108	0.93139			6
2025.11.07	00:50:38.109	0.93114	0.93133			6
2025.11.07	00:50:38.418	0.93112	0.93138			6
2025.11.07	00:50:38.754		0.93137			4
2025.11.07	00:50:39.367		0.93132			4
2025.11.07	00:50:40.249	0.93111	0.93136			6
2025.11.07	00:50:40.549		0.93134			4
2025.11.07	00:50:40.980	0.93090				2
2025.11.07	00:50:41.309	0.93099	0.93135			6
2025.11.07	00:50:41.619		0.93133			4
2025.11.07	00:50:42.061	0.93110	0.93132			6
2025.11.07	00:50:42.377		0.93135			4
2025.11.07	00:50:42.914	0.93111	0.93133			6
2025.11.07	00:50:43.424	0.93110				2
2025.11.07	00:50:43.922	0.93112				2
2025.11.07	00:50:45.057		0.93139			4
2025.11.07	00:50:45.560		0.93133			4
2025.11.07	00:50:46.497		0.93137			4
2025.11.07	00:50:46.950	0.93111	0.93133			6
2025.11.07	00:50:48.225	0.93112				2
2025.11.07	00:50:50.026		0.93136			4
2025.11.07	00:50:50.330	0.93110	0.93133			6
2025.11.07	00:50:50.656	0.93112				2
2025.11.07	00:50:50.960	0.93111	0.93140			6
2025.11.07	00:50:51.278		0.93137			4
2025.11.07	00:50:51.661		0.93132			4
2025.11.07	00:50:51.962	0.93102	0.93133			6
2025.11.07	00:50:52.464		0.93132			4
2025.11.07	00:50:54.256		0.93133			4
2025.11.07	00:50:55.091	0.93101	0.93141			6
2025.11.07	00:50:55.757	0.93104	0.93133			6
2025.11.07	00:50:56.259	0.93105	0.93132			6
2025.11.07	00:51:00.514	0.93105				2
2025.11.07	00:51:01.014	0.93108				2
2025.11.07	00:51:01.514	0.93106				2
2025.11.07	00:51:03.577	0.93105	0.93131			6
2025.11.07	00:51:05.375	0.93103	0.93133			6
2025.11.07	00:51:07.278	0.93098	0.93134			6
2025.11.07	00:51:07.586		0.93133			4
2025.11.07	00:51:08.344		0.93134			4
2025.11.07	00:51:08.713	0.93101	0.93133			6
2025.11.07	00:51:09.339	0.93103	0.93132			6
2025.11.07	00:51:09.660	0.93098	0.93133			6
2025.11.07	00:51:10.237	0.93100	0.93132			6
2025.11.07	00:51:10.539	0.93110				2
2025.11.07	00:51:10.852	0.93111	0.93133			6
2025.11.07	00:51:11.157	0.93101				2
2025.11.07	00:51:11.502	0.93111				2
2025.11.07	00:51:12.866	0.93110				2
2025.11.07	00:51:14.387		0.93134			4
2025.11.07	00:51:15.425	0.93111	0.93132			6
2025.11.07	00:51:16.579	0.93110	0.93136			6
2025.11.07	00:51:17.279	0.93100	0.93134			6
2025.11.07	00:51:17.579	0.93103	0.93132			6
2025.11.07	00:51:18.290	0.93097	0.93133			6
2025.11.07	00:51:19.341	0.93096	0.93138			6
2025.11.07	00:51:19.663	0.93101	0.93135			6
2025.11.07	00:51:19.982	0.93113	0.93136			6
2025.11.07	00:51:20.393	0.93097	0.93134			6
2025.11.07	00:51:20.730		0.93135			4
2025.11.07	00:51:21.121		0.93133			4
2025.11.07	00:51:21.608	0.93110	0.93138			6
2025.11.07	00:51:22.360	0.93113	0.93140			6
2025.11.07	00:51:23.020	0.93112	0.93139			6
2025.11.07	00:51:23.353		0.93133			4
2025.11.07	00:51:23.653		0.93134			4
2025.11.07	00:51:24.194	0.93113				2
2025.11.07	00:51:25.899	0.93109	0.93135			6
2025.11.07	00:51:26.394	0.93112	0.93133			6
2025.11.07	00:51:27.982	0.93097	0.93138			6
2025.11.07	00:51:28.346	0.93108				2
2025.11.07	00:51:28.657	0.93109				2
2025.11.07	00:51:28.969		0.93136			4
2025.11.07	00:51:29.662	0.93108				2
2025.11.07	00:51:30.214	0.93100				2
2025.11.07	00:51:30.538	0.93109	0.93138			6
2025.11.07	00:51:30.954		0.93139			4
2025.11.07	00:51:31.329	0.93100	0.93140			6
2025.11.07	00:51:31.649		0.93134			4
2025.11.07	00:51:32.081	0.93099	0.93139			6
2025.11.07	00:51:32.415		0.93133			4
2025.11.07	00:51:33.724	0.93094	0.93137			6
2025.11.07	00:51:34.044	0.93098	0.93136			6
2025.11.07	00:51:34.478	0.93101	0.93133			6
2025.11.07	00:51:34.911	0.93097	0.93134			6
2025.11.07	00:51:35.341	0.93096				2
2025.11.07	00:51:36.431	0.93095	0.93133			6
2025.11.07	00:51:36.737	0.93099	0.93136			6
2025.11.07	00:51:37.039	0.93112	0.93138			6
2025.11.07	00:51:37.369	0.93111	0.93140			6
2025.11.07	00:51:37.686		0.93134			4
2025.11.07	00:51:38.030	0.93113	0.93132			6
2025.11.07	00:51:38.410	0.93103	0.93139			6
2025.11.07	00:51:38.732	0.93114	0.93132			6
2025.11.07	00:51:39.048	0.93111	0.93136			6
2025.11.07	00:51:39.557	0.93113	0.93133			6
2025.11.07	00:51:41.847	0.93100	0.93132			6
2025.11.07	00:51:42.149		0.93133			4
2025.11.07	00:51:43.183	0.93099	0.93139			6
2025.11.07	00:51:43.494	0.93113	0.93140			6
2025.11.07	00:51:43.798	0.93102	0.93141			6
2025.11.07	00:51:44.102	0.93111	0.93135			6
2025.11.07	00:51:44.417		0.93134			4
2025.11.07	00:51:44.741	0.93112	0.93139			6
2025.11.07	00:51:45.377	0.93100	0.93134			6
2025.11.07	00:51:47.174	0.93113	0.93133			6
2025.11.07	00:51:47.475	0.93114	0.93134			6
2025.11.07	00:51:47.779	0.93101	0.93137			6
2025.11.07	00:51:48.130	0.93112	0.93138			6
2025.11.07	00:51:48.465	0.93113	0.93136			6
2025.11.07	00:51:48.785	0.93112	0.93137			6
2025.11.07	00:51:49.136	0.93111	0.93140			6
2025.11.07	00:51:49.451	0.93112	0.93132			6
2025.11.07	00:51:49.759	0.93097	0.93140			6
2025.11.07	00:51:50.071	0.93102	0.93132			6
2025.11.07	00:51:50.471	0.93098	0.93135			6
2025.11.07	00:51:50.780	0.93102	0.93134			6
2025.11.07	00:51:51.110	0.93101	0.93133			6
2025.11.07	00:51:52.155		0.93140			4
2025.11.07	00:51:52.491		0.93141			4
2025.11.07	00:51:52.855		0.93134			4
2025.11.07	00:51:53.589		0.93135			4
2025.11.07	00:51:54.400		0.93133			4
2025.11.07	00:51:54.730		0.93134			4
2025.11.07	00:51:55.235	0.93103	0.93136			6
2025.11.07	00:51:55.930	0.93101	0.93132			6
2025.11.07	00:51:56.342	0.93102	0.93135			6
2025.11.07	00:51:56.747	0.93101	0.93136			6
2025.11.07	00:51:57.362	0.93096	0.93134			6
2025.11.07	00:51:57.730	0.93099	0.93136			6
2025.11.07	00:51:58.031	0.93097	0.93137			6
2025.11.07	00:51:58.361	0.93098	0.93140			6
2025.11.07	00:51:58.742		0.93137			4
2025.11.07	00:51:59.092	0.93101				2
2025.11.07	00:51:59.863	0.93099	0.93134			6
2025.11.07	00:52:00.289	0.93102	0.93137			6
2025.11.07	00:52:00.599	0.93098	0.93142			6
2025.11.07	00:52:00.920	0.93099	0.93132			6
2025.11.07	00:52:01.223	0.93100				2
2025.11.07	00:52:01.581	0.93098				2
2025.11.07	00:52:03.340	0.93101	0.93140			6
2025.11.07	00:52:03.644	0.93102	0.93137			6
2025.11.07	00:52:04.133	0.93101	0.93136			6
2025.11.07	00:52:04.465		0.93133			4
2025.11.07	00:52:05.725	0.93100	0.93139			6
2025.11.07	00:52:06.082		0.93142			4
2025.11.07	00:52:06.995	0.93102	0.93138			6
2025.11.07	00:52:08.092	0.93100	0.93133			6
2025.11.07	00:52:08.519	0.93102	0.93134			6
2025.11.07	00:52:09.026		0.93135			4
2025.11.07	00:52:09.436		0.93142			4
2025.11.07	00:52:10.021	0.93097	0.93133			6
2025.11.07	00:52:10.344	0.93100	0.93132			6
2025.11.07	00:52:10.757	0.93101				2
2025.11.07	00:52:11.063	0.93099	0.93134			6
2025.11.07	00:52:11.979	0.93100	0.93132			6
2025.11.07	00:52:12.348	0.93099	0.93133			6
2025.11.07	00:52:12.756	0.93100	0.93132			6
2025.11.07	00:52:13.429	0.93101				2
2025.11.07	00:52:15.278	0.93112	0.93136			6
2025.11.07	00:52:15.592	0.93102				2
2025.11.07	00:52:15.898	0.93112	0.93138			6
2025.11.07	00:52:16.321	0.93113	0.93137			6
2025.11.07	00:52:16.847		0.93138			4
2025.11.07	00:52:17.516		0.93132			4
2025.11.07	00:52:21.356	0.93097	0.93138			6
2025.11.07	00:52:21.963	0.93099	0.93139			6
2025.11.07	00:52:22.462	0.93101	0.93140			6
2025.11.07	00:52:23.918		0.93137			4
2025.11.07	00:52:24.470		0.93133			4
2025.11.07	00:52:25.997	0.93102	0.93137			6
2025.11.07	00:52:26.320		0.93134			4
2025.11.07	00:52:26.627		0.93137			4
2025.11.07	00:52:26.943		0.93136			4
2025.11.07	00:52:27.315		0.93141			4
2025.11.07	00:52:27.825	0.93112	0.93140			6
2025.11.07	00:52:28.184		0.93132			4
2025.11.07	00:52:28.496	0.93103	0.93138			6
2025.11.07	00:52:28.822		0.93141			4
2025.11.07	00:52:29.215		0.93132			4
2025.11.07	00:52:30.386	0.93114	0.93138			6
2025.11.07	00:52:30.690	0.93115				2
2025.11.07	00:52:31.011	0.93113	0.93134			6
2025.11.07	00:52:31.328		0.93133			4
2025.11.07	00:52:33.585	0.93095	0.93137			6
2025.11.07	00:52:33.898	0.93096	0.93139			6
2025.11.07	00:52:34.778	0.93102				2
2025.11.07	00:52:35.582	0.93101	0.93134			6
2025.11.07	00:52:35.899	0.93100				2
2025.11.07	00:52:36.207	0.93101				2
2025.11.07	00:52:36.730	0.93102	0.93137			6
2025.11.07	00:52:37.040	0.93113	0.93139			6
2025.11.07	00:52:37.360	0.93101	0.93137			6
2025.11.07	00:52:37.675	0.93103	0.93141			6
2025.11.07	00:52:38.025	0.93099	0.93139			6
2025.11.07	00:52:38.338	0.93101	0.93140			6
2025.11.07	00:52:38.788	0.93099	0.93133			6
2025.11.07	00:52:39.102	0.93094	0.93137			6
2025.11.07	00:52:39.416		0.93139			4
2025.11.07	00:52:39.720	0.93097	0.93140			6
2025.11.07	00:52:40.055	0.93105	0.93133			6
2025.11.07	00:52:40.357	0.93103	0.93134			6
2025.11.07	00:52:40.785	0.93102	0.93136			6
2025.11.07	00:52:41.112	0.93103	0.93133			6
2025.11.07	00:52:41.535	0.93102	0.93135			6
2025.11.07	00:52:41.840		0.93139			4
2025.11.07	00:52:42.162	0.93103				2
2025.11.07	00:52:42.845		0.93133			4
2025.11.07	00:52:43.221	0.93102	0.93136			6
2025.11.07	00:52:43.643		0.93139			4
2025.11.07	00:52:44.960		0.93140			4
2025.11.07	00:52:45.283	0.93101				2
2025.11.07	00:52:45.879		0.93139			4
2025.11.07	00:52:46.189		0.93142			4
2025.11.07	00:52:46.809	0.93110	0.93133			6
2025.11.07	00:52:47.139	0.93101				2
2025.11.07	00:52:47.441	0.93103				2
2025.11.07	00:52:50.360		0.93143			4
2025.11.07	00:52:50.662	0.93102	0.93133			6
2025.11.07	00:52:51.464	0.93103				2
2025.11.07	00:52:52.530	0.93110				2
2025.11.07	00:52:52.839	0.93100	0.93135			6
2025.11.07	00:52:53.269	0.93101	0.93133			6
2025.11.07	00:52:53.581		0.93135			4
2025.11.07	00:52:53.979	0.93114	0.93133			6
2025.11.07	00:52:54.282	0.93104				2
2025.11.07	00:52:54.583	0.93102	0.93135			6
2025.11.07	00:52:54.917	0.93103	0.93134			6
2025.11.07	00:52:55.313		0.93133			4
2025.11.07	00:52:55.810		0.93134			4
2025.11.07	00:52:56.234	0.93098	0.93139			6
2025.11.07	00:52:56.681	0.93100				2
2025.11.07	00:52:57.240	0.93103	0.93137			6
2025.11.07	00:52:57.630	0.93102	0.93134			6
2025.11.07	00:52:58.348	0.93101	0.93135			6
2025.11.07	00:52:59.133		0.93133			4
2025.11.07	00:52:59.568	0.93103	0.93135			6
2025.11.07	00:52:59.937	0.93101	0.93134			6
2025.11.07	00:53:00.238	0.93098				2
2025.11.07	00:53:00.546	0.93101	0.93132			6
2025.11.07	00:53:00.967	0.93102	0.93138			6
2025.11.07	00:53:02.203	0.93101	0.93137			6
2025.11.07	00:53:02.511	0.93100	0.93132			6
2025.11.07	00:53:02.824	0.93102	0.93134			6
2025.11.07	00:53:03.141	0.93099	0.93137			6
2025.11.07	00:53:03.445	0.93102	0.93135			6
2025.11.07	00:53:03.761	0.93101	0.93132			6
2025.11.07	00:53:04.070		0.93134			4
2025.11.07	00:53:04.536	0.93102	0.93137			6
2025.11.07	00:53:05.233		0.93138			4
2025.11.07	00:53:05.676	0.93100	0.93136			6
2025.11.07	00:53:05.979		0.93133			4
2025.11.07	00:53:08.485	0.93103	0.93138			6
2025.11.07	00:53:08.786	0.93101				2
2025.11.07	00:53:09.158	0.93102	0.93139			6
2025.11.07	00:53:09.467		0.93140			4
2025.11.07	00:53:09.931	0.93103	0.93141			6
2025.11.07	00:53:10.296	0.93102	0.93137			6
2025.11.07	00:53:10.661	0.93104	0.93139			6
2025.11.07	00:53:10.962	0.93102	0.93141			6
2025.11.07	00:53:11.314	0.93097	0.93138			6
2025.11.07	00:53:11.622	0.93101	0.93139			6
2025.11.07	00:53:11.942	0.93102	0.93138			6
2025.11.07	00:53:12.261	0.93103	0.93139			6
2025.11.07	00:53:12.628		0.93136			4
2025.11.07	00:53:13.015	0.93102				2
2025.11.07	00:53:13.648	0.93101	0.93133			6
2025.11.07	00:53:15.313	0.93090	0.93137			6
2025.11.07	00:53:15.622	0.93100	0.93138			6
2025.11.07	00:53:15.963		0.93137			4
2025.11.07	00:53:16.270	0.93098	0.93140			6
2025.11.07	00:53:16.593	0.93101	0.93141			6
2025.11.07	00:53:16.896	0.93102	0.93139			6
2025.11.07	00:53:17.229		0.93137			4
2025.11.07	00:53:17.538	0.93097	0.93140			6
2025.11.07	00:53:17.847	0.93098	0.93141			6
2025.11.07	00:53:18.172	0.93101	0.93137			6
2025.11.07	00:53:18.498	0.93097				2
2025.11.07	00:53:18.805	0.93099	0.93134			6
2025.11.07	00:53:19.127	0.93105	0.93138			6
2025.11.07	00:53:20.352	0.93098	0.93134			6
2025.11.07	00:53:20.747	0.93102	0.93138			6
2025.11.07	00:53:21.124	0.93101	0.93141			6
2025.11.07	00:53:23.578	0.93098	0.93132			6
2025.11.07	00:53:24.591	0.93099	0.93135			6
2025.11.07	00:53:25.092	0.93100	0.93140			6
2025.11.07	00:53:25.522		0.93139			4
2025.11.07	00:53:25.897		0.93136			4
2025.11.07	00:53:26.199	0.93101	0.93135			6
2025.11.07	00:53:26.575	0.93100	0.93137			6
2025.11.07	00:53:27.230		0.93140			4
2025.11.07	00:53:27.575	0.93103				2
2025.11.07	00:53:28.123	0.93100	0.93133			6
2025.11.07	00:53:28.531	0.93098	0.93135			6
2025.11.07	00:53:28.885		0.93134			4
2025.11.07	00:53:29.218	0.93101				2
2025.11.07	00:53:29.521	0.93102	0.93131			6
2025.11.07	00:53:30.111	0.93098	0.93132			6
2025.11.07	00:53:30.431	0.93100	0.93133			6
2025.11.07	00:53:30.734	0.93097	0.93132			6
2025.11.07	00:53:31.038	0.93100	0.93133			6
2025.11.07	00:53:31.379	0.93099				2
2025.11.07	00:53:31.682	0.93102	0.93136			6
2025.11.07	00:53:32.137	0.93101	0.93140			6
2025.11.07	00:53:32.582	0.93100	0.93132			6
2025.11.07	00:53:32.894	0.93106	0.93135			6
2025.11.07	00:53:33.199	0.93099	0.93132			6
2025.11.07	00:53:33.507	0.93102	0.93134			6
2025.11.07	00:53:33.836	0.93097	0.93132			6
2025.11.07	00:53:34.928	0.93099	0.93140			6
2025.11.07	00:53:35.428		0.93142			4
2025.11.07	00:53:35.731	0.93103	0.93136			6
2025.11.07	00:53:36.041	0.93098	0.93133			6
2025.11.07	00:53:36.473	0.93099	0.93134			6
2025.11.07	00:53:36.924	0.93101	0.93140			6
2025.11.07	00:53:37.239	0.93100	0.93137			6
2025.11.07	00:53:37.542	0.93096	0.93138			6
2025.11.07	00:53:37.854	0.93100	0.93131			6
2025.11.07	00:53:38.164	0.93096	0.93133			6
2025.11.07	00:53:38.491		0.93137			4
2025.11.07	00:53:38.825	0.93104	0.93131			6
2025.11.07	00:53:39.170	0.93097	0.93133			6
2025.11.07	00:53:39.477	0.93098	0.93136			6
2025.11.07	00:53:39.949		0.93141			4
2025.11.07	00:53:40.522	0.93101				2
2025.11.07	00:53:41.508	0.93099	0.93133			6
2025.11.07	00:53:41.819	0.93106	0.93132			6
2025.11.07	00:53:42.119	0.93096	0.93133			6
2025.11.07	00:53:42.606	0.93098	0.93135			6
2025.11.07	00:53:43.108	0.93096	0.93132			6
2025.11.07	00:53:43.627	0.93098	0.93133			6
2025.11.07	00:53:43.969	0.93097	0.93136			6
2025.11.07	00:53:44.378	0.93098	0.93135			6
2025.11.07	00:53:44.699	0.93096	0.93134			6
2025.11.07	00:53:45.375	0.93098	0.93135			6
2025.11.07	00:53:45.876	0.93099	0.93136			6
2025.11.07	00:53:46.212		0.93140			4
2025.11.07	00:53:46.519	0.93101	0.93135			6
2025.11.07	00:53:46.997	0.93097	0.93133			6
2025.11.07	00:53:47.328	0.93099	0.93134			6
2025.11.07	00:53:47.961	0.93102	0.93135			6
2025.11.07	00:53:48.284	0.93099	0.93133			6
2025.11.07	00:53:48.610	0.93100	0.93134			6
2025.11.07	00:53:48.919	0.93094	0.93133			6
2025.11.07	00:53:49.223	0.93096				2
2025.11.07	00:53:49.721	0.93098				2
2025.11.07	00:53:50.122	0.93094	0.93134			6
2025.11.07	00:53:50.439	0.93096	0.93133			6
2025.11.07	00:53:50.937	0.93102	0.93132			6
2025.11.07	00:53:51.423	0.93096	0.93141			6
2025.11.07	00:53:51.810	0.93098	0.93135			6
2025.11.07	00:53:52.155	0.93099	0.93139			6
2025.11.07	00:53:54.594		0.93144			4
2025.11.07	00:53:54.899	0.93100	0.93139			6
2025.11.07	00:53:55.692	0.93097	0.93137			6
2025.11.07	00:53:56.059		0.93140			4
2025.11.07	00:53:56.653	0.93098	0.93139			6
2025.11.07	00:53:57.109	0.93099				2
2025.11.07	00:53:57.611	0.93098	0.93142			6
2025.11.07	00:53:57.973		0.93140			4
2025.11.07	00:53:58.904	0.93097	0.93142			6
2025.11.07	00:53:59.218	0.93098	0.93141			6
2025.11.07	00:53:59.537	0.93097	0.93142			6
2025.11.07	00:53:59.839	0.93096	0.93136			6
2025.11.07	00:54:00.149	0.93099	0.93137			6
2025.11.07	00:54:00.456	0.93098	0.93141			6
2025.11.07	00:54:00.956		0.93137			4
2025.11.07	00:54:01.274		0.93139			4
2025.11.07	00:54:03.608	0.93096	0.93137			6
2025.11.07	00:54:03.919		0.93139			4
2025.11.07	00:54:04.221	0.93098	0.93140			6
2025.11.07	00:54:05.613	0.93092	0.93141			6
2025.11.07	00:54:05.920	0.93093	0.93138			6
2025.11.07	00:54:06.228	0.93095				2
2025.11.07	00:54:06.579	0.93098	0.93140			6
2025.11.07	00:54:07.108	0.93097				2
2025.11.07	00:54:07.500	0.93098	0.93138			6
2025.11.07	00:54:08.150	0.93097	0.93137			6
2025.11.07	00:54:08.500	0.93098	0.93140			6
2025.11.07	00:54:08.825		0.93139			4
2025.11.07	00:54:11.576		0.93141			4
2025.11.07	00:54:11.986	0.93100	0.93139			6
2025.11.07	00:54:13.106	0.93098	0.93140			6
2025.11.07	00:54:16.797		0.93138			4
2025.11.07	00:54:17.809	0.93099	0.93139			6
2025.11.07	00:54:18.941	0.93100	0.93140			6
2025.11.07	00:54:19.930	0.93098	0.93141			6
2025.11.07	00:54:20.297	0.93096	0.93139			6
2025.11.07	00:54:22.025	0.93108	0.93138			6
2025.11.07	00:54:23.086	0.93097				2
2025.11.07	00:54:23.400	0.93098				2
2025.11.07	00:54:24.193		0.93141			4
2025.11.07	00:54:24.613	0.93097	0.93138			6
2025.11.07	00:54:25.137	0.93098	0.93140			6
2025.11.07	00:54:25.616	0.93097	0.93138			6
2025.11.07	00:54:25.919		0.93140			4
2025.11.07	00:54:26.223		0.93139			4
2025.11.07	00:54:26.618	0.93106	0.93138			6
2025.11.07	00:54:27.236	0.93104				2
2025.11.07	00:54:27.670	0.93105				2
2025.11.07	00:54:28.036	0.93106				2
2025.11.07	00:54:29.576	0.93107	0.93137			6
2025.11.07	00:54:29.880		0.93139			4
2025.11.07	00:54:30.288	0.93098	0.93138			6
2025.11.07	00:54:30.592	0.93099				2
2025.11.07	00:54:30.897	0.93100	0.93142			6
2025.11.07	00:54:31.575	0.93101	0.93139			6
2025.11.07	00:54:31.942		0.93138			4
2025.11.07	00:54:32.248	0.93098				2
2025.11.07	00:54:33.112		0.93140			4
2025.11.07	00:54:36.198	0.93099	0.93139			6
2025.11.07	00:54:36.716	0.93098				2
2025.11.07	00:54:37.514	0.93099	0.93138			6
2025.11.07	00:54:38.576	0.93098	0.93140			6
2025.11.07	00:54:39.147		0.93138			4
2025.11.07	00:54:39.587		0.93140			4
2025.11.07	00:54:40.161	0.93099	0.93138			6
2025.11.07	00:54:40.660	0.93101				2
2025.11.07	00:54:41.579	0.93099	0.93139			6
2025.11.07	00:54:42.160	0.93100	0.93140			6
2025.11.07	00:54:43.015	0.93101	0.93138			6
2025.11.07	00:54:43.364	0.93100	0.93140			6
2025.11.07	00:54:43.680	0.93103	0.93138			6
2025.11.07	00:54:44.432	0.93100	0.93140			6
2025.11.07	00:54:45.147		0.93138			4
2025.11.07	00:54:46.274	0.93092	0.93141			6
2025.11.07	00:54:46.797	0.93097	0.93137			6
2025.11.07	00:54:47.285	0.93098	0.93140			6
2025.11.07	00:54:47.903		0.93141			4
2025.11.07	00:54:48.362		0.93140			4
2025.11.07	00:54:48.671	0.93097				2
2025.11.07	00:54:49.042	0.93091				2
2025.11.07	00:54:49.343	0.93094	0.93137			6
2025.11.07	00:54:49.723	0.93098	0.93139			6
2025.11.07	00:54:50.497	0.93093	0.93137			6
2025.11.07	00:54:51.490	0.93100	0.93140			6
2025.11.07	00:54:51.800	0.93098				2
2025.11.07	00:54:52.338	0.93096	0.93139			6
2025.11.07	00:54:52.646		0.93138			4
2025.11.07	00:54:53.017	0.93097				2
2025.11.07	00:54:53.937	0.93098				2
2025.11.07	00:54:54.426	0.93097	0.93140			6
2025.11.07	00:54:54.756	0.93100	0.93141			6
2025.11.07	00:54:55.207	0.93098	0.93138			6
2025.11.07	00:54:55.618	0.93096	0.93140			6
2025.11.07	00:54:56.211	0.93100	0.93143			6
2025.11.07	00:54:56.874	0.93092	0.93142			6
2025.11.07	00:54:57.429	0.93097	0.93138			6
2025.11.07	00:54:58.077	0.93099	0.93139			6
2025.11.07	00:54:58.386	0.93098				2
2025.11.07	00:54:59.166		0.93141			4
2025.11.07	00:54:59.478	0.93099	0.93139			6
2025.11.07	00:55:00.407	0.93099				2
2025.11.07	00:55:00.968	0.93102	0.93138			6
2025.11.07	00:55:01.470	0.93099	0.93142			6
2025.11.07	00:55:02.588	0.93100	0.93143			6
2025.11.07	00:55:02.890	0.93098	0.93141			6
2025.11.07	00:55:03.198		0.93139			4
2025.11.07	00:55:03.578		0.93138			4
2025.11.07	00:55:03.893	0.93094	0.93136			6
2025.11.07	00:55:04.374	0.93086	0.93137			6
2025.11.07	00:55:05.686	0.93098	0.93138			6
2025.11.07	00:55:06.104	0.93099	0.93141			6
2025.11.07	00:55:06.577		0.93138			4
2025.11.07	00:55:07.813	0.93098	0.93143			6
2025.11.07	00:55:08.242	0.93099	0.93140			6
2025.11.07	00:55:10.389	0.93098				2
2025.11.07	00:55:10.699	0.93087				2
2025.11.07	00:55:11.135		0.93139			4
2025.11.07	00:55:13.434	0.93093	0.93137			6
2025.11.07	00:55:13.934	0.93098	0.93141			6
2025.11.07	00:55:14.375	0.93101				2
2025.11.07	00:55:14.679	0.93088	0.93137			6
2025.11.07	00:55:15.540		0.93139			4
2025.11.07	00:55:15.977	0.93089	0.93141			6
2025.11.07	00:55:16.389	0.93090				2
2025.11.07	00:55:16.789	0.93089	0.93139			6
2025.11.07	00:55:18.278	0.93088				2
2025.11.07	00:55:19.214	0.93089	0.93141			6
2025.11.07	00:55:20.994		0.93139			4
2025.11.07	00:55:24.659	0.93087	0.93141			6
2025.11.07	00:55:24.977	0.93088	0.93139			6
2025.11.07	00:55:25.695	0.93093	0.93138			6
2025.11.07	00:55:26.211	0.93096	0.93139			6
2025.11.07	00:55:26.575	0.93094				2
2025.11.07	00:55:27.397	0.93096				2
2025.11.07	00:55:27.983	0.93098	0.93144			6
2025.11.07	00:55:29.688	0.93097	0.93142			6
2025.11.07	00:55:30.188	0.93096	0.93140			6
2025.11.07	00:55:30.921	0.93098	0.93138			6
2025.11.07	00:55:31.222	0.93099				2
2025.11.07	00:55:31.725	0.93098				2
2025.11.07	00:55:32.222		0.93142			4
2025.11.07	00:55:32.794	0.93100	0.93140			6
2025.11.07	00:55:34.377	0.93098	0.93144			6
2025.11.07	00:55:34.677	0.93094	0.93140			6
2025.11.07	00:55:34.981		0.93137			4
2025.11.07	00:55:35.371	0.93093	0.93140			6
2025.11.07	00:55:35.679	0.93087	0.93142			6
2025.11.07	00:55:36.188	0.93088	0.93137			6
2025.11.07	00:55:36.867	0.93094	0.93140			6
2025.11.07	00:55:39.464	0.93093	0.93131			6
2025.11.07	00:55:41.044	0.93091	0.93139			6
2025.11.07	00:55:42.799	0.93092				2
2025.11.07	00:55:43.575	0.93094	0.93138			6
2025.11.07	00:55:45.276		0.93141			4
2025.11.07	00:55:45.776		0.93136			4
2025.11.07	00:55:46.170		0.93135			4
2025.11.07	00:55:49.329	0.93092				2
2025.11.07	00:55:49.660	0.93089	0.93137			6
2025.11.07	00:55:49.962	0.93094	0.93138			6
2025.11.07	00:55:51.579	0.93098	0.93141			6
2025.11.07	00:55:52.000	0.93101	0.93138			6
2025.11.07	00:55:52.373	0.93100				2
2025.11.07	00:55:53.378	0.93101				2
2025.11.07	00:55:54.286	0.93102	0.93139			6
2025.11.07	00:55:55.574	0.93103				2
2025.11.07	00:55:55.984	0.93098	0.93144			6
2025.11.07	00:55:56.366		0.93140			4
2025.11.07	00:55:56.785	0.93099				2
2025.11.07	00:55:57.933		0.93144			4
2025.11.07	00:55:58.804	0.93088	0.93139			6
2025.11.07	00:55:59.312		0.93136			4
2025.11.07	00:56:00.149	0.93094	0.93140			6
2025.11.07	00:56:00.960	0.93096	0.93138			6
2025.11.07	00:56:01.306	0.93099	0.93139			6
2025.11.07	00:56:02.186	0.93108	0.93138			6
2025.11.07	00:56:02.577	0.93101				2
2025.11.07	00:56:03.039	0.93096				2
2025.11.07	00:56:04.438	0.93098	0.93139			6
2025.11.07	00:56:04.881	0.93109				2
2025.11.07	00:56:09.536	0.93099	0.93140			6
2025.11.07	00:56:09.836	0.93118	0.93164			6
2025.11.07	00:56:10.141	0.93115				2
2025.11.07	00:56:10.467	0.93109				2
2025.11.07	00:56:10.768	0.93114				2
2025.11.07	00:56:11.120	0.93115				2
2025.11.07	00:56:11.489	0.93116				2
2025.11.07	00:56:12.722	0.93115				2
2025.11.07	00:56:13.074	0.93114				2
2025.11.07	00:56:13.468	0.93116				2
2025.11.07	00:56:14.039	0.93117				2
2025.11.07	00:56:14.744	0.93120				2
2025.11.07	00:56:15.246	0.93116				2
2025.11.07	00:56:15.679	0.93119				2
2025.11.07	00:56:15.990	0.93118				2
2025.11.07	00:56:16.761	0.93116				2
2025.11.07	00:56:17.113	0.93119				2
2025.11.07	00:56:17.517	0.93120	0.93160			6
2025.11.07	00:56:18.442	0.93109	0.93164			6
2025.11.07	00:56:18.761	0.93107				2
2025.11.07	00:56:19.112	0.93115				2
2025.11.07	00:56:20.198	0.93118				2
2025.11.07	00:56:20.508	0.93119				2
2025.11.07	00:56:20.837	0.93117				2
2025.11.07	00:56:21.972	0.93116				2
2025.11.07	00:56:22.360	0.93117				2
2025.11.07	00:56:22.742	0.93120				2
2025.11.07	00:56:24.810	0.93104				2
2025.11.07	00:56:26.639	0.93108				2
2025.11.07	00:56:27.331	0.93115				2
2025.11.07	00:56:27.716	0.93116				2
2025.11.07	00:56:28.018	0.93118				2
2025.11.07	00:56:29.761	0.93116				2
2025.11.07	00:56:30.103	0.93117				2
2025.11.07	00:56:30.405	0.93118				2
2025.11.07	00:56:31.933	0.93116				2
2025.11.07	00:56:32.285	0.93117				2
2025.11.07	00:56:33.204	0.93118				2
2025.11.07	00:56:35.409	0.93122				2
2025.11.07	00:56:35.766	0.93115				2
2025.11.07	00:56:36.533	0.93123				2
2025.11.07	00:56:36.844	0.93106				2
2025.11.07	00:56:37.554	0.93107				2
2025.11.07	00:56:37.863	0.93106				2
2025.11.07	00:56:38.867	0.93117				2
2025.11.07	00:56:39.169	0.93114				2
2025.11.07	00:56:39.510	0.93115				2
2025.11.07	00:56:39.960	0.93110				2
2025.11.07	00:56:40.378	0.93116				2
2025.11.07	00:56:40.679	0.93106				2
2025.11.07	00:56:41.008	0.93114				2
2025.11.07	00:56:41.318	0.93116				2
2025.11.07	00:56:41.620	0.93119				2
2025.11.07	00:56:41.924	0.93121				2
2025.11.07	00:56:42.588	0.93119				2
2025.11.07	00:56:43.697	0.93122				2
2025.11.07	00:56:44.079	0.93117				2
2025.11.07	00:56:44.399	0.93118	0.93163			6
2025.11.07	00:56:44.756	0.93116	0.93164			6
2025.11.07	00:56:45.255	0.93120				2
2025.11.07	00:56:45.930	0.93113				2
2025.11.07	00:56:46.375	0.93115				2
2025.11.07	00:56:46.793	0.93113				2
2025.11.07	00:56:47.294	0.93105				2
2025.11.07	00:56:48.857	0.93104				2
2025.11.07	00:56:51.678	0.93106				2
2025.11.07	00:56:52.103	0.93105				2
2025.11.07	00:56:54.925	0.93106				2
2025.11.07	00:56:56.979	0.93105				2
2025.11.07	00:56:57.435	0.93110				2
2025.11.07	00:56:58.602	0.93109				2
2025.11.07	00:56:58.936	0.93110				2
2025.11.07	00:57:00.379	0.93110				2
2025.11.07	00:57:01.007	0.93107				2
2025.11.07	00:57:01.323	0.93106				2
2025.11.07	00:57:03.606	0.93107				2
2025.11.07	00:57:04.294	0.93108				2
2025.11.07	00:57:04.632	0.93107				2
2025.11.07	00:57:07.745	0.93109				2
2025.11.07	00:57:08.703	0.93108				2
2025.11.07	00:57:10.215	0.93107				2
2025.11.07	00:57:11.227	0.93099				2
2025.11.07	00:57:11.529	0.93098				2
2025.11.07	00:57:11.862	0.93093				2
2025.11.07	00:57:13.025	0.93095				2
2025.11.07	00:57:13.407	0.93094				2
2025.11.07	00:57:14.252	0.93093				2
2025.11.07	00:57:15.024	0.93092				2
2025.11.07	00:57:16.871	0.93094				2
2025.11.07	00:57:18.051	0.93090				2
2025.11.07	00:57:18.711	0.93095				2
2025.11.07	00:57:19.447	0.93097				2
2025.11.07	00:57:19.825	0.93099				2
2025.11.07	00:57:20.369	0.93101				2
2025.11.07	00:57:22.492	0.93100				2
2025.11.07	00:57:24.510	0.93101				2
2025.11.07	00:57:24.818	0.93102				2
2025.11.07	00:57:25.882	0.93098				2
2025.11.07	00:57:27.411	0.93097				2
2025.11.07	00:57:27.730	0.93098				2
2025.11.07	00:57:28.034	0.93099				2
2025.11.07	00:57:28.339	0.93100				2
2025.11.07	00:57:30.460	0.93099				2
2025.11.07	00:57:30.976	0.93096				2
2025.11.07	00:57:32.270	0.93099				2
2025.11.07	00:57:32.580	0.93098				2
2025.11.07	00:57:34.041	0.93100				2
2025.11.07	00:57:34.964	0.93093				2
2025.11.07	00:57:35.583	0.93096				2
2025.11.07	00:57:36.050	0.93098				2
2025.11.07	00:57:36.588	0.93095				2
2025.11.07	00:57:37.477	0.93098				2
2025.11.07	00:57:38.472	0.93094				2
2025.11.07	00:57:38.982	0.93098				2
2025.11.07	00:57:40.175	0.93100				2
2025.11.07	00:57:40.520	0.93102				2
2025.11.07	00:57:42.196	0.93101				2
2025.11.07	00:57:42.528	0.93100				2
2025.11.07	00:57:44.894	0.93101	0.93164			6
2025.11.07	00:57:47.079	0.93102				2
2025.11.07	00:57:47.401	0.93094				2
2025.11.07	00:57:48.344	0.93084				2
2025.11.07	00:57:48.688	0.93089				2
2025.11.07	00:57:48.995	0.93088				2
2025.11.07	00:57:49.341	0.93092				2
2025.11.07	00:57:51.554	0.93087				2
2025.11.07	00:57:51.861	0.93090				2
2025.11.07	00:57:52.169	0.93091				2
2025.11.07	00:57:52.577	0.93093				2
2025.11.07	00:57:52.887	0.93096				2
2025.11.07	00:57:53.511	0.93090				2
2025.11.07	00:57:54.132	0.93091				2
2025.11.07	00:57:54.655	0.93087				2
2025.11.07	00:57:55.023	0.93089				2
2025.11.07	00:57:55.860	0.93090				2
2025.11.07	00:57:56.484	0.93091				2
2025.11.07	00:57:56.841	0.93090				2
2025.11.07	00:57:58.261	0.93086				2
2025.11.07	00:57:58.564	0.93090				2
2025.11.07	00:57:59.113	0.93091				2
2025.11.07	00:57:59.489	0.93094				2
2025.11.07	00:57:59.805	0.93092				2
2025.11.07	00:58:00.109	0.93093				2
2025.11.07	00:58:01.698	0.93089				2
2025.11.07	00:58:02.013	0.93088				2
2025.11.07	00:58:02.316	0.93091				2
2025.11.07	00:58:02.619	0.93092				2
2025.11.07	00:58:03.265	0.93090				2
2025.11.07	00:58:03.576	0.93089				2
2025.11.07	00:58:04.563	0.93093				2
2025.11.07	00:58:05.694	0.93094				2
2025.11.07	00:58:06.014	0.93093				2
2025.11.07	00:58:06.629	0.93092				2
2025.11.07	00:58:07.621	0.93094				2
2025.11.07	00:58:07.959	0.93101				2
2025.11.07	00:58:08.325	0.93102				2
2025.11.07	00:58:09.188	0.93101				2
2025.11.07	00:58:09.499	0.93102				2
2025.11.07	00:58:09.802	0.93103				2
2025.11.07	00:58:10.476	0.93102	0.93172			6
2025.11.07	00:58:10.810	0.93100				2
2025.11.07	00:58:11.137	0.93102				2
2025.11.07	00:58:11.439	0.93103				2
2025.11.07	00:58:11.748		0.93173			4
2025.11.07	00:58:12.244	0.93102				2
2025.11.07	00:58:12.868	0.93099				2
2025.11.07	00:58:13.213	0.93101	0.93171			6
2025.11.07	00:58:13.521		0.93168			4
2025.11.07	00:58:13.829	0.93100	0.93171			6
2025.11.07	00:58:14.508	0.93102				2
2025.11.07	00:58:15.471	0.93100				2
2025.11.07	00:58:15.778	0.93102				2
2025.11.07	00:58:17.550	0.93100	0.93172			6
2025.11.07	00:58:18.017	0.93098	0.93168			6
2025.11.07	00:58:18.329	0.93100				2
2025.11.07	00:58:19.015	0.93101				2
2025.11.07	00:58:19.319		0.93171			4
2025.11.07	00:58:19.621	0.93102				2
2025.11.07	00:58:19.924	0.93103				2
2025.11.07	00:58:20.240	0.93104				2
2025.11.07	00:58:20.614		0.93177			4
2025.11.07	00:58:21.273	0.93102	0.93176			6
2025.11.07	00:58:21.584	0.93103	0.93171			6
2025.11.07	00:58:22.002	0.93102				2
2025.11.07	00:58:22.320	0.93098	0.93168			6
2025.11.07	00:58:22.644	0.93102	0.93172			6
2025.11.07	00:58:22.945	0.93099	0.93169			6
2025.11.07	00:58:23.274	0.93101	0.93168			6
2025.11.07	00:58:23.584	0.93100	0.93166			6
2025.11.07	00:58:23.917	0.93097				2
2025.11.07	00:58:24.245	0.93098				2
2025.11.07	00:58:24.587	0.93093				2
2025.11.07	00:58:24.914	0.93099				2
2025.11.07	00:58:25.232		0.93168			4
2025.11.07	00:58:25.540	0.93097	0.93166			6
2025.11.07	00:58:25.894	0.93100	0.93170			6
2025.11.07	00:58:26.222	0.93095	0.93167			6
2025.11.07	00:58:26.539	0.93101	0.93171			6
2025.11.07	00:58:27.390	0.93102				2
2025.11.07	00:58:28.154	0.93103				2
2025.11.07	00:58:28.515	0.93101				2
2025.11.07	00:58:28.821	0.93100	0.93167			6
2025.11.07	00:58:29.201		0.93166			4
2025.11.07	00:58:29.518	0.93101	0.93167			6
2025.11.07	00:58:30.452	0.93097	0.93173			6
2025.11.07	00:58:30.770	0.93101	0.93171			6
2025.11.07	00:58:31.124	0.93102				2
2025.11.07	00:58:31.776		0.93168			4
2025.11.07	00:58:32.233	0.93098	0.93173			6
2025.11.07	00:58:32.618	0.93100	0.93171			6
2025.11.07	00:58:33.131	0.93104				2
2025.11.07	00:58:33.794	0.93098	0.93166			6
2025.11.07	00:58:34.511	0.93099	0.93169			6
2025.11.07	00:58:35.007	0.93100	0.93171			6
2025.11.07	00:58:35.511	0.93099	0.93166			6
2025.11.07	00:58:35.834	0.93097	0.93173			6
2025.11.07	00:58:36.905	0.93095	0.93170			6
2025.11.07	00:58:37.219	0.93097	0.93173			6
2025.11.07	00:58:37.578	0.93101	0.93171			6
2025.11.07	00:58:37.912	0.93100				2
2025.11.07	00:58:38.224	0.93102	0.93172			6
2025.11.07	00:58:38.727	0.93096	0.93173			6
2025.11.07	00:58:39.030	0.93095				2
2025.11.07	00:58:39.408	0.93098	0.93167			6
2025.11.07	00:58:39.717	0.93096	0.93166			6
2025.11.07	00:58:40.048	0.93097				2
2025.11.07	00:58:40.410	0.93098				2
2025.11.07	00:58:41.379	0.93096	0.93169			6
2025.11.07	00:58:41.736	0.93099				2
2025.11.07	00:58:42.106	0.93094	0.93166			6
2025.11.07	00:58:42.459	0.93098	0.93168			6
2025.11.07	00:58:42.880	0.93099	0.93166			6
2025.11.07	00:58:43.550	0.93098				2
2025.11.07	00:58:43.858	0.93094				2
2025.11.07	00:58:44.166	0.93096				2
2025.11.07	00:58:44.577	0.93094				2
2025.11.07	00:58:44.911	0.93095				2
2025.11.07	00:58:46.823		0.93169			4
2025.11.07	00:58:47.138	0.93096	0.93166			6
2025.11.07	00:58:47.442	0.93097				2
2025.11.07	00:58:48.513	0.93094				2
2025.11.07	00:58:49.215	0.93097				2
2025.11.07	00:58:49.518	0.93095	0.93172			6
2025.11.07	00:58:50.122	0.93094	0.93166			6
2025.11.07	00:58:50.444	0.93097				2
2025.11.07	00:58:50.863	0.93094	0.93169			6
2025.11.07	00:58:51.281	0.93098				2
2025.11.07	00:58:51.679	0.93095				2
2025.11.07	00:58:52.612	0.93100				2
2025.11.07	00:58:53.365	0.93099	0.93168			6
2025.11.07	00:58:53.679	0.93098				2
2025.11.07	00:58:54.411	0.93099				2
2025.11.07	00:58:55.507	0.93091				2
2025.11.07	00:58:55.866	0.93096				2
2025.11.07	00:58:56.479	0.93095				2
2025.11.07	00:58:57.431	0.93097	0.93166			6
2025.11.07	00:58:57.748	0.93094				2
2025.11.07	00:58:58.109	0.93093				2
2025.11.07	00:58:58.448	0.93095				2
2025.11.07	00:58:59.572	0.93096				2
2025.11.07	00:59:00.076	0.93096				2
2025.11.07	00:59:00.683	0.93095				2
2025.11.07	00:59:00.987	0.93093				2
2025.11.07	00:59:01.410	0.93095				2
2025.11.07	00:59:01.761	0.93097				2
2025.11.07	00:59:02.457	0.93096				2
2025.11.07	00:59:02.840	0.93094				2
2025.11.07	00:59:03.161	0.93093				2
2025.11.07	00:59:03.470	0.93094				2
2025.11.07	00:59:03.840	0.93096				2
2025.11.07	00:59:04.348	0.93095				2
2025.11.07	00:59:04.689	0.93098				2
2025.11.07	00:59:05.002	0.93099				2
2025.11.07	00:59:05.308		0.93170			4
2025.11.07	00:59:05.634		0.93166			4
2025.11.07	00:59:05.957	0.93098				2
2025.11.07	00:59:06.372	0.93096				2
2025.11.07	00:59:06.676	0.93097				2
2025.11.07	00:59:07.065	0.93098				2
2025.11.07	00:59:08.375	0.93099				2
2025.11.07	00:59:08.680	0.93098	0.93172			6
2025.11.07	00:59:09.004	0.93095	0.93166			6
2025.11.07	00:59:09.318		0.93169			4
2025.11.07	00:59:10.570	0.93099	0.93168			6
2025.11.07	00:59:11.324	0.93098	0.93169			6
2025.11.07	00:59:11.626	0.93099	0.93167			6
2025.11.07	00:59:12.321	0.93096				2
2025.11.07	00:59:12.658	0.93097				2
2025.11.07	00:59:13.452	0.93099				2
2025.11.07	00:59:13.762	0.93095	0.93166			6
2025.11.07	00:59:14.820	0.93097				2
2025.11.07	00:59:15.138	0.93093				2
2025.11.07	00:59:15.797	0.93094	0.93170			6
2025.11.07	00:59:16.106	0.93093	0.93166			6
2025.11.07	00:59:17.717	0.93094				2
2025.11.07	00:59:18.865	0.93093				2
2025.11.07	00:59:19.185	0.93097				2
2025.11.07	00:59:19.590	0.93096				2
2025.11.07	00:59:20.384	0.93093				2
2025.11.07	00:59:20.919	0.93090				2
2025.11.07	00:59:21.223	0.93092				2
2025.11.07	00:59:21.542	0.93094				2
2025.11.07	00:59:21.850	0.93089	0.93168			6
2025.11.07	00:59:22.177	0.93092	0.93170			6
2025.11.07	00:59:22.478	0.93096	0.93166			6
2025.11.07	00:59:22.804	0.93097				2
2025.11.07	00:59:23.577	0.93098				2
2025.11.07	00:59:23.898	0.93095	0.93167			6
2025.11.07	00:59:25.242	0.93099	0.93172			6
2025.11.07	00:59:25.543	0.93098	0.93168			6
2025.11.07	00:59:25.856		0.93169			4
2025.11.07	00:59:26.908	0.93099				2
2025.11.07	00:59:28.257	0.93098				2
2025.11.07	00:59:30.106	0.93099				2
2025.11.07	00:59:30.454	0.93098	0.93167			6
2025.11.07	00:59:31.884		0.93170			4
2025.11.07	00:59:32.190	0.93089				2
2025.11.07	00:59:32.509	0.93094				2
2025.11.07	00:59:33.047		0.93168			4
2025.11.07	00:59:33.378	0.93090				2
2025.11.07	00:59:33.688	0.93095				2
2025.11.07	00:59:34.002	0.93097				2
2025.11.07	00:59:34.319		0.93169			4
2025.11.07	00:59:36.048	0.93095	0.93173			6
2025.11.07	00:59:36.358		0.93169			4
2025.11.07	00:59:37.047	0.93096				2
2025.11.07	00:59:38.560	0.93097				2
2025.11.07	00:59:39.055	0.93096				2
2025.11.07	00:59:39.629	0.93097				2
2025.11.07	00:59:41.594		0.93166			4
2025.11.07	00:59:43.320	0.93096				2
2025.11.07	00:59:43.947	0.93095				2
2025.11.07	00:59:44.592	0.93096				2
2025.11.07	00:59:45.314	0.93095				2
2025.11.07	00:59:45.615	0.93097				2
2025.11.07	00:59:45.966	0.93098				2
2025.11.07	00:59:46.748	0.93096				2
2025.11.07	00:59:47.057	0.93094				2
2025.11.07	00:59:48.580	0.93096				2
2025.11.07	00:59:49.278	0.93095				2
2025.11.07	00:59:49.587	0.93096				2
2025.11.07	00:59:49.888	0.93097				2
2025.11.07	00:59:50.202	0.93096				2
2025.11.07	00:59:52.203	0.93097				2
2025.11.07	00:59:52.707	0.93096				2
2025.11.07	00:59:53.019	0.93094				2
2025.11.07	00:59:53.795	0.93095				2
2025.11.07	00:59:57.174	0.93093	0.93169			6
2025.11.07	00:59:57.491	0.93096	0.93168			6
2025.11.07	00:59:57.849	0.93097	0.93169			6
2025.11.07	00:59:58.348		0.93166			4
2025.11.07	00:59:58.778	0.93098				2
2025.11.07	00:59:59.428	0.93097				2
2025.11.07	00:59:59.740	0.93098				2
2025.11.07	01:00:00.165	0.93089	0.93147			6
2025.11.07	01:00:00.466	0.93077	0.93146			6
2025.11.07	01:00:00.787	0.93080	0.93142			6
2025.11.07	01:00:01.104	0.93085				2
2025.11.07	01:00:01.410	0.93079				2
2025.11.07	01:00:01.714	0.93087				2
2025.11.07	01:00:02.022	0.93094	0.93141			6
2025.11.07	01:00:02.329	0.93086	0.93143			6
2025.11.07	01:00:02.639	0.93084	0.93140			6
2025.11.07	01:00:02.976	0.93087				2
2025.11.07	01:00:03.589	0.93080				2
2025.11.07	01:00:03.892	0.93077	0.93147			6
2025.11.07	01:00:04.501	0.93078	0.93148			6
2025.11.07	01:00:04.850	0.93080	0.93149			6
2025.11.07	01:00:05.154	0.93085	0.93150			6
2025.11.07	01:00:05.456		0.93149			4
2025.11.07	01:00:05.775		0.93152			4
2025.11.07	01:00:06.077	0.93080	0.93162			6
2025.11.07	01:00:06.405		0.93161			4
2025.11.07	01:00:06.708		0.93165			4
2025.11.07	01:00:07.016	0.93081	0.93163			6
2025.11.07	01:00:07.361	0.93080	0.93140			6
2025.11.07	01:00:07.783	0.93090	0.93142			6
2025.11.07	01:00:08.385	0.93077	0.93123			6
2025.11.07	01:00:08.731	0.93081	0.93126			6
2025.11.07	01:00:09.039	0.93077	0.93124			6
2025.11.07	01:00:09.659	0.93088	0.93130			6
2025.11.07	01:00:09.992	0.93094	0.93125			6
2025.11.07	01:00:10.319	0.93091				2
2025.11.07	01:00:10.664		0.93126			4
2025.11.07	01:00:10.971	0.93089				2
2025.11.07	01:00:11.281	0.93090				2
2025.11.07	01:00:11.653	0.93088				2
2025.11.07	01:00:13.583	0.93092				2
2025.11.07	01:00:14.177	0.93087	0.93127			6
2025.11.07	01:00:14.614	0.93088				2
2025.11.07	01:00:15.116	0.93086				2
2025.11.07	01:00:15.795	0.93087				2
2025.11.07	01:00:16.200	0.93094	0.93126			6
2025.11.07	01:00:16.576	0.93086	0.93133			6
2025.11.07	01:00:17.054	0.93092	0.93126			6
2025.11.07	01:00:17.578	0.93088	0.93127			6
2025.11.07	01:00:18.506	0.93089				2
2025.11.07	01:00:19.264	0.93084	0.93125			6
2025.11.07	01:00:19.589	0.93081				2
2025.11.07	01:00:20.432	0.93078	0.93117			6
2025.11.07	01:00:20.741	0.93084	0.93116			6
2025.11.07	01:00:21.099	0.93086				2
2025.11.07	01:00:21.582	0.93078	0.93117			6
2025.11.07	01:00:21.916	0.93084	0.93119			6
2025.11.07	01:00:22.227	0.93091	0.93118			6
2025.11.07	01:00:22.899	0.93092				2
2025.11.07	01:00:23.216	0.93084	0.93119			6
2025.11.07	01:00:24.581	0.93085				2
2025.11.07	01:00:24.900	0.93089	0.93120			6
2025.11.07	01:00:25.619	0.93090	0.93121			6
2025.11.07	01:00:27.518		0.93120			4
2025.11.07	01:00:29.376	0.93091				2
2025.11.07	01:00:30.334	0.93092	0.93119			6
2025.11.07	01:00:30.640	0.93095	0.93121			6
2025.11.07	01:00:31.591	0.93097				2
2025.11.07	01:00:33.721	0.93093	0.93119			6
2025.11.07	01:00:34.099	0.93094				2
2025.11.07	01:00:34.664	0.93098				2
2025.11.07	01:00:35.206	0.93090				2
2025.11.07	01:00:36.914	0.93089				2
2025.11.07	01:00:38.675	0.93090				2
2025.11.07	01:00:39.011	0.93089				2
2025.11.07	01:00:39.794	0.93099				2
2025.11.07	01:00:40.516	0.93091				2
2025.11.07	01:00:42.357	0.93092				2
2025.11.07	01:00:45.798	0.93093				2
2025.11.07	01:00:50.745	0.93092				2
2025.11.07	01:00:51.059		0.93121			4
2025.11.07	01:00:57.338	0.93094				2
2025.11.07	01:00:57.878	0.93099				2
2025.11.07	01:00:58.810	0.93098				2
2025.11.07	01:00:59.527	0.93097				2
2025.11.07	01:00:59.831	0.93094	0.93120			6
2025.11.07	01:01:00.310	0.93087	0.93119			6
2025.11.07	01:01:00.618	0.93089	0.93114			6
2025.11.07	01:01:02.636	0.93087				2
2025.11.07	01:01:03.578		0.93113			4
2025.11.07	01:01:05.357		0.93111			4
2025.11.07	01:01:05.717	0.93082				2
2025.11.07	01:01:06.025	0.93083	0.93112			6
2025.11.07	01:01:09.477	0.93084				2
2025.11.07	01:01:10.414		0.93113			4
2025.11.07	01:01:15.362	0.93087	0.93114			6
2025.11.07	01:01:17.607	0.93089	0.93115			6
2025.11.07	01:01:21.280	0.93092	0.93120			6
2025.11.07	01:01:29.474	0.93095				2
2025.11.07	01:01:31.983	0.93097				2
2025.11.07	01:01:32.383		0.93119			4
2025.11.07	01:01:33.286	0.93098				2
2025.11.07	01:01:33.785	0.93096				2
2025.11.07	01:01:35.075	0.93095				2
2025.11.07	01:01:35.378		0.93118			4
2025.11.07	01:01:36.284	0.93096				2
2025.11.07	01:01:42.278		0.93120			4
2025.11.07	01:01:43.766	0.93097				2
2025.11.07	01:01:44.978		0.93121			4
2025.11.07	01:01:46.779		0.93120			4
2025.11.07	01:01:49.102	0.93096				2
2025.11.07	01:01:51.130	0.93097				2
2025.11.07	01:01:52.987	0.93094	0.93117			6
2025.11.07	01:02:00.878	0.93094				2
2025.11.07	01:02:02.234	0.93095	0.93119			6
2025.11.07	01:02:02.537		0.93120			4
2025.11.07	01:02:03.440		0.93119			4
2025.11.07	01:02:10.589		0.93117			4
2025.11.07	01:02:16.179		0.93119			4
2025.11.07	01:02:16.616		0.93118			4
2025.11.07	01:02:20.526		0.93119			4
2025.11.07	01:02:22.068		0.93117			4
2025.11.07	01:02:22.661	0.93096				2
2025.11.07	01:02:23.080		0.93118			4
2025.11.07	01:02:23.703	0.93095				2
2025.11.07	01:02:24.283		0.93117			4
2025.11.07	01:02:25.607	0.93101	0.93109			6
2025.11.07	01:02:29.361	0.93098	0.93120			6
2025.11.07	01:02:29.965	0.93097				2
2025.11.07	01:02:30.500	0.93098				2
2025.11.07	01:02:30.968	0.93097				2
2025.11.07	01:02:31.478	0.93098				2
2025.11.07	01:02:31.965	0.93097				2
2025.11.07	01:02:32.488	0.93098				2
2025.11.07	01:02:32.965	0.93097	0.93119			6
2025.11.07	01:02:33.356	0.93098				2
2025.11.07	01:02:35.502		0.93120			4
2025.11.07	01:02:36.457	0.93099				2
2025.11.07	01:02:40.240		0.93119			4
2025.11.07	01:02:40.814	0.93097				2
2025.11.07	01:02:41.677		0.93118			4
2025.11.07	01:02:43.724	0.93098				2
2025.11.07	01:02:46.065	0.93097				2
2025.11.07	01:02:46.966	0.93098				2
2025.11.07	01:02:51.726	0.93097				2
2025.11.07	01:02:56.379		0.93117			4
2025.11.07	01:02:56.732		0.93116			4
2025.11.07	01:03:00.350	0.93096				2
2025.11.07	01:03:08.078	0.93095				2
2025.11.07	01:03:09.147		0.93115			4
2025.11.07	01:03:12.580		0.93114			4
2025.11.07	01:03:22.510	0.93096	0.93118			6
2025.11.07	01:03:22.822		0.93116			4
2025.11.07	01:03:31.036	0.93097				2
2025.11.07	01:03:32.035	0.93096				2
2025.11.07	01:03:33.832		0.93115			4
2025.11.07	01:03:36.578		0.93116			4
2025.11.07	01:03:52.607	0.93095				2
2025.11.07	01:04:00.410	0.93095	0.93115			6
2025.11.07	01:04:03.280		0.93116			4
2025.11.07	01:04:13.182	0.93096				2
2025.11.07	01:04:14.369		0.93115			4
2025.11.07	01:04:15.364	0.93098				2
2025.11.07	01:04:35.109	0.93101	0.93117			6
2025.11.07	01:04:36.579	0.93104	0.93112			6
2025.11.07	01:04:37.243	0.93103	0.93111			6
2025.11.07	01:04:38.501	0.93104	0.93112			6
2025.11.07	01:04:40.104	0.93101	0.93116			6
2025.11.07	01:04:47.485		0.93117			4
2025.11.07	01:04:49.403	0.93100				2
2025.11.07	01:04:51.878	0.93101	0.93116			6
2025.11.07	01:05:00.110	0.93101				2
2025.11.07	01:05:00.429	0.93102	0.93118			6
2025.11.07	01:05:00.923	0.93101	0.93116			6
2025.11.07	01:05:03.278		0.93115			4
2025.11.07	01:05:05.523	0.93102	0.93117			6
2025.11.07	01:05:08.377		0.93116			4
2025.11.07	01:05:13.178	0.93103	0.93117			6
2025.11.07	01:05:17.383	0.93102				2
2025.11.07	01:05:18.491	0.93103	0.93118			6
2025.11.07	01:05:21.939	0.93104	0.93119			6
2025.11.07	01:05:23.056		0.93117			4
2025.11.07	01:05:32.884	0.93103				2
2025.11.07	01:05:35.078	0.93104	0.93118			6
2025.11.07	01:05:39.328		0.93119			4
2025.11.07	01:05:46.138	0.93105				2
2025.11.07	01:05:46.646	0.93102				2
2025.11.07	01:05:46.960		0.93116			4
2025.11.07	01:05:48.277		0.93117			4
2025.11.07	01:05:49.778		0.93116			4
2025.11.07	01:05:57.299	0.93103	0.93119			6
2025.11.07	01:05:57.603	0.93106				2
2025.11.07	01:05:58.309		0.93120			4
2025.11.07	01:06:00.280	0.93106	0.93119			6
2025.11.07	01:06:00.639	0.93107				2
2025.11.07	01:06:00.988	0.93106				2
2025.11.07	01:06:03.528	0.93109	0.93122			6
2025.11.07	01:06:04.220	0.93110	0.93123			6
2025.11.07	01:06:08.433	0.93112	0.93122			6
2025.11.07	01:06:11.678	0.93111				2
2025.11.07	01:06:12.235	0.93112				2
2025.11.07	01:06:15.624		0.93127			4
2025.11.07	01:06:16.480	0.93113				2
2025.11.07	01:06:30.515		0.93129			4
2025.11.07	01:06:33.746	0.93111	0.93123			6
2025.11.07	01:06:34.177		0.93124			4
2025.11.07	01:06:34.528	0.93112	0.93126			6
2025.11.07	01:06:53.382	0.93111				2
2025.11.07	01:06:56.081	0.93112				2
2025.11.07	01:07:01.177	0.93112				2
2025.11.07	01:07:02.359	0.93111	0.93124			6
2025.11.07	01:07:06.278	0.93112				2
2025.11.07	01:07:09.278		0.93125			4
2025.11.07	01:07:11.379		0.93124			4
2025.11.07	01:07:18.528	0.93113				2
2025.11.07	01:07:20.079	0.93112	0.93125			6
2025.11.07	01:07:35.380		0.93124			4
2025.11.07	01:07:40.779		0.93125			4
2025.11.07	01:07:41.164		0.93124			4
2025.11.07	01:07:43.478		0.93125			4
2025.11.07	01:07:56.559		0.93124			4
2025.11.07	01:08:00.578	0.93112				2
2025.11.07	01:08:08.079	0.93115	0.93128			6
2025.11.07	01:08:10.778		0.93129			4
2025.11.07	01:08:18.880	0.93114	0.93128			6
2025.11.07	01:08:19.459		0.93129			4
2025.11.07	01:08:20.187	0.93115				2
2025.11.07	01:08:30.659	0.93114				2
2025.11.07	01:08:31.074		0.93130			4
2025.11.07	01:08:36.231	0.93111	0.93126			6
2025.11.07	01:08:58.453		0.93124			4
2025.11.07	01:09:00.548	0.93111				2
2025.11.07	01:09:08.543	0.93114	0.93127			6
2025.11.07	01:09:14.810	0.93111	0.93122			6
2025.11.07	01:09:15.741	0.93113	0.93126			6
2025.11.07	01:09:16.670	0.93110	0.93121			6
2025.11.07	01:09:17.728	0.93112	0.93124			6
2025.11.07	01:09:19.148		0.93126			4
2025.11.07	01:09:19.460	0.93113	0.93125			6
2025.11.07	01:09:20.298	0.93110	0.93121			6
2025.11.07	01:09:21.014	0.93112	0.93124			6
2025.11.07	01:09:21.361	0.93113				2
2025.11.07	01:09:22.086	0.93111	0.93122			6
2025.11.07	01:09:22.636	0.93113	0.93124			6
2025.11.07	01:09:23.979	0.93111	0.93122			6
2025.11.07	01:09:25.183	0.93112	0.93124			6
2025.11.07	01:09:26.270	0.93110	0.93121			6
2025.11.07	01:09:26.785	0.93111	0.93122			6
2025.11.07	01:09:27.111	0.93112	0.93123			6
2025.11.07	01:09:27.864	0.93111	0.93122			6
2025.11.07	01:09:28.925	0.93112	0.93123			6
2025.11.07	01:09:30.156	0.93111	0.93122			6
2025.11.07	01:09:32.217	0.93112				2
2025.11.07	01:09:33.049	0.93111				2
2025.11.07	01:09:33.870	0.93112	0.93123			6
2025.11.07	01:09:34.233	0.93113				2
2025.11.07	01:09:35.330	0.93112	0.93122			6
2025.11.07	01:09:36.413	0.93113	0.93123			6
2025.11.07	01:09:37.778		0.93124			4
2025.11.07	01:09:39.057	0.93111	0.93121			6
2025.11.07	01:09:40.170		0.93122			4
2025.11.07	01:09:41.361	0.93112	0.93123			6
2025.11.07	01:09:42.921	0.93111				2
2025.11.07	01:09:43.817	0.93112				2
2025.11.07	01:09:44.758		0.93122			4
2025.11.07	01:09:45.440	0.93113	0.93123			6
2025.11.07	01:09:46.001	0.93114	0.93125			6
2025.11.07	01:09:47.115	0.93111	0.93122			6
2025.11.07	01:09:48.277		0.93123			4
2025.11.07	01:09:49.114	0.93112	0.93124			6
2025.11.07	01:09:50.043	0.93111	0.93123			6
2025.11.07	01:09:51.956	0.93112	0.93124			6
2025.11.07	01:09:53.078	0.93113				2
2025.11.07	01:09:53.720	0.93112	0.93123			6
2025.11.07	01:09:55.194		0.93125			4
2025.11.07	01:09:57.595	0.93113				2
2025.11.07	01:09:58.477		0.93123			4
2025.11.07	01:09:59.501	0.93115	0.93128			6
2025.11.07	01:10:00.374	0.93116	0.93127			6
2025.11.07	01:10:01.014	0.93111	0.93124			6
2025.11.07	01:10:02.678	0.93112				2
2025.11.07	01:10:03.858	0.93113	0.93127			6
2025.11.07	01:10:04.701		0.93126			4
2025.11.07	01:10:08.401	0.93114	0.93127			6
2025.11.07	01:10:09.195		0.93125			4
2025.11.07	01:10:09.497		0.93126			4
2025.11.07	01:10:09.902		0.93127			4
2025.11.07	01:10:10.353		0.93128			4
2025.11.07	01:10:11.100		0.93129			4
2025.11.07	01:10:15.568		0.93128			4
2025.11.07	01:10:18.379	0.93115				2
2025.11.07	01:10:18.690	0.93114				2
2025.11.07	01:10:39.551	0.93116				2
2025.11.07	01:10:40.073		0.93129			4
2025.11.07	01:10:40.779	0.93115				2
2025.11.07	01:10:43.177		0.93127			4
2025.11.07	01:10:43.502		0.93128			4
2025.11.07	01:10:45.184		0.93127			4
2025.11.07	01:10:45.491		0.93128			4
2025.11.07	01:10:46.780	0.93114				2
2025.11.07	01:10:47.329		0.93127			4
2025.11.07	01:10:47.795	0.93115	0.93129			6
2025.11.07	01:11:00.277	0.93115				2
2025.11.07	01:11:00.643	0.93114				2
2025.11.07	01:11:02.080	0.93115	0.93130			6
2025.11.07	01:11:04.516	0.93113	0.93126			6
2025.11.07	01:11:04.884	0.93111	0.93122			6
2025.11.07	01:11:05.778	0.93112				2
2025.11.07	01:11:10.127	0.93111	0.93124			6
2025.11.07	01:11:11.423	0.93114	0.93127			6
2025.11.07	01:11:11.758	0.93115	0.93129			6
2025.11.07	01:11:12.359	0.93112	0.93125			6
2025.11.07	01:11:13.583	0.93115	0.93128			6
2025.11.07	01:11:14.078	0.93116				2
2025.11.07	01:11:20.409	0.93115				2
2025.11.07	01:11:22.479	0.93116				2
2025.11.07	01:11:27.546	0.93118	0.93131			6
2025.11.07	01:11:28.557		0.93132			4
2025.11.07	01:11:30.911	0.93119				2
2025.11.07	01:11:31.273	0.93120	0.93131			6
2025.11.07	01:11:35.545	0.93119				2
2025.11.07	01:11:36.032		0.93132			4
2025.11.07	01:11:42.277		0.93133			4
2025.11.07	01:11:45.756		0.93132			4
2025.11.07	01:11:47.682		0.93130			4
2025.11.07	01:11:48.534		0.93131			4
2025.11.07	01:11:50.079		0.93132			4
2025.11.07	01:11:53.489		0.93131			4
2025.11.07	01:11:55.183		0.93132			4
2025.11.07	01:12:00.514	0.93119				2
2025.11.07	01:12:00.816	0.93118	0.93131			6
2025.11.07	01:12:01.835	0.93120				2
2025.11.07	01:12:03.697		0.93132			4
2025.11.07	01:12:04.066	0.93119	0.93133			6
2025.11.07	01:12:17.378		0.93132			4
2025.11.07	01:12:20.090		0.93131			4
2025.11.07	01:12:20.782	0.93120	0.93132			6
2025.11.07	01:12:22.158	0.93121	0.93131			6
2025.11.07	01:12:25.521	0.93120	0.93133			6
2025.11.07	01:12:29.679		0.93134			4
2025.11.07	01:12:30.455		0.93133			4
2025.11.07	01:12:41.053		0.93132			4
2025.11.07	01:12:42.578		0.93133			4
2025.11.07	01:12:43.388		0.93132			4
2025.11.07	01:12:57.506		0.93131			4
2025.11.07	01:13:00.315	0.93120	0.93130			6
2025.11.07	01:13:00.673	0.93119	0.93131			6
2025.11.07	01:13:04.058	0.93118	0.93130			6
2025.11.07	01:13:05.135	0.93117	0.93127			6
2025.11.07	01:13:12.878	0.93116				2
2025.11.07	01:13:14.713	0.93115				2
2025.11.07	01:13:15.839	0.93116	0.93128			6
2025.11.07	01:13:20.165		0.93129			4
2025.11.07	01:13:21.581		0.93128			4
2025.11.07	01:13:29.751		0.93129			4
2025.11.07	01:13:31.166		0.93130			4
2025.11.07	01:13:34.392		0.93129			4
2025.11.07	01:13:36.279		0.93128			4
2025.11.07	01:13:36.897	0.93113	0.93126			6
2025.11.07	01:13:40.478		0.93127			4
2025.11.07	01:13:45.295		0.93126			4
2025.11.07	01:13:50.414		0.93125			4
2025.11.07	01:13:51.395		0.93126			4
2025.11.07	01:13:56.078	0.93114				2
2025.11.07	01:13:57.644	0.93113				2
2025.11.07	01:14:00.315	0.93113				2
2025.11.07	01:14:01.263	0.93114	0.93125			6
2025.11.07	01:14:01.908	0.93115	0.93128			6
2025.11.07	01:14:02.234		0.93129			4
2025.11.07	01:14:08.983		0.93128			4
2025.11.07	01:14:20.571		0.93127			4
2025.11.07	01:15:00.309	0.93115				2
2025.11.07	01:15:02.536		0.93126			4
2025.11.07	01:15:03.025	0.93111	0.93122			6
2025.11.07	01:15:03.338	0.93112	0.93123			6
2025.11.07	01:15:03.701		0.93122			4
2025.11.07	01:15:04.589	0.93111				2
2025.11.07	01:15:08.950		0.93123			4
2025.11.07	01:15:16.315		0.93122			4
2025.11.07	01:15:16.679		0.93121			4
2025.11.07	01:15:17.024		0.93122			4
2025.11.07	01:15:17.366		0.93121			4
2025.11.07	01:15:17.703		0.93122			4
2025.11.07	01:15:18.052		0.93121			4
2025.11.07	01:15:18.395		0.93122			4
2025.11.07	01:15:18.739		0.93121			4
2025.11.07	01:15:19.080		0.93122			4
2025.11.07	01:15:19.426		0.93121			4
2025.11.07	01:15:19.768		0.93122			4
2025.11.07	01:15:20.117		0.93121			4
2025.11.07	01:15:20.459		0.93123			4
2025.11.07	01:15:31.798	0.93112				2
2025.11.07	01:15:32.392	0.93111	0.93122			6
2025.11.07	01:15:32.918		0.93123			4
2025.11.07	01:15:33.854	0.93112	0.93122			6
2025.11.07	01:15:35.413	0.93111				2
2025.11.07	01:15:36.417		0.93123			4
2025.11.07	01:15:37.306		0.93122			4
2025.11.07	01:15:40.911	0.93110				2
2025.11.07	01:15:41.408	0.93111				2
2025.11.07	01:15:42.283		0.93123			4
2025.11.07	01:15:53.975	0.93112	0.93122			6
2025.11.07	01:15:54.968		0.93123			4
2025.11.07	01:15:55.777	0.93111				2
2025.11.07	01:15:56.141	0.93112				2
2025.11.07	01:15:58.138	0.93111				2
2025.11.07	01:16:00.210	0.93112				2
2025.11.07	01:16:00.746	0.93111				2
2025.11.07	01:16:06.427		0.93122			4
2025.11.07	01:16:07.590		0.93123			4
2025.11.07	01:16:13.990	0.93110	0.93124			6
2025.11.07	01:16:14.693	0.93111	0.93123			6
2025.11.07	01:16:22.986		0.93122			4
2025.11.07	01:16:23.828		0.93123			4
2025.11.07	01:16:25.080		0.93122			4
2025.11.07	01:16:25.957		0.93123			4
2025.11.07	01:16:27.137		0.93122			4
2025.11.07	01:16:29.098		0.93123			4
2025.11.07	01:16:35.077	0.93110	0.93124			6
2025.11.07	01:16:39.921	0.93111	0.93123			6
2025.11.07	01:16:46.171		0.93121			4
2025.11.07	01:16:46.824	0.93110				2
2025.11.07	01:16:48.610	0.93109	0.93120			6
2025.11.07	01:16:49.427		0.93121			4
2025.11.07	01:16:49.833	0.93110	0.93120			6
2025.11.07	01:16:50.275	0.93109	0.93121			6
2025.11.07	01:16:53.619		0.93123			4
2025.11.07	01:16:54.119	0.93108	0.93121			6
2025.11.07	01:16:55.227	0.93109	0.93120			6
2025.11.07	01:16:55.737		0.93121			4
2025.11.07	01:17:00.551	0.93109				2
2025.11.07	01:17:00.921		0.93120			4
2025.11.07	01:17:05.112	0.93111	0.93122			6
2025.11.07	01:17:07.210	0.93112				2
2025.11.07	01:17:07.846	0.93111				2
2025.11.07	01:17:08.246		0.93123			4
2025.11.07	01:17:10.385		0.93124			4
2025.11.07	01:17:11.211	0.93112				2
2025.11.07	01:17:11.972	0.93111	0.93123			6
2025.11.07	01:17:13.145	0.93112				2
2025.11.07	01:17:13.494	0.93111				2
2025.11.07	01:17:14.438		0.93124			4
2025.11.07	01:17:16.508	0.93112				2
2025.11.07	01:17:17.154	0.93111				2
2025.11.07	01:17:19.563		0.93123			4
2025.11.07	01:17:28.742	0.93112	0.93125			6
2025.11.07	01:17:29.061	0.93111				2
2025.11.07	01:17:29.367		0.93124			4
2025.11.07	01:17:29.998		0.93125			4
2025.11.07	01:17:31.013	0.93112	0.93124			6
2025.11.07	01:17:33.104	0.93111	0.93125			6
2025.11.07	01:17:37.992		0.93124			4
2025.11.07	01:17:42.285	0.93112				2
2025.11.07	01:17:42.621	0.93111				2
2025.11.07	01:17:49.676		0.93125			4
2025.11.07	01:17:50.197		0.93124			4
2025.11.07	01:17:50.711		0.93125			4
2025.11.07	01:17:51.236		0.93124			4
2025.11.07	01:17:51.747		0.93125			4
2025.11.07	01:17:52.071		0.93124			4
2025.11.07	01:17:53.520	0.93112				2
2025.11.07	01:17:54.855	0.93111				2
2025.11.07	01:17:55.873	0.93112				2
2025.11.07	01:17:59.527		0.93125			4
2025.11.07	01:18:00.028	0.93112	0.93124			6
2025.11.07	01:18:01.004		0.93125			4
2025.11.07	01:18:01.527		0.93124			4
2025.11.07	01:18:02.027		0.93125			4
2025.11.07	01:18:02.528		0.93124			4
2025.11.07	01:18:03.169		0.93123			4
2025.11.07	01:18:04.246	0.93111				2
2025.11.07	01:18:07.356	0.93112				2
2025.11.07	01:18:08.304	0.93114	0.93126			6
2025.11.07	01:18:10.007	0.93113				2
2025.11.07	01:18:10.720		0.93125			4
2025.11.07	01:18:13.063		0.93124			4
2025.11.07	01:18:14.482		0.93125			4
2025.11.07	01:18:25.303		0.93126			4
2025.11.07	01:18:29.080		0.93125			4
2025.11.07	01:18:29.619	0.93112				2
2025.11.07	01:18:30.884	0.93113				2
2025.11.07	01:18:31.977	0.93112				2
2025.11.07	01:18:34.777	0.93113				2
2025.11.07	01:18:35.894	0.93112				2
2025.11.07	01:19:00.593	0.93112				2
2025.11.07	01:19:21.991		0.93124			4
2025.11.07	01:19:23.895		0.93122			4
2025.11.07	01:19:24.222		0.93124			4
2025.11.07	01:19:24.561		0.93123			4
2025.11.07	01:19:24.966		0.93124			4
2025.11.07	01:19:29.975	0.93114	0.93123			6
2025.11.07	01:19:30.284		0.93124			4
2025.11.07	01:19:31.144		0.93125			4
2025.11.07	01:19:32.283		0.93124			4
2025.11.07	01:19:33.447		0.93125			4
2025.11.07	01:19:34.427		0.93124			4
2025.11.07	01:19:37.428		0.93125			4
2025.11.07	01:19:38.499		0.93124			4
2025.11.07	01:19:39.861		0.93123			4
2025.11.07	01:19:41.991		0.93124			4
2025.11.07	01:19:42.580		0.93123			4
2025.11.07	01:19:45.042		0.93124			4
2025.11.07	01:19:45.747		0.93122			4
2025.11.07	01:19:46.180		0.93123			4
2025.11.07	01:19:50.988	0.93113	0.93125			6
2025.11.07	01:19:51.300		0.93126			4
2025.11.07	01:19:52.694	0.93116	0.93128			6
2025.11.07	01:19:54.379		0.93129			4
2025.11.07	01:19:55.178		0.93128			4
2025.11.07	01:19:56.565		0.93127			4
2025.11.07	01:19:57.602		0.93128			4
2025.11.07	01:20:00.441	0.93116	0.93126			6
2025.11.07	01:20:00.839		0.93127			4
2025.11.07	01:20:01.497		0.93126			4
2025.11.07	01:20:01.876		0.93127			4
2025.11.07	01:20:02.560	0.93117				2
2025.11.07	01:20:02.889	0.93116	0.93126			6
2025.11.07	01:20:03.913		0.93125			4
2025.11.07	01:20:04.478		0.93127			4
2025.11.07	01:20:04.965		0.93126			4
2025.11.07	01:20:05.281		0.93127			4
2025.11.07	01:20:06.067	0.93115	0.93125			6
2025.11.07	01:20:06.376		0.93124			4
2025.11.07	01:20:06.840		0.93125			4
2025.11.07	01:20:08.960		0.93123			4
2025.11.07	01:20:09.550		0.93124			4
2025.11.07	01:20:10.644	0.93116	0.93126			6
2025.11.07	01:20:11.145	0.93115	0.93127			6
2025.11.07	01:20:11.904	0.93116	0.93126			6
2025.11.07	01:20:12.878		0.93127			4
2025.11.07	01:20:16.043		0.93126			4
2025.11.07	01:20:16.478	0.93115	0.93127			6
2025.11.07	01:20:17.082		0.93125			4
2025.11.07	01:20:17.489		0.93127			4
2025.11.07	01:20:20.187	0.93116				2
2025.11.07	01:20:21.354	0.93115				2
2025.11.07	01:20:22.317	0.93116				2
2025.11.07	01:20:23.815	0.93115				2
2025.11.07	01:20:25.365	0.93116				2
2025.11.07	01:20:25.894	0.93115				2
2025.11.07	01:20:27.438	0.93116				2
2025.11.07	01:20:28.602	0.93115				2
2025.11.07	01:20:29.507	0.93116				2
2025.11.07	01:20:30.277	0.93115				2
2025.11.07	01:20:31.579	0.93116	0.93126			6
2025.11.07	01:20:31.966	0.93115	0.93127			6
2025.11.07	01:20:32.539	0.93116				2
2025.11.07	01:20:33.278	0.93115				2
2025.11.07	01:20:34.689	0.93116				2
2025.11.07	01:20:34.991	0.93115	0.93124			6
2025.11.07	01:20:36.044		0.93128			4
2025.11.07	01:20:36.356		0.93124			4
2025.11.07	01:20:38.502		0.93125			4
2025.11.07	01:20:38.828		0.93124			4
2025.11.07	01:20:39.866		0.93125			4
2025.11.07	01:20:41.937		0.93124			4
2025.11.07	01:20:42.277		0.93125			4
2025.11.07	01:20:43.045		0.93124			4
2025.11.07	01:20:43.393		0.93126			4
2025.11.07	01:20:43.898		0.93125			4
2025.11.07	01:20:50.220		0.93124			4
2025.11.07	01:20:52.223		0.93125			4
2025.11.07	01:20:56.952	0.93114	0.93127			6
2025.11.07	01:20:57.690		0.93126			4
2025.11.07	01:21:00.512	0.93114	0.93127			6
2025.11.07	01:21:00.952	0.93111	0.93124			6
2025.11.07	01:21:01.444	0.93114	0.93126			6
2025.11.07	01:21:07.863	0.93112	0.93125			6
2025.11.07	01:21:10.699		0.93124			4
2025.11.07	01:21:11.070		0.93125			4
2025.11.07	01:21:19.683		0.93124			4
2025.11.07	01:21:30.797	0.93111				2
2025.11.07	01:21:31.783	0.93110				2
2025.11.07	01:21:32.945	0.93111				2
2025.11.07	01:21:33.853	0.93110				2
2025.11.07	01:21:44.536		0.93123			4
2025.11.07	01:21:50.074		0.93122			4
2025.11.07	01:21:51.877		0.93123			4
2025.11.07	01:21:58.228	0.93108	0.93121			6
2025.11.07	01:21:58.537	0.93111	0.93123			6
2025.11.07	01:21:59.278	0.93110				2
2025.11.07	01:22:00.730	0.93109				2
2025.11.07	01:22:06.060	0.93110				2
2025.11.07	01:22:07.982	0.93109	0.93121			6
2025.11.07	01:22:08.309		0.93123			4
2025.11.07	01:22:09.055		0.93122			4
2025.11.07	01:22:10.778		0.93121			4
2025.11.07	01:22:13.479		0.93123			4
2025.11.07	01:22:16.344	0.93110	0.93121			6
2025.11.07	01:22:17.701	0.93108				2
2025.11.07	01:22:25.936		0.93118			4
2025.11.07	01:22:28.479		0.93117			4
2025.11.07	01:22:31.019	0.93107				2
2025.11.07	01:22:31.394	0.93108				2
2025.11.07	01:22:32.071		0.93119			4
2025.11.07	01:22:32.686		0.93117			4
2025.11.07	01:22:33.034		0.93119			4
2025.11.07	01:22:34.797		0.93120			4
2025.11.07	01:22:36.236		0.93117			4
2025.11.07	01:22:37.237		0.93118			4
2025.11.07	01:22:37.771		0.93117			4
2025.11.07	01:22:40.305	0.93105				2
2025.11.07	01:22:40.618		0.93116			4
2025.11.07	01:22:40.973	0.93104	0.93118			6
2025.11.07	01:22:43.614		0.93117			4
2025.11.07	01:22:43.952		0.93115			4
2025.11.07	01:22:44.438		0.93116			4
2025.11.07	01:22:45.878		0.93115			4
2025.11.07	01:22:47.629		0.93118			4
2025.11.07	01:22:50.083	0.93105	0.93116			6
2025.11.07	01:22:50.397		0.93118			4
2025.11.07	01:22:50.698		0.93116			4
2025.11.07	01:22:51.142	0.93104	0.93117			6
2025.11.07	01:22:52.097	0.93105	0.93115			6
2025.11.07	01:22:52.399		0.93116			4
2025.11.07	01:22:54.251	0.93104				2
2025.11.07	01:22:54.750	0.93105	0.93115			6
2025.11.07	01:22:55.123	0.93104	0.93116			6
2025.11.07	01:22:55.485		0.93117			4
2025.11.07	01:22:56.304	0.93105	0.93115			6
2025.11.07	01:23:00.320	0.93104	0.93118			6
2025.11.07	01:23:00.678	0.93105				2
2025.11.07	01:23:03.439	0.93104				2
2025.11.07	01:23:04.686	0.93106				2
2025.11.07	01:23:07.800		0.93117			4
2025.11.07	01:23:12.064		0.93118			4
2025.11.07	01:23:13.981		0.93119			4
2025.11.07	01:23:14.377		0.93118			4
2025.11.07	01:23:15.936	0.93108	0.93121			6
2025.11.07	01:23:17.078		0.93120			4
2025.11.07	01:23:18.401		0.93119			4
