<DATE>	<TIME>	<BID>	<ASK>	<LAST>	<VOLUME>	<FLAGS>
2025.03.26	00:03:30.508	0.95174	0.95272			6
2025.03.26	00:03:48.329	0.95171				2
2025.03.26	00:03:48.953	0.95174				2
2025.03.26	00:04:00.760	0.95174				2
2025.03.26	00:04:15.545	0.95179	0.95330			6
2025.03.26	00:05:01.689	0.95179				2
2025.03.26	00:05:05.647	0.95169	0.95294			6
2025.03.26	00:05:13.662	0.95177				2
2025.03.26	00:06:03.661	0.95177				2
2025.03.26	00:06:06.347		0.95294			4
2025.03.26	00:06:09.827	0.95179	0.95295			6
2025.03.26	00:06:12.355		0.95294			4
2025.03.26	00:07:00.766	0.95179				2
2025.03.26	00:07:14.650		0.95294			4
2025.03.26	00:07:15.157		0.95293			4
2025.03.26	00:08:02.337	0.95179				2
2025.03.26	00:08:27.903		0.95293			4
2025.03.26	00:09:00.376	0.95179				2
2025.03.26	00:09:30.580		0.95293			4
2025.03.26	00:09:49.514	0.95183				2
2025.03.26	00:10:00.372	0.95197				2
2025.03.26	00:10:11.751	0.95189	0.95310			6
2025.03.26	00:10:12.071	0.95191	0.95312			6
2025.03.26	00:10:19.954	0.95189	0.95310			6
2025.03.26	00:10:25.104	0.95190	0.95311			6
2025.03.26	00:10:30.863	0.95192	0.95313			6
2025.03.26	00:10:32.073	0.95193	0.95314			6
2025.03.26	00:10:34.194	0.95194	0.95315			6
2025.03.26	00:10:35.104	0.95195	0.95316			6
2025.03.26	00:10:35.710	0.95190	0.95311			6
2025.03.26	00:10:38.441	0.95194	0.95315			6
2025.03.26	00:10:39.045	0.95192	0.95313			6
2025.03.26	00:10:39.347	0.95193	0.95314			6
2025.03.26	00:10:39.653	0.95190	0.95311			6
2025.03.26	00:10:41.473	0.95193	0.95314			6
2025.03.26	00:10:42.081	0.95190	0.95311			6
2025.03.26	00:10:49.964	0.95194	0.95315			6
2025.03.26	00:10:50.569	0.95191	0.95312			6
2025.03.26	00:11:00.015	0.95191				2
2025.03.26	00:11:03.045	0.95190	0.95311			6
2025.03.26	00:11:12.141	0.95189	0.95310			6
2025.03.26	00:11:14.011	0.95193	0.95314			6
2025.03.26	00:11:17.343	0.95198	0.95294			6
2025.03.26	00:11:23.284	0.95193	0.95314			6
2025.03.26	00:11:23.910	0.95198	0.95294			6
2025.03.26	00:11:29.843	0.95193	0.95314			6
2025.03.26	00:11:30.483	0.95198	0.95294			6
2025.03.26	00:11:47.960	0.95199				2
2025.03.26	00:11:51.254	0.95198				2
2025.03.26	00:12:06.258	0.95198				2
2025.03.26	00:12:16.766	0.95197				2
2025.03.26	00:12:18.255	0.95198				2
2025.03.26	00:12:38.978		0.95294			4
2025.03.26	00:12:48.559	0.95197				2
2025.03.26	00:12:48.887	0.95196				2
2025.03.26	00:12:50.155		0.95292			4
2025.03.26	00:12:51.068		0.95287			4
2025.03.26	00:12:57.860	0.95198				2
2025.03.26	00:13:02.337	0.95198				2
2025.03.26	00:13:48.136	0.95197				2
2025.03.26	00:13:49.466	0.95202	0.95306			6
2025.03.26	00:13:49.988	0.95203				2
2025.03.26	00:13:51.823	0.95196	0.95274			6
2025.03.26	00:13:52.154	0.95194				2
2025.03.26	00:13:55.158	0.95193				2
2025.03.26	00:13:55.759	0.95192				2
2025.03.26	00:14:00.361	0.95192				2
2025.03.26	00:14:45.256	0.95191				2
2025.03.26	00:14:53.061		0.95274			4
2025.03.26	00:14:54.818		0.95273			4
2025.03.26	00:15:00.304	0.95191				2
2025.03.26	00:15:20.430		0.95300			4
2025.03.26	00:15:21.183		0.95273			4
2025.03.26	00:16:01.826	0.95191				2
2025.03.26	00:16:12.254	0.95178				2
2025.03.26	00:16:20.310	0.95177				2
2025.03.26	00:16:23.355		0.95273			4
2025.03.26	00:16:38.054	0.95176				2
2025.03.26	00:16:49.044	0.95175				2
2025.03.26	00:16:49.544	0.95176				2
2025.03.26	00:16:50.043	0.95177				2
2025.03.26	00:16:59.934	0.95178				2
2025.03.26	00:17:00.388	0.95178				2
2025.03.26	00:17:24.049		0.95273			4
2025.03.26	00:18:04.855	0.95178				2
2025.03.26	00:18:25.559		0.95273			4
2025.03.26	00:18:28.653	0.95200	0.95283			6
2025.03.26	00:18:49.063	0.95179	0.95273			6
2025.03.26	00:18:49.369	0.95180				2
2025.03.26	00:18:50.998	0.95179				2
2025.03.26	00:19:00.367	0.95179				2
2025.03.26	00:19:49.311	0.95178	0.95273			6
2025.03.26	00:19:51.258	0.95179				2
2025.03.26	00:20:01.028	0.95179				2
2025.03.26	00:20:49.425	0.95178	0.95273			6
2025.03.26	00:20:56.568	0.95179				2
2025.03.26	00:20:57.064	0.95177				2
2025.03.26	00:20:57.857	0.95178				2
2025.03.26	00:21:02.108	0.95178				2
2025.03.26	00:21:04.413	0.95181				2
2025.03.26	00:21:19.436	0.95179				2
2025.03.26	00:21:21.259	0.95178				2
2025.03.26	00:21:52.240		0.95273			4
2025.03.26	00:22:01.690	0.95178				2
2025.03.26	00:22:08.087	0.95179				2
2025.03.26	00:22:13.625	0.95180				2
2025.03.26	00:22:19.150	0.95179				2
2025.03.26	00:22:21.561	0.95180				2
2025.03.26	00:22:24.557	0.95179				2
2025.03.26	00:22:53.677		0.95273			4
2025.03.26	00:23:01.689	0.95179				2
2025.03.26	00:23:22.157	0.95178				2
2025.03.26	00:23:49.059		0.95272			4
2025.03.26	00:24:03.223	0.95178				2
2025.03.26	00:24:38.846	0.95174	0.95267			6
2025.03.26	00:24:39.255	0.95173				2
2025.03.26	00:24:49.152	0.95174				2
2025.03.26	00:25:00.325	0.95174				2
2025.03.26	00:25:04.133		0.95272			4
2025.03.26	00:25:06.115	0.95173				2
2025.03.26	00:26:10.096	0.95173	0.95272			6
2025.03.26	00:27:02.117	0.95173				2
2025.03.26	00:27:14.056		0.95272			4
2025.03.26	00:28:04.985	0.95176				2
2025.03.26	00:28:05.851		0.95274			4
2025.03.26	00:28:07.129	0.95177				2
2025.03.26	00:29:02.337	0.95177				2
2025.03.26	00:29:11.655		0.95274			4
2025.03.26	00:29:40.219	0.95178				2
2025.03.26	00:30:00.305	0.95176				2
2025.03.26	00:30:13.013		0.95274			4
2025.03.26	00:31:00.929	0.95176				2
2025.03.26	00:31:17.955		0.95274			4
2025.03.26	00:31:31.343	0.95177				2
2025.03.26	00:31:46.453	0.95176				2
2025.03.26	00:32:00.462	0.95176				2
2025.03.26	00:32:02.688	0.95177				2
2025.03.26	00:32:18.252	0.95176	0.95274			6
2025.03.26	00:32:36.603	0.95180				2
2025.03.26	00:32:36.915	0.95182				2
2025.03.26	00:32:39.488	0.95179				2
2025.03.26	00:32:43.620	0.95181				2
2025.03.26	00:32:49.457	0.95182				2
2025.03.26	00:33:00.629	0.95182				2
2025.03.26	00:33:06.561	0.95183				2
2025.03.26	00:33:15.734	0.95181				2
2025.03.26	00:33:16.167	0.95180				2
2025.03.26	00:33:20.655		0.95274			4
2025.03.26	00:33:38.962	0.95181				2
2025.03.26	00:34:02.337	0.95181				2
2025.03.26	00:34:15.173		0.95272			4
2025.03.26	00:34:55.389	0.95186				2
2025.03.26	00:34:56.956	0.95187				2
2025.03.26	00:35:04.961	0.95181				2
2025.03.26	00:35:13.157	0.95182				2
2025.03.26	00:35:15.519		0.95272			4
2025.03.26	00:35:52.115	0.95183				2
2025.03.26	00:35:56.426	0.95179				2
2025.03.26	00:35:56.955	0.95182				2
2025.03.26	00:35:59.571	0.95180				2
2025.03.26	00:36:00.375	0.95180				2
2025.03.26	00:36:03.554	0.95181				2
2025.03.26	00:36:06.818	0.95180				2
2025.03.26	00:36:13.380	0.95179				2
2025.03.26	00:36:14.962	0.95180				2
2025.03.26	00:36:22.338		0.95272			4
2025.03.26	00:36:28.475	0.95178				2
2025.03.26	00:36:31.511	0.95179				2
2025.03.26	00:36:37.453	0.95178				2
2025.03.26	00:37:00.378	0.95182				2
2025.03.26	00:37:03.863	0.95179				2
2025.03.26	00:37:05.286	0.95178				2
2025.03.26	00:37:05.597	0.95181				2
2025.03.26	00:37:11.091	0.95184				2
2025.03.26	00:37:13.382	0.95183				2
2025.03.26	00:37:24.220	0.95181	0.95272			6
2025.03.26	00:37:25.760	0.95180				2
2025.03.26	00:37:26.276	0.95183				2
2025.03.26	00:37:26.866	0.95182				2
2025.03.26	00:37:36.347	0.95183				2
2025.03.26	00:37:36.785	0.95184				2
2025.03.26	00:37:53.061	0.95183				2
2025.03.26	00:38:00.359	0.95183				2
2025.03.26	00:38:07.086	0.95185				2
2025.03.26	00:38:24.553	0.95186	0.95272			6
2025.03.26	00:38:25.407	0.95185				2
2025.03.26	00:38:27.856	0.95184				2
2025.03.26	00:38:32.147	0.95185				2
2025.03.26	00:38:33.490	0.95186				2
2025.03.26	00:38:34.762	0.95185				2
2025.03.26	00:38:45.386	0.95181				2
2025.03.26	00:38:48.780	0.95182				2
2025.03.26	00:38:50.659	0.95181				2
2025.03.26	00:39:01.512	0.95181				2
2025.03.26	00:39:02.853	0.95182				2
2025.03.26	00:39:09.602	0.95184				2
2025.03.26	00:39:11.865	0.95182				2
2025.03.26	00:39:15.175	0.95184				2
2025.03.26	00:39:15.485	0.95185				2
2025.03.26	00:39:16.669	0.95182				2
2025.03.26	00:39:18.351	0.95184				2
2025.03.26	00:39:22.806	0.95182				2
2025.03.26	00:39:24.857		0.95272			4
2025.03.26	00:39:36.820	0.95181				2
2025.03.26	00:39:37.155	0.95182				2
2025.03.26	00:39:52.187	0.95181				2
2025.03.26	00:39:53.057	0.95182				2
2025.03.26	00:40:00.467	0.95183				2
2025.03.26	00:40:06.809	0.95182				2
2025.03.26	00:40:09.174	0.95183				2
2025.03.26	00:40:09.799	0.95184	0.95274			6
2025.03.26	00:40:13.157	0.95182				2
2025.03.26	00:40:28.405	0.95181				2
2025.03.26	00:40:28.753	0.95182				2
2025.03.26	00:40:29.305	0.95183				2
2025.03.26	00:40:36.817	0.95182				2
2025.03.26	00:40:37.374	0.95184				2
2025.03.26	00:40:38.171	0.95183				2
2025.03.26	00:40:38.867	0.95181				2
2025.03.26	00:40:43.334	0.95186				2
2025.03.26	00:40:44.056	0.95185				2
2025.03.26	00:40:58.400	0.95183				2
2025.03.26	00:40:59.836	0.95182				2
2025.03.26	00:41:00.468	0.95184	0.95278			6
2025.03.26	00:41:02.872	0.95186				2
2025.03.26	00:41:04.354	0.95184				2
2025.03.26	00:41:06.808	0.95183				2
2025.03.26	00:41:07.365	0.95181				2
2025.03.26	00:41:08.572	0.95186				2
2025.03.26	00:41:08.965	0.95185				2
2025.03.26	00:41:09.834	0.95186				2
2025.03.26	00:41:15.688		0.95279			4
2025.03.26	00:41:17.716	0.95184				2
2025.03.26	00:41:19.156	0.95185				2
2025.03.26	00:41:32.765	0.95184				2
2025.03.26	00:41:33.077	0.95183				2
2025.03.26	00:41:34.371	0.95184				2
2025.03.26	00:41:36.679	0.95186				2
2025.03.26	00:41:51.991	0.95183				2
2025.03.26	00:42:00.407	0.95181				2
2025.03.26	00:42:00.776	0.95180				2
2025.03.26	00:42:01.900	0.95182				2
2025.03.26	00:42:04.367	0.95183				2
2025.03.26	00:42:05.605	0.95181				2
2025.03.26	00:42:06.783	0.95182				2
2025.03.26	00:42:07.126	0.95181				2
2025.03.26	00:42:07.970	0.95182				2
2025.03.26	00:42:15.689		0.95279			4
2025.03.26	00:42:20.272	0.95183				2
2025.03.26	00:42:21.869	0.95182				2
2025.03.26	00:42:22.374	0.95184				2
2025.03.26	00:42:28.439	0.95183				2
2025.03.26	00:42:29.953	0.95184				2
2025.03.26	00:42:33.031	0.95183				2
2025.03.26	00:42:33.854	0.95184				2
2025.03.26	00:42:37.756	0.95183				2
2025.03.26	00:42:48.036	0.95184				2
2025.03.26	00:42:48.339	0.95183				2
2025.03.26	00:42:50.956	0.95184				2
2025.03.26	00:43:00.530	0.95184				2
2025.03.26	00:43:00.857	0.95183				2
2025.03.26	00:43:08.749	0.95182				2
2025.03.26	00:43:11.217	0.95184				2
2025.03.26	00:43:12.559	0.95183				2
2025.03.26	00:43:13.407	0.95184				2
2025.03.26	00:43:15.444		0.95280			4
2025.03.26	00:43:15.808	0.95183				2
2025.03.26	00:43:16.169	0.95182				2
2025.03.26	00:43:18.255	0.95181				2
2025.03.26	00:43:22.808	0.95182				2
2025.03.26	00:43:23.863	0.95181				2
2025.03.26	00:43:24.956		0.95282			4
2025.03.26	00:43:25.671	0.95184				2
2025.03.26	00:43:26.824	0.95185				2
2025.03.26	00:43:27.188	0.95180				2
2025.03.26	00:43:29.736	0.95183				2
2025.03.26	00:43:30.210	0.95182				2
2025.03.26	00:43:31.385	0.95183				2
2025.03.26	00:43:31.689	0.95182				2
2025.03.26	00:43:36.954	0.95180				2
2025.03.26	00:43:41.689	0.95179				2
2025.03.26	00:43:45.029	0.95180				2
2025.03.26	00:43:47.037	0.95184				2
2025.03.26	00:43:47.676	0.95183				2
2025.03.26	00:43:48.352	0.95185				2
2025.03.26	00:43:51.171	0.95184				2
2025.03.26	00:43:55.817	0.95185				2
2025.03.26	00:43:56.397	0.95183				2
2025.03.26	00:44:00.229	0.95183				2
2025.03.26	00:44:01.296	0.95182				2
2025.03.26	00:44:03.283	0.95180				2
2025.03.26	00:44:03.584	0.95181				2
2025.03.26	00:44:06.808	0.95180				2
2025.03.26	00:44:07.874	0.95178				2
2025.03.26	00:44:08.954	0.95180				2
2025.03.26	00:44:22.897	0.95182				2
2025.03.26	00:44:24.552	0.95181				2
2025.03.26	00:44:26.355	0.95180	0.95282			6
2025.03.26	00:44:30.554	0.95181				2
2025.03.26	00:44:33.242	0.95179				2
2025.03.26	00:44:33.560	0.95181				2
2025.03.26	00:44:46.674	0.95180				2
2025.03.26	00:44:51.366	0.95182				2
2025.03.26	00:44:53.873	0.95180				2
2025.03.26	00:45:00.691	0.95180				2
2025.03.26	00:45:02.084	0.95189	0.95310			6
2025.03.26	00:45:04.220	0.95180	0.95282			6
2025.03.26	00:45:09.171	0.95200	0.95264			6
2025.03.26	00:45:18.955	0.95204				2
2025.03.26	00:45:19.352	0.95201				2
2025.03.26	00:45:20.954	0.95200				2
2025.03.26	00:45:26.486	0.95201				2
2025.03.26	00:45:34.156	0.95200				2
2025.03.26	00:45:40.358		0.95263			4
2025.03.26	00:45:47.936		0.95262			4
2025.03.26	00:45:51.189	0.95201				2
2025.03.26	00:45:58.108		0.95261			4
2025.03.26	00:46:00.689	0.95201				2
2025.03.26	00:46:08.957	0.95200				2
2025.03.26	00:46:10.181	0.95199				2
2025.03.26	00:46:11.890	0.95200				2
2025.03.26	00:46:14.357	0.95199				2
2025.03.26	00:46:15.398	0.95200				2
2025.03.26	00:46:26.593	0.95199				2
2025.03.26	00:46:29.555	0.95200				2
2025.03.26	00:46:31.247	0.95198				2
2025.03.26	00:46:40.956	0.95206				2
2025.03.26	00:46:43.451	0.95197				2
2025.03.26	00:46:43.952	0.95198				2
2025.03.26	00:46:49.641	0.95199				2
2025.03.26	00:46:50.016	0.95197				2
2025.03.26	00:46:51.862	0.95198				2
2025.03.26	00:46:52.408	0.95200				2
2025.03.26	00:46:52.809	0.95199				2
2025.03.26	00:46:53.332	0.95202				2
2025.03.26	00:46:55.920	0.95199				2
2025.03.26	00:46:59.069		0.95261			4
2025.03.26	00:47:00.686	0.95199				2
2025.03.26	00:47:01.639	0.95200				2
2025.03.26	00:47:02.124	0.95204	0.95289			6
2025.03.26	00:47:04.277	0.95200	0.95261			6
2025.03.26	00:47:08.565	0.95198				2
2025.03.26	00:47:10.228	0.95197				2
2025.03.26	00:47:12.914	0.95201				2
2025.03.26	00:47:13.389	0.95197				2
2025.03.26	00:47:22.885	0.95198				2
2025.03.26	00:47:24.303	0.95197				2
2025.03.26	00:47:24.640	0.95198				2
2025.03.26	00:47:30.393	0.95199				2
2025.03.26	00:47:36.959	0.95198				2
2025.03.26	00:47:46.424	0.95197				2
2025.03.26	00:47:47.020	0.95196				2
2025.03.26	00:47:59.005		0.95278			4
2025.03.26	00:48:00.417	0.95195				2
2025.03.26	00:48:03.083	0.95198	0.95277			6
2025.03.26	00:48:04.341	0.95196				2
2025.03.26	00:48:08.067		0.95260			4
2025.03.26	00:48:08.379	0.95197				2
2025.03.26	00:48:11.865	0.95196				2
2025.03.26	00:48:18.960	0.95195				2
2025.03.26	00:48:20.296	0.95196				2
2025.03.26	00:48:21.562	0.95195				2
2025.03.26	00:48:38.764	0.95196				2
2025.03.26	00:48:40.149	0.95195				2
2025.03.26	00:48:43.835	0.95196				2
2025.03.26	00:48:44.213	0.95197				2
2025.03.26	00:48:44.517	0.95196				2
2025.03.26	00:48:44.954	0.95197				2
2025.03.26	00:48:48.920	0.95196				2
2025.03.26	00:48:52.806	0.95199				2
2025.03.26	00:48:53.118	0.95198				2
2025.03.26	00:48:58.155	0.95197				2
2025.03.26	00:49:00.692	0.95197				2
2025.03.26	00:49:06.810	0.95196				2
2025.03.26	00:49:11.690		0.95260			4
2025.03.26	00:49:13.170	0.95197				2
2025.03.26	00:49:18.079	0.95196				2
2025.03.26	00:49:18.385	0.95197				2
2025.03.26	00:49:21.764	0.95195				2
2025.03.26	00:49:30.385	0.95196				2
2025.03.26	00:49:33.495	0.95198				2
2025.03.26	00:49:34.755	0.95196				2
2025.03.26	00:49:35.062	0.95199				2
2025.03.26	00:49:58.418	0.95196				2
2025.03.26	00:49:58.921	0.95197				2
2025.03.26	00:50:00.031	0.95197				2
2025.03.26	00:50:02.012	0.95194				2
2025.03.26	00:50:08.410	0.95198	0.95276			6
2025.03.26	00:50:13.459	0.95199	0.95275			6
2025.03.26	00:50:15.257		0.95276			4
2025.03.26	00:50:33.491	0.95200	0.95275			6
2025.03.26	00:50:33.803	0.95199	0.95276			6
2025.03.26	00:50:47.023	0.95200	0.95275			6
2025.03.26	00:51:00.257	0.95202	0.95273			6
2025.03.26	00:51:02.686	0.95201				2
2025.03.26	00:51:04.456	0.95202				2
2025.03.26	00:51:13.456	0.95201	0.95274			6
2025.03.26	00:51:27.903	0.95202	0.95273			6
2025.03.26	00:51:29.358		0.95274			4
2025.03.26	00:51:30.531	0.95201	0.95275			6
2025.03.26	00:51:42.811	0.95205	0.95274			6
2025.03.26	00:51:43.209	0.95207	0.95272			6
2025.03.26	00:51:43.912	0.95206	0.95273			6
2025.03.26	00:51:44.356	0.95205	0.95274			6
2025.03.26	00:51:52.760	0.95206				2
2025.03.26	00:52:00.405	0.95206				2
2025.03.26	00:52:01.977		0.95273			4
2025.03.26	00:52:02.315	0.95208	0.95272			6
2025.03.26	00:52:04.198	0.95209	0.95270			6
2025.03.26	00:52:06.928	0.95210	0.95271			6
2025.03.26	00:52:10.423	0.95209				2
2025.03.26	00:52:13.188	0.95208				2
2025.03.26	00:52:17.060	0.95209				2
2025.03.26	00:52:20.668	0.95206	0.95274			6
2025.03.26	00:52:27.364		0.95273			4
2025.03.26	00:52:30.386		0.95274			4
2025.03.26	00:52:35.653	0.95205	0.95275			6
2025.03.26	00:52:37.647		0.95274			4
2025.03.26	00:52:41.129		0.95275			4
2025.03.26	00:52:43.488		0.95274			4
2025.03.26	00:52:46.382	0.95207	0.95272			6
2025.03.26	00:52:46.721		0.95273			4
2025.03.26	00:52:48.854	0.95206	0.95274			6
2025.03.26	00:52:56.959	0.95205				2
2025.03.26	00:53:00.585	0.95210	0.95270			6
2025.03.26	00:53:03.614	0.95206	0.95273			6
2025.03.26	00:53:06.822		0.95274			4
2025.03.26	00:53:08.055		0.95273			4
2025.03.26	00:53:11.390	0.95208	0.95272			6
2025.03.26	00:53:12.768	0.95209	0.95270			6
2025.03.26	00:53:13.365	0.95206	0.95273			6
2025.03.26	00:53:30.448	0.95207	0.95272			6
2025.03.26	00:53:34.365	0.95206	0.95273			6
2025.03.26	00:53:35.042	0.95207	0.95272			6
2025.03.26	00:53:46.462		0.95273			4
2025.03.26	00:53:48.477	0.95206				2
2025.03.26	00:54:01.500	0.95207	0.95272			6
2025.03.26	00:54:11.466	0.95208	0.95271			6
2025.03.26	00:54:11.775	0.95206	0.95273			6
2025.03.26	00:54:12.775	0.95207	0.95272			6
2025.03.26	00:54:15.855	0.95208	0.95271			6
2025.03.26	00:54:22.809	0.95207	0.95272			6
2025.03.26	00:54:35.354	0.95206	0.95273			6
2025.03.26	00:54:39.619	0.95207				2
2025.03.26	00:54:42.166	0.95206				2
2025.03.26	00:54:46.455		0.95274			4
2025.03.26	00:54:54.461		0.95273			4
2025.03.26	00:54:58.758	0.95205	0.95274			6
2025.03.26	00:55:01.684	0.95205				2
2025.03.26	00:55:22.055	0.95207	0.95272			6
2025.03.26	00:55:28.157	0.95208				2
2025.03.26	00:55:31.830	0.95210	0.95269			6
2025.03.26	00:56:00.715	0.95210				2
2025.03.26	00:56:17.810	0.95207	0.95266			6
2025.03.26	00:56:20.355	0.95206				2
2025.03.26	00:56:23.308	0.95208	0.95259			6
2025.03.26	00:56:33.223		0.95257			4
2025.03.26	00:56:37.787	0.95207				2
2025.03.26	00:56:38.131	0.95203				2
2025.03.26	00:56:40.138	0.95202				2
2025.03.26	00:56:48.557	0.95219				2
2025.03.26	00:56:50.047		0.95268			4
2025.03.26	00:57:00.363	0.95219				2
2025.03.26	00:57:02.662	0.95220				2
2025.03.26	00:57:23.485	0.95225	0.95273			6
2025.03.26	00:57:25.636	0.95220				2
2025.03.26	00:58:00.690	0.95220				2
2025.03.26	00:58:23.491		0.95273			4
2025.03.26	00:59:00.258	0.95220				2
2025.03.26	00:59:23.492		0.95278			4
2025.03.26	00:59:35.627	0.95238	0.95282			6
2025.03.26	00:59:56.535	0.95221	0.95273			6
2025.03.26	00:59:58.348	0.95227	0.95270			6
2025.03.26	01:00:00.316	0.95233	0.95271			6
2025.03.26	01:00:00.632	0.95234				2
2025.03.26	01:00:00.952	0.95235				2
2025.03.26	01:00:01.263	0.95226				2
2025.03.26	01:00:01.592	0.95235				2
2025.03.26	01:00:01.903	0.95225				2
2025.03.26	01:00:02.205		0.95274			4
2025.03.26	01:00:02.542	0.95226	0.95275			6
2025.03.26	01:00:02.847	0.95227	0.95276			6
2025.03.26	01:00:03.148	0.95226	0.95275			6
2025.03.26	01:00:03.757	0.95223	0.95272			6
2025.03.26	01:00:04.061	0.95225	0.95274			6
2025.03.26	01:00:04.666		0.95294			4
2025.03.26	01:00:05.058		0.95287			4
2025.03.26	01:00:07.156	0.95228	0.95288			6
2025.03.26	01:00:08.369		0.95287			4
2025.03.26	01:00:10.158		0.95288			4
2025.03.26	01:00:11.574		0.95287			4
2025.03.26	01:00:12.112	0.95222	0.95293			6
2025.03.26	01:00:12.427	0.95223	0.95292			6
2025.03.26	01:00:12.852		0.95288			4
2025.03.26	01:00:13.227		0.95269			4
2025.03.26	01:00:14.340	0.95221				2
2025.03.26	01:00:16.395	0.95222				2
2025.03.26	01:00:18.417	0.95221				2
2025.03.26	01:00:19.156	0.95222				2
2025.03.26	01:00:20.030	0.95217				2
2025.03.26	01:00:24.353	0.95220				2
2025.03.26	01:00:26.144	0.95221				2
2025.03.26	01:00:26.745	0.95219				2
2025.03.26	01:00:35.547	0.95221				2
2025.03.26	01:00:36.715	0.95223				2
2025.03.26	01:00:37.609	0.95226	0.95268			6
2025.03.26	01:00:37.925	0.95227				2
2025.03.26	01:00:38.958	0.95226	0.95269			6
2025.03.26	01:00:40.595	0.95228	0.95270			6
2025.03.26	01:00:41.964	0.95229				2
2025.03.26	01:00:46.526	0.95227				2
2025.03.26	01:00:53.042	0.95228				2
2025.03.26	01:00:56.770		0.95272			4
2025.03.26	01:01:00.309	0.95228				2
2025.03.26	01:01:00.685		0.95288			4
2025.03.26	01:01:00.987		0.95294			4
2025.03.26	01:01:01.303	0.95222	0.95270			6
2025.03.26	01:01:01.656	0.95228				2
2025.03.26	01:01:01.972	0.95217	0.95285			6
2025.03.26	01:01:02.357	0.95221	0.95288			6
2025.03.26	01:01:03.985	0.95222	0.95287			6
2025.03.26	01:01:05.358	0.95223				2
2025.03.26	01:01:05.665	0.95221	0.95278			6
2025.03.26	01:01:05.971		0.95275			4
2025.03.26	01:01:06.287		0.95277			4
2025.03.26	01:01:06.709		0.95274			4
2025.03.26	01:01:07.109	0.95220	0.95276			6
2025.03.26	01:01:07.436		0.95275			4
2025.03.26	01:01:08.057	0.95221				2
2025.03.26	01:01:10.517	0.95222				2
2025.03.26	01:01:10.827		0.95274			4
2025.03.26	01:01:11.203	0.95223	0.95273			6
2025.03.26	01:01:11.722	0.95225	0.95266			6
2025.03.26	01:01:12.386	0.95226				2
2025.03.26	01:01:13.062	0.95227				2
2025.03.26	01:01:14.826	0.95226				2
2025.03.26	01:01:16.155	0.95225				2
2025.03.26	01:01:17.312	0.95226				2
2025.03.26	01:01:21.815	0.95227				2
2025.03.26	01:01:23.056	0.95226				2
2025.03.26	01:01:28.106	0.95227	0.95277			6
2025.03.26	01:01:28.420	0.95225				2
2025.03.26	01:01:34.649	0.95227				2
2025.03.26	01:01:36.216	0.95222	0.95272			6
2025.03.26	01:01:38.270		0.95270			4
2025.03.26	01:01:39.023	0.95227	0.95272			6
2025.03.26	01:01:40.369		0.95274			4
2025.03.26	01:01:41.019	0.95226				2
2025.03.26	01:01:43.528		0.95262			4
2025.03.26	01:01:46.456	0.95227				2
2025.03.26	01:01:50.277	0.95228				2
2025.03.26	01:02:00.378	0.95228				2
2025.03.26	01:02:02.655	0.95227				2
2025.03.26	01:02:07.930	0.95226				2
2025.03.26	01:02:11.769		0.95260			4
2025.03.26	01:02:13.754		0.95256			4
2025.03.26	01:02:14.177	0.95227				2
2025.03.26	01:02:19.110	0.95228				2
2025.03.26	01:02:20.949		0.95258			4
2025.03.26	01:02:22.155	0.95227				2
2025.03.26	01:02:25.378	0.95228				2
2025.03.26	01:02:28.755	0.95229	0.95277			6
2025.03.26	01:02:29.056	0.95228				2
2025.03.26	01:02:29.366	0.95224				2
2025.03.26	01:02:29.694	0.95227				2
2025.03.26	01:02:30.003	0.95225				2
2025.03.26	01:02:30.310	0.95227				2
2025.03.26	01:02:30.625	0.95228				2
2025.03.26	01:02:31.017	0.95227				2
2025.03.26	01:02:31.326	0.95228				2
2025.03.26	01:02:32.357		0.95270			4
2025.03.26	01:02:33.556	0.95227	0.95273			6
2025.03.26	01:02:33.978		0.95271			4
2025.03.26	01:02:34.356	0.95228	0.95276			6
2025.03.26	01:02:34.835	0.95227	0.95268			6
2025.03.26	01:02:35.252	0.95228	0.95275			6
2025.03.26	01:02:35.680		0.95274			4
2025.03.26	01:02:36.351		0.95272			4
2025.03.26	01:02:36.793	0.95227				2
2025.03.26	01:02:37.207	0.95228	0.95271			6
2025.03.26	01:02:37.999		0.95272			4
2025.03.26	01:02:38.522		0.95277			4
2025.03.26	01:02:38.825	0.95227	0.95266			6
2025.03.26	01:02:39.138	0.95229	0.95277			6
2025.03.26	01:02:39.562	0.95228	0.95259			6
2025.03.26	01:02:39.977	0.95229	0.95263			6
2025.03.26	01:02:40.289	0.95225				2
2025.03.26	01:02:42.641	0.95223	0.95261			6
2025.03.26	01:02:43.154	0.95224	0.95259			6
2025.03.26	01:02:43.474	0.95223	0.95261			6
2025.03.26	01:02:44.353		0.95264			4
2025.03.26	01:02:45.243	0.95230	0.95262			6
2025.03.26	01:02:46.784	0.95229	0.95258			6
2025.03.26	01:02:48.861	0.95228				2
2025.03.26	01:03:00.267	0.95228				2
2025.03.26	01:03:01.572	0.95229				2
2025.03.26	01:03:02.780	0.95231	0.95277			6
2025.03.26	01:03:03.174	0.95230	0.95278			6
2025.03.26	01:03:04.684	0.95228	0.95271			6
2025.03.26	01:03:04.985	0.95229	0.95278			6
2025.03.26	01:03:05.810	0.95228	0.95272			6
2025.03.26	01:03:06.589	0.95229	0.95278			6
2025.03.26	01:03:08.872	0.95228	0.95271			6
2025.03.26	01:03:09.469	0.95226	0.95253			6
2025.03.26	01:03:09.776	0.95229				2
2025.03.26	01:03:10.494	0.95228	0.95271			6
2025.03.26	01:03:10.800		0.95274			4
2025.03.26	01:03:11.123		0.95271			4
2025.03.26	01:03:12.555		0.95273			4
2025.03.26	01:03:15.882		0.95271			4
2025.03.26	01:03:16.320	0.95229	0.95274			6
2025.03.26	01:03:16.624		0.95275			4
2025.03.26	01:03:16.999	0.95230	0.95276			6
2025.03.26	01:03:17.502	0.95229	0.95278			6
2025.03.26	01:03:17.806	0.95226	0.95270			6
2025.03.26	01:03:18.109	0.95227	0.95273			6
2025.03.26	01:03:18.449	0.95228				2
2025.03.26	01:03:19.223	0.95229	0.95275			6
2025.03.26	01:03:19.543	0.95230	0.95274			6
2025.03.26	01:03:21.261	0.95231				2
2025.03.26	01:03:21.986	0.95230	0.95276			6
2025.03.26	01:03:22.313		0.95274			4
2025.03.26	01:03:22.872	0.95228	0.95270			6
2025.03.26	01:03:24.259		0.95267			4
2025.03.26	01:03:26.809		0.95269			4
2025.03.26	01:03:27.230	0.95226				2
2025.03.26	01:03:30.805	0.95227	0.95268			6
2025.03.26	01:03:31.463	0.95226	0.95263			6
2025.03.26	01:03:32.353		0.95270			4
2025.03.26	01:03:34.353		0.95267			4
2025.03.26	01:03:35.325	0.95227				2
2025.03.26	01:03:36.478		0.95268			4
2025.03.26	01:03:36.941		0.95270			4
2025.03.26	01:03:37.246	0.95226	0.95263			6
2025.03.26	01:03:38.363		0.95266			4
2025.03.26	01:03:39.239	0.95225				2
2025.03.26	01:03:40.356	0.95227	0.95270			6
2025.03.26	01:03:40.673		0.95268			4
2025.03.26	01:03:41.055		0.95270			4
2025.03.26	01:03:42.806	0.95228				2
2025.03.26	01:03:48.475	0.95226				2
2025.03.26	01:03:50.850		0.95267			4
2025.03.26	01:03:51.804		0.95270			4
2025.03.26	01:03:52.127	0.95227	0.95269			6
2025.03.26	01:03:54.783	0.95228				2
2025.03.26	01:03:55.154	0.95226				2
2025.03.26	01:03:55.467		0.95268			4
2025.03.26	01:03:55.820		0.95266			4
2025.03.26	01:03:57.255	0.95225				2
2025.03.26	01:03:57.771	0.95228	0.95268			6
2025.03.26	01:03:58.087	0.95227				2
2025.03.26	01:03:58.714		0.95270			4
2025.03.26	01:03:59.432	0.95228	0.95264			6
2025.03.26	01:04:00.356	0.95228				2
2025.03.26	01:04:04.657	0.95229				2
2025.03.26	01:04:06.375	0.95226	0.95266			6
2025.03.26	01:04:06.684	0.95227				2
2025.03.26	01:04:07.410	0.95231	0.95275			6
2025.03.26	01:04:07.743		0.95277			4
2025.03.26	01:04:08.351		0.95278			4
2025.03.26	01:04:11.170	0.95232				2
2025.03.26	01:04:13.458		0.95267			4
2025.03.26	01:04:15.623	0.95231				2
2025.03.26	01:04:18.912	0.95230				2
2025.03.26	01:04:22.226	0.95229	0.95266			6
2025.03.26	01:04:22.547		0.95267			4
2025.03.26	01:04:22.866	0.95230				2
2025.03.26	01:04:25.165	0.95229				2
2025.03.26	01:04:26.477	0.95232				2
2025.03.26	01:04:26.805	0.95231				2
2025.03.26	01:04:27.279	0.95230				2
2025.03.26	01:04:29.112	0.95231				2
2025.03.26	01:04:30.254	0.95230				2
2025.03.26	01:04:37.143	0.95231				2
2025.03.26	01:04:39.379	0.95230				2
2025.03.26	01:04:43.807		0.95264			4
2025.03.26	01:04:44.225		0.95265			4
2025.03.26	01:04:45.092	0.95229				2
2025.03.26	01:04:47.355	0.95230				2
2025.03.26	01:04:52.686		0.95264			4
2025.03.26	01:04:57.378	0.95229				2
2025.03.26	01:04:57.767		0.95265			4
2025.03.26	01:05:00.333	0.95230	0.95261			6
2025.03.26	01:05:00.661		0.95262			4
2025.03.26	01:05:02.370		0.95263			4
2025.03.26	01:05:06.373	0.95231				2
2025.03.26	01:05:06.838	0.95230				2
2025.03.26	01:05:08.055	0.95231				2
2025.03.26	01:05:09.317	0.95230				2
2025.03.26	01:05:10.358	0.95227				2
2025.03.26	01:05:17.836	0.95230				2
2025.03.26	01:05:18.485	0.95229				2
2025.03.26	01:05:21.428	0.95227				2
2025.03.26	01:05:21.838		0.95264			4
2025.03.26	01:05:26.737	0.95226				2
2025.03.26	01:05:28.157	0.95227				2
2025.03.26	01:05:29.368	0.95229				2
2025.03.26	01:05:30.166	0.95227				2
2025.03.26	01:05:49.986	0.95226				2
2025.03.26	01:05:50.866	0.95229				2
2025.03.26	01:06:00.083	0.95229				2
2025.03.26	01:06:03.247	0.95233	0.95262			6
2025.03.26	01:06:05.866	0.95234				2
2025.03.26	01:06:07.960		0.95272			4
2025.03.26	01:06:08.290		0.95273			4
2025.03.26	01:06:08.986		0.95260			4
2025.03.26	01:06:10.941		0.95261			4
2025.03.26	01:06:21.088	0.95233				2
2025.03.26	01:06:21.411	0.95234				2
2025.03.26	01:06:31.174	0.95235				2
2025.03.26	01:06:35.523	0.95232	0.95278			6
2025.03.26	01:06:35.874		0.95277			4
2025.03.26	01:06:36.355	0.95229	0.95272			6
2025.03.26	01:06:37.363		0.95271			4
2025.03.26	01:06:38.382	0.95228				2
2025.03.26	01:06:39.555	0.95227				2
2025.03.26	01:06:42.222		0.95268			4
2025.03.26	01:06:44.592	0.95228	0.95271			6
2025.03.26	01:06:45.384	0.95227				2
2025.03.26	01:06:48.815	0.95228				2
2025.03.26	01:06:54.062	0.95227				2
2025.03.26	01:06:56.655	0.95228				2
2025.03.26	01:07:00.232	0.95228				2
2025.03.26	01:07:17.936	0.95227	0.95269			6
2025.03.26	01:07:18.968	0.95229				2
2025.03.26	01:07:19.763	0.95226	0.95266			6
2025.03.26	01:07:20.809	0.95227				2
2025.03.26	01:07:21.480		0.95270			4
2025.03.26	01:07:21.822	0.95226	0.95268			6
2025.03.26	01:07:22.186	0.95227	0.95266			6
2025.03.26	01:07:24.378	0.95228				2
2025.03.26	01:07:24.685		0.95271			4
2025.03.26	01:07:25.344		0.95268			4
2025.03.26	01:07:25.645	0.95227				2
2025.03.26	01:07:26.816	0.95228				2
2025.03.26	01:07:28.113	0.95227	0.95267			6
2025.03.26	01:07:29.073	0.95229	0.95263			6
2025.03.26	01:07:29.452	0.95228	0.95265			6
2025.03.26	01:07:29.851		0.95268			4
2025.03.26	01:07:30.255	0.95227				2
2025.03.26	01:07:30.575		0.95267			4
2025.03.26	01:07:32.380		0.95268			4
2025.03.26	01:07:32.825	0.95224				2
2025.03.26	01:07:33.223	0.95225	0.95264			6
2025.03.26	01:07:33.821	0.95226	0.95268			6
2025.03.26	01:07:34.809	0.95225	0.95264			6
2025.03.26	01:07:35.743	0.95226				2
2025.03.26	01:07:36.048	0.95225	0.95260			6
2025.03.26	01:07:37.607	0.95231	0.95268			6
2025.03.26	01:07:37.926	0.95233				2
2025.03.26	01:07:40.753	0.95232				2
2025.03.26	01:07:41.378	0.95233				2
2025.03.26	01:07:48.349	0.95234				2
2025.03.26	01:07:55.192	0.95243	0.95270			6
2025.03.26	01:07:55.548	0.95244				2
2025.03.26	01:07:57.215	0.95246				2
2025.03.26	01:07:58.183	0.95245				2
2025.03.26	01:07:59.057	0.95244				2
2025.03.26	01:07:59.760		0.95269			4
2025.03.26	01:08:00.328	0.95244				2
2025.03.26	01:08:02.795	0.95243	0.95286			6
2025.03.26	01:08:03.108	0.95245				2
2025.03.26	01:08:19.384	0.95240				2
2025.03.26	01:08:19.700		0.95282			4
2025.03.26	01:08:20.006	0.95241				2
2025.03.26	01:08:20.368	0.95237	0.95278			6
2025.03.26	01:08:21.836	0.95239				2
2025.03.26	01:08:23.497	0.95238				2
2025.03.26	01:08:24.185	0.95239				2
2025.03.26	01:08:26.461	0.95238				2
2025.03.26	01:08:26.882	0.95234				2
2025.03.26	01:08:27.380	0.95233				2
2025.03.26	01:08:28.161	0.95236				2
2025.03.26	01:08:28.758	0.95235				2
2025.03.26	01:08:30.380	0.95234				2
2025.03.26	01:08:32.055	0.95236				2
2025.03.26	01:08:33.256	0.95233				2
2025.03.26	01:08:33.565	0.95232	0.95276			6
2025.03.26	01:08:35.847	0.95233				2
2025.03.26	01:08:36.191	0.95231				2
2025.03.26	01:08:38.198	0.95230				2
2025.03.26	01:08:39.214	0.95231				2
2025.03.26	01:08:39.612	0.95232				2
2025.03.26	01:08:40.855	0.95231				2
2025.03.26	01:08:41.959	0.95232				2
2025.03.26	01:08:46.755	0.95231				2
2025.03.26	01:08:47.248	0.95230				2
2025.03.26	01:08:49.590	0.95229	0.95255			6
2025.03.26	01:08:49.931		0.95257			4
2025.03.26	01:08:50.902		0.95258			4
2025.03.26	01:08:53.060	0.95230				2
2025.03.26	01:09:00.534	0.95227				2
2025.03.26	01:09:02.535	0.95229				2
2025.03.26	01:09:04.456	0.95230				2
2025.03.26	01:09:05.441		0.95257			4
2025.03.26	01:09:09.493	0.95231	0.95259			6
2025.03.26	01:09:09.895	0.95230				2
2025.03.26	01:09:24.873	0.95233	0.95266			6
2025.03.26	01:09:29.687	0.95232				2
2025.03.26	01:09:30.396	0.95231				2
2025.03.26	01:09:31.154	0.95232				2
2025.03.26	01:09:34.381	0.95231				2
2025.03.26	01:09:36.024	0.95230				2
2025.03.26	01:09:37.721	0.95231				2
2025.03.26	01:09:39.042	0.95235	0.95270			6
2025.03.26	01:09:39.446	0.95234				2
2025.03.26	01:09:40.755	0.95235				2
2025.03.26	01:09:41.241	0.95234				2
2025.03.26	01:09:41.691	0.95233	0.95262			6
2025.03.26	01:09:43.542		0.95261			4
2025.03.26	01:09:45.856	0.95232				2
2025.03.26	01:09:47.574	0.95233				2
2025.03.26	01:09:49.760	0.95232				2
2025.03.26	01:09:50.878	0.95233				2
2025.03.26	01:09:55.765	0.95232				2
2025.03.26	01:09:57.260	0.95233				2
2025.03.26	01:09:58.760	0.95232				2
2025.03.26	01:10:00.225	0.95231				2
2025.03.26	01:10:05.498		0.95260			4
2025.03.26	01:10:16.848		0.95258			4
2025.03.26	01:10:55.505	0.95229				2
2025.03.26	01:11:03.437	0.95229				2
2025.03.26	01:11:09.020	0.95228	0.95251			6
2025.03.26	01:11:09.999	0.95226				2
2025.03.26	01:11:11.658	0.95227				2
2025.03.26	01:11:12.024	0.95226	0.95264			6
2025.03.26	01:11:13.445	0.95228				2
2025.03.26	01:11:16.290		0.95261			4
2025.03.26	01:11:16.815	0.95230	0.95258			6
2025.03.26	01:11:17.173	0.95227	0.95256			6
2025.03.26	01:11:18.137		0.95254			4
2025.03.26	01:11:18.770		0.95257			4
2025.03.26	01:11:19.140	0.95228	0.95258			6
2025.03.26	01:11:20.656		0.95256			4
2025.03.26	01:11:21.902		0.95258			4
2025.03.26	01:11:23.671		0.95256			4
2025.03.26	01:11:24.378		0.95258			4
2025.03.26	01:11:25.157		0.95256			4
2025.03.26	01:11:26.829		0.95258			4
2025.03.26	01:11:27.854		0.95256			4
2025.03.26	01:11:34.457		0.95258			4
2025.03.26	01:11:35.355		0.95256			4
2025.03.26	01:11:35.835	0.95229	0.95255			6
2025.03.26	01:11:36.255		0.95257			4
2025.03.26	01:11:37.373		0.95258			4
2025.03.26	01:11:39.857	0.95228				2
2025.03.26	01:11:40.617	0.95229	0.95256			6
2025.03.26	01:11:41.655	0.95228	0.95258			6
2025.03.26	01:11:48.004	0.95229				2
2025.03.26	01:11:48.833		0.95256			4
2025.03.26	01:11:50.657	0.95228				2
2025.03.26	01:11:52.154	0.95229				2
2025.03.26	01:11:53.355		0.95255			4
2025.03.26	01:12:00.082	0.95231	0.95258			6
2025.03.26	01:12:01.859	0.95227	0.95256			6
2025.03.26	01:12:10.108	0.95230				2
2025.03.26	01:12:12.172	0.95228				2
2025.03.26	01:12:12.488	0.95226				2
2025.03.26	01:12:13.945		0.95255			4
2025.03.26	01:12:17.908		0.95256			4
2025.03.26	01:12:23.377	0.95230	0.95257			6
2025.03.26	01:12:27.470	0.95227	0.95258			6
2025.03.26	01:12:27.845	0.95228				2
2025.03.26	01:12:31.755	0.95229				2
2025.03.26	01:12:32.959	0.95228				2
2025.03.26	01:12:33.751		0.95257			4
2025.03.26	01:12:44.656	0.95227				2
2025.03.26	01:12:46.047	0.95228	0.95256			6
2025.03.26	01:12:52.456	0.95229				2
2025.03.26	01:12:55.044		0.95260			4
2025.03.26	01:13:00.425	0.95229				2
2025.03.26	01:13:06.526	0.95228				2
2025.03.26	01:13:22.245		0.95259			4
2025.03.26	01:13:24.836	0.95229				2
2025.03.26	01:13:25.843	0.95228				2
2025.03.26	01:13:37.673	0.95229	0.95256			6
2025.03.26	01:13:48.367	0.95227	0.95251			6
2025.03.26	01:13:48.668	0.95223	0.95248			6
2025.03.26	01:13:48.987	0.95222				2
2025.03.26	01:13:50.632	0.95221	0.95241			6
2025.03.26	01:13:50.947	0.95218	0.95238			6
2025.03.26	01:13:51.774	0.95217	0.95241			6
2025.03.26	01:13:57.659		0.95242			4
2025.03.26	01:14:00.437	0.95217				2
2025.03.26	01:14:05.612	0.95219	0.95244			6
2025.03.26	01:14:05.939	0.95222				2
2025.03.26	01:14:14.927		0.95248			4
2025.03.26	01:14:30.897	0.95223				2
2025.03.26	01:14:36.354	0.95222				2
2025.03.26	01:14:43.258	0.95224	0.95249			6
2025.03.26	01:14:43.867		0.95246			4
2025.03.26	01:14:48.685		0.95249			4
2025.03.26	01:15:00.319	0.95230	0.95248			6
2025.03.26	01:15:02.172		0.95247			4
2025.03.26	01:15:08.200	0.95224	0.95244			6
2025.03.26	01:15:08.588	0.95227	0.95246			6
2025.03.26	01:15:09.326		0.95245			4
2025.03.26	01:15:10.417		0.95244			4
2025.03.26	01:15:11.580	0.95226	0.95239			6
2025.03.26	01:15:12.351		0.95242			4
2025.03.26	01:15:13.562		0.95238			4
2025.03.26	01:15:14.622		0.95242			4
2025.03.26	01:15:15.649		0.95238			4
2025.03.26	01:15:16.155	0.95225				2
2025.03.26	01:15:16.458	0.95226	0.95242			6
2025.03.26	01:15:17.678		0.95238			4
2025.03.26	01:15:18.689	0.95227	0.95243			6
2025.03.26	01:15:19.707	0.95226	0.95238			6
2025.03.26	01:15:20.718	0.95228	0.95243			6
2025.03.26	01:15:21.737	0.95226				2
2025.03.26	01:15:22.052		0.95238			4
2025.03.26	01:15:22.752	0.95227	0.95243			6
2025.03.26	01:15:23.768	0.95226	0.95238			6
2025.03.26	01:15:24.666	0.95227	0.95243			6
2025.03.26	01:15:25.794	0.95226	0.95238			6
2025.03.26	01:15:26.802	0.95228	0.95243			6
2025.03.26	01:15:27.662	0.95227				2
2025.03.26	01:15:28.366	0.95224				2
2025.03.26	01:15:28.721	0.95227				2
2025.03.26	01:15:30.140	0.95229	0.95242			6
2025.03.26	01:15:30.475	0.95225	0.95241			6
2025.03.26	01:15:31.186		0.95242			4
2025.03.26	01:15:31.549		0.95238			4
2025.03.26	01:15:32.267	0.95224				2
2025.03.26	01:15:32.611	0.95225				2
2025.03.26	01:15:33.701	0.95224	0.95235			6
2025.03.26	01:15:36.496		0.95233			4
2025.03.26	01:15:39.175	0.95223				2
2025.03.26	01:15:39.482		0.95231			4
2025.03.26	01:15:54.086		0.95233			4
2025.03.26	01:15:54.481		0.95231			4
2025.03.26	01:16:00.050	0.95223				2
2025.03.26	01:16:26.556		0.95233			4
2025.03.26	01:16:27.907		0.95232			4
2025.03.26	01:16:42.176	0.95228	0.95235			6
2025.03.26	01:16:45.482		0.95248			4
2025.03.26	01:16:46.230		0.95235			4
2025.03.26	01:16:50.919	0.95225				2
2025.03.26	01:16:57.610		0.95234			4
2025.03.26	01:16:58.487	0.95224	0.95231			6
2025.03.26	01:17:00.364	0.95224				2
2025.03.26	01:17:18.458		0.95233			4
2025.03.26	01:17:19.426		0.95236			4
2025.03.26	01:17:19.753	0.95223	0.95237			6
2025.03.26	01:17:20.676		0.95238			4
2025.03.26	01:17:22.046		0.95236			4
2025.03.26	01:17:29.154		0.95235			4
2025.03.26	01:17:30.184		0.95234			4
2025.03.26	01:17:31.171		0.95236			4
2025.03.26	01:17:37.871		0.95235			4
2025.03.26	01:18:00.626	0.95223				2
2025.03.26	01:18:01.544		0.95233			4
2025.03.26	01:18:04.576		0.95234			4
2025.03.26	01:18:06.014	0.95222	0.95232			6
2025.03.26	01:18:09.386		0.95233			4
2025.03.26	01:18:12.806	0.95223	0.95234			6
2025.03.26	01:18:19.544		0.95233			4
2025.03.26	01:18:19.934		0.95234			4
2025.03.26	01:18:23.312		0.95233			4
2025.03.26	01:18:41.970	0.95222	0.95241			6
2025.03.26	01:18:42.279		0.95240			4
2025.03.26	01:18:42.885		0.95234			4
2025.03.26	01:18:46.450	0.95223	0.95235			6
2025.03.26	01:18:49.152	0.95222	0.95234			6
2025.03.26	01:18:49.755	0.95223				2
2025.03.26	01:18:51.247		0.95235			4
2025.03.26	01:18:53.723		0.95234			4
2025.03.26	01:18:54.229		0.95233			4
2025.03.26	01:19:00.451	0.95223	0.95234			6
2025.03.26	01:19:05.004		0.95233			4
2025.03.26	01:19:05.379		0.95234			4
2025.03.26	01:19:09.476		0.95233			4
2025.03.26	01:19:09.951	0.95222				2
2025.03.26	01:19:11.544		0.95234			4
2025.03.26	01:19:12.000	0.95223				2
2025.03.26	01:19:14.806		0.95235			4
2025.03.26	01:19:20.178		0.95239			4
2025.03.26	01:19:20.926		0.95237			4
2025.03.26	01:19:26.470		0.95236			4
2025.03.26	01:19:28.354		0.95234			4
2025.03.26	01:19:41.488	0.95222				2
2025.03.26	01:19:42.493	0.95223				2
2025.03.26	01:19:43.488	0.95222				2
2025.03.26	01:19:44.039	0.95223				2
2025.03.26	01:19:44.419	0.95222				2
2025.03.26	01:19:47.020		0.95238			4
2025.03.26	01:19:47.371		0.95237			4
2025.03.26	01:19:55.249		0.95236			4
2025.03.26	01:19:55.589		0.95238			4
2025.03.26	01:19:55.951	0.95223				2
2025.03.26	01:19:56.266		0.95240			4
2025.03.26	01:19:56.601	0.95224				2
2025.03.26	01:19:57.490		0.95239			4
2025.03.26	01:19:57.822		0.95241			4
2025.03.26	01:20:00.406	0.95223	0.95240			6
2025.03.26	01:20:05.196		0.95239			4
2025.03.26	01:20:12.705	0.95224				2
2025.03.26	01:20:15.203	0.95223	0.95237			6
2025.03.26	01:20:16.596		0.95239			4
2025.03.26	01:20:28.786	0.95224				2
2025.03.26	01:20:31.401	0.95223				2
2025.03.26	01:20:33.158		0.95237			4
2025.03.26	01:20:33.479		0.95236			4
2025.03.26	01:20:52.364		0.95237			4
2025.03.26	01:21:00.848	0.95223				2
2025.03.26	01:21:05.442	0.95222				2
2025.03.26	01:21:06.748		0.95238			4
2025.03.26	01:21:09.114		0.95236			4
2025.03.26	01:21:10.302	0.95223				2
2025.03.26	01:21:14.539	0.95222				2
2025.03.26	01:21:23.530		0.95240			4
2025.03.26	01:21:24.278		0.95236			4
2025.03.26	01:21:25.402		0.95238			4
2025.03.26	01:21:53.544	0.95219	0.95234			6
2025.03.26	01:21:54.625	0.95220	0.95236			6
2025.03.26	01:22:01.384	0.95219	0.95233			6
2025.03.26	01:22:10.664		0.95231			4
2025.03.26	01:22:10.999		0.95232			4
2025.03.26	01:22:21.514		0.95231			4
2025.03.26	01:22:22.494	0.95220				2
2025.03.26	01:22:27.555	0.95219	0.95232			6
2025.03.26	01:22:29.237	0.95221	0.95233			6
2025.03.26	01:22:50.671	0.95225	0.95238			6
2025.03.26	01:22:50.979	0.95224				2
2025.03.26	01:23:00.257	0.95224				2
2025.03.26	01:23:03.421	0.95222				2
2025.03.26	01:23:04.507	0.95223				2
2025.03.26	01:23:17.489	0.95224	0.95239			6
2025.03.26	01:23:17.942	0.95223	0.95237			6
2025.03.26	01:23:22.243	0.95222				2
2025.03.26	01:23:27.434	0.95224				2
2025.03.26	01:23:29.251	0.95222	0.95238			6
2025.03.26	01:23:36.740	0.95223	0.95239			6
2025.03.26	01:23:37.843		0.95238			4
2025.03.26	01:23:38.847		0.95239			4
2025.03.26	01:23:40.177		0.95238			4
2025.03.26	01:23:41.197		0.95239			4
2025.03.26	01:23:42.258		0.95238			4
2025.03.26	01:23:43.232	0.95225	0.95239			6
2025.03.26	01:23:47.375	0.95226	0.95242			6
2025.03.26	01:23:48.153	0.95227				2
2025.03.26	01:23:52.906	0.95226				2
2025.03.26	01:24:00.452	0.95226				2
2025.03.26	01:24:05.206	0.95225	0.95241			6
2025.03.26	01:24:06.041	0.95226	0.95242			6
2025.03.26	01:24:11.262	0.95227	0.95243			6
2025.03.26	01:24:11.567	0.95228				2
2025.03.26	01:24:17.671	0.95226	0.95242			6
2025.03.26	01:24:19.738	0.95225				2
2025.03.26	01:24:28.917	0.95226	0.95243			6
2025.03.26	01:24:30.677	0.95227				2
2025.03.26	01:24:33.156	0.95231	0.95245			6
2025.03.26	01:24:43.047	0.95229				2
2025.03.26	01:24:43.348		0.95244			4
2025.03.26	01:24:47.721		0.95243			4
2025.03.26	01:24:50.766		0.95244			4
2025.03.26	01:25:00.246	0.95229	0.95245			6
2025.03.26	01:25:01.709		0.95246			4
2025.03.26	01:25:15.080		0.95245			4
2025.03.26	01:25:16.987	0.95231	0.95248			6
2025.03.26	01:25:17.425	0.95229	0.95246			6
2025.03.26	01:25:27.735	0.95230				2
2025.03.26	01:25:41.298	0.95229				2
2025.03.26	01:25:44.375	0.95233	0.95248			6
2025.03.26	01:25:47.049	0.95232				2
2025.03.26	01:26:01.433	0.95232	0.95249			6
2025.03.26	01:26:11.954	0.95234	0.95247			6
2025.03.26	01:26:12.303	0.95233				2
2025.03.26	01:26:12.608	0.95232				2
2025.03.26	01:26:24.689	0.95231				2
2025.03.26	01:26:29.232		0.95246			4
2025.03.26	01:26:31.157		0.95247			4
2025.03.26	01:26:32.831	0.95235	0.95248			6
2025.03.26	01:26:33.255		0.95247			4
2025.03.26	01:27:00.479	0.95235				2
2025.03.26	01:27:04.020		0.95248			4
2025.03.26	01:27:17.173	0.95234				2
2025.03.26	01:27:18.554		0.95247			4
2025.03.26	01:27:28.809		0.95249			4
2025.03.26	01:27:32.140		0.95248			4
2025.03.26	01:27:33.002		0.95249			4
2025.03.26	01:27:33.307	0.95235				2
2025.03.26	01:27:34.196	0.95238	0.95251			6
2025.03.26	01:27:34.529		0.95254			4
2025.03.26	01:27:35.059	0.95239				2
2025.03.26	01:27:35.366	0.95238	0.95253			6
2025.03.26	01:27:36.932	0.95237				2
2025.03.26	01:27:43.080	0.95234	0.95252			6
2025.03.26	01:27:50.062		0.95251			4
2025.03.26	01:27:54.169		0.95252			4
2025.03.26	01:27:59.587		0.95249			4
2025.03.26	01:28:00.885	0.95233				2
2025.03.26	01:28:01.976	0.95234	0.95252			6
2025.03.26	01:28:07.726	0.95238	0.95253			6
2025.03.26	01:28:19.134	0.95237				2
2025.03.26	01:28:20.654		0.95252			4
2025.03.26	01:28:24.465	0.95238	0.95253			6
2025.03.26	01:28:36.063		0.95252			4
2025.03.26	01:28:39.046	0.95237				2
2025.03.26	01:28:39.373		0.95251			4
2025.03.26	01:28:40.098	0.95238				2
2025.03.26	01:28:41.310	0.95237	0.95252			6
2025.03.26	01:28:42.857		0.95251			4
2025.03.26	01:28:45.360	0.95238	0.95252			6
2025.03.26	01:28:45.665	0.95239				2
2025.03.26	01:28:46.451		0.95253			4
2025.03.26	01:28:57.187	0.95238	0.95252			6
2025.03.26	01:28:57.553		0.95254			4
2025.03.26	01:29:00.015	0.95238				2
2025.03.26	01:29:07.690	0.95237	0.95253			6
2025.03.26	01:29:08.955		0.95252			4
2025.03.26	01:29:10.638	0.95239	0.95254			6
2025.03.26	01:29:14.001		0.95252			4
2025.03.26	01:29:17.010	0.95238				2
2025.03.26	01:29:18.855		0.95251			4
2025.03.26	01:29:19.952	0.95237	0.95252			6
2025.03.26	01:29:20.406	0.95238	0.95251			6
2025.03.26	01:29:22.075	0.95237	0.95252			6
2025.03.26	01:29:22.482	0.95238				2
2025.03.26	01:29:23.352		0.95251			4
2025.03.26	01:29:23.745	0.95239				2
2025.03.26	01:29:24.217	0.95238				2
2025.03.26	01:29:24.547	0.95239				2
2025.03.26	01:29:25.038	0.95237	0.95252			6
2025.03.26	01:29:25.352	0.95238	0.95251			6
2025.03.26	01:29:27.092		0.95252			4
2025.03.26	01:29:27.529	0.95239				2
2025.03.26	01:29:28.311	0.95238	0.95251			6
2025.03.26	01:29:28.755	0.95239	0.95252			6
2025.03.26	01:29:39.727	0.95240				2
2025.03.26	01:29:40.361	0.95239				2
2025.03.26	01:29:48.637	0.95240				2
2025.03.26	01:29:50.706	0.95239				2
2025.03.26	01:29:51.254	0.95240				2
2025.03.26	01:29:51.718	0.95239				2
2025.03.26	01:29:52.462	0.95240				2
2025.03.26	01:29:52.768	0.95239				2
2025.03.26	01:29:53.355	0.95240				2
2025.03.26	01:29:53.777	0.95239				2
2025.03.26	01:29:54.417	0.95240	0.95253			6
2025.03.26	01:29:57.555		0.95254			4
2025.03.26	01:29:58.464	0.95239				2
2025.03.26	01:29:58.865	0.95240	0.95253			6
2025.03.26	01:30:00.183	0.95239	0.95252			6
2025.03.26	01:30:00.488		0.95251			4
2025.03.26	01:30:01.203	0.95238	0.95249			6
2025.03.26	01:30:01.689		0.95250			4
2025.03.26	01:30:02.117	0.95237	0.95245			6
2025.03.26	01:30:02.421	0.95238	0.95246			6
2025.03.26	01:30:03.027	0.95239	0.95247			6
2025.03.26	01:30:04.242	0.95238	0.95250			6
2025.03.26	01:30:07.971	0.95237	0.95249			6
2025.03.26	01:30:24.148	0.95236				2
2025.03.26	01:30:25.245	0.95238	0.95250			6
2025.03.26	01:30:28.899		0.95251			4
2025.03.26	01:30:29.561		0.95250			4
2025.03.26	01:30:30.258		0.95251			4
2025.03.26	01:30:38.655		0.95250			4
2025.03.26	01:30:39.930		0.95251			4
2025.03.26	01:30:41.990		0.95250			4
2025.03.26	01:30:55.411	0.95239	0.95251			6
2025.03.26	01:30:56.657	0.95238	0.95250			6
2025.03.26	01:31:00.215	0.95238				2
2025.03.26	01:31:00.773	0.95239				2
2025.03.26	01:31:09.103	0.95237	0.95249			6
2025.03.26	01:31:10.180	0.95236				2
2025.03.26	01:31:10.487	0.95238	0.95250			6
2025.03.26	01:31:15.209		0.95249			4
2025.03.26	01:31:19.631	0.95237				2
2025.03.26	01:31:36.267	0.95236				2
2025.03.26	01:31:36.600	0.95237				2
2025.03.26	01:31:38.454	0.95236				2
2025.03.26	01:31:41.048	0.95237				2
2025.03.26	01:31:42.344	0.95236				2
2025.03.26	01:31:42.810	0.95237				2
2025.03.26	01:31:45.480	0.95236				2
2025.03.26	01:31:45.790	0.95237				2
2025.03.26	01:31:47.785	0.95236				2
2025.03.26	01:31:50.888	0.95237				2
2025.03.26	01:31:58.837	0.95236				2
2025.03.26	01:32:00.024	0.95236				2
2025.03.26	01:32:01.583	0.95237	0.95250			6
2025.03.26	01:32:05.441		0.95249			4
2025.03.26	01:32:06.478		0.95250			4
2025.03.26	01:32:19.758		0.95249			4
2025.03.26	01:32:33.682		0.95250			4
2025.03.26	01:32:34.429	0.95236				2
2025.03.26	01:32:34.740	0.95237				2
2025.03.26	01:32:35.546	0.95236				2
2025.03.26	01:32:35.964	0.95237				2
2025.03.26	01:32:46.123		0.95249			4
2025.03.26	01:32:49.035		0.95250			4
2025.03.26	01:32:49.347	0.95236	0.95249			6
2025.03.26	01:32:51.109	0.95235				2
2025.03.26	01:32:52.271	0.95236				2
2025.03.26	01:32:56.311	0.95235				2
2025.03.26	01:32:57.321	0.95236				2
2025.03.26	01:32:58.357	0.95235				2
2025.03.26	01:32:58.808	0.95236				2
2025.03.26	01:33:00.371	0.95236	0.95248			6
2025.03.26	01:33:09.891		0.95247			4
2025.03.26	01:33:22.928		0.95249			4
2025.03.26	01:33:23.361		0.95247			4
2025.03.26	01:33:33.686	0.95235				2
2025.03.26	01:33:40.738		0.95248			4
2025.03.26	01:33:56.767	0.95234	0.95245			6
2025.03.26	01:33:57.168	0.95233				2
2025.03.26	01:34:00.388	0.95233				2
2025.03.26	01:34:08.368	0.95232				2
2025.03.26	01:34:08.741	0.95233				2
2025.03.26	01:34:20.553	0.95234				2
2025.03.26	01:34:21.108	0.95233				2
2025.03.26	01:34:21.859	0.95232				2
2025.03.26	01:34:22.164	0.95233				2
2025.03.26	01:34:30.256	0.95232				2
2025.03.26	01:34:30.574	0.95233				2
2025.03.26	01:34:34.596	0.95232				2
2025.03.26	01:34:34.908	0.95233				2
2025.03.26	01:34:41.360	0.95232				2
2025.03.26	01:34:41.663	0.95233				2
2025.03.26	01:34:56.046	0.95232				2
2025.03.26	01:34:56.349	0.95233				2
2025.03.26	01:34:57.059	0.95232	0.95245			6
2025.03.26	01:34:57.464	0.95233				2
2025.03.26	01:35:00.353	0.95233				2
2025.03.26	01:35:01.742	0.95232				2
2025.03.26	01:35:05.444		0.95244			4
2025.03.26	01:35:06.094	0.95233				2
2025.03.26	01:35:06.670	0.95232	0.95245			6
2025.03.26	01:35:06.982	0.95233				2
2025.03.26	01:35:12.984	0.95232	0.95243			6
2025.03.26	01:35:14.114		0.95242			4
2025.03.26	01:35:14.436		0.95241			4
2025.03.26	01:35:19.905		0.95244			4
2025.03.26	01:35:20.750	0.95233				2
2025.03.26	01:35:22.755	0.95232				2
2025.03.26	01:35:24.254	0.95233				2
2025.03.26	01:35:25.863	0.95232				2
2025.03.26	01:35:26.656	0.95233				2
2025.03.26	01:35:27.937	0.95232				2
2025.03.26	01:35:28.484	0.95233				2
2025.03.26	01:35:28.813	0.95232				2
2025.03.26	01:35:47.868	0.95233				2
2025.03.26	01:36:00.315	0.95233				2
2025.03.26	01:36:01.350	0.95232				2
2025.03.26	01:36:03.254	0.95233				2
2025.03.26	01:36:05.491	0.95232				2
2025.03.26	01:36:10.154	0.95233				2
2025.03.26	01:36:11.688	0.95232				2
2025.03.26	01:36:14.136	0.95233				2
2025.03.26	01:36:15.564	0.95232				2
2025.03.26	01:36:18.047	0.95233				2
2025.03.26	01:36:19.998	0.95232	0.95244			6
2025.03.26	01:36:21.554	0.95233				2
2025.03.26	01:36:23.340	0.95232				2
2025.03.26	01:36:24.554	0.95233				2
2025.03.26	01:36:25.606	0.95234	0.95245			6
2025.03.26	01:36:25.933	0.95233				2
2025.03.26	01:36:28.057	0.95234				2
2025.03.26	01:36:32.928	0.95233				2
2025.03.26	01:36:35.063	0.95234				2
2025.03.26	01:36:37.265	0.95233				2
2025.03.26	01:36:39.560	0.95234				2
2025.03.26	01:36:47.542	0.95233				2
2025.03.26	01:36:49.160	0.95234				2
2025.03.26	01:36:50.396	0.95233				2
2025.03.26	01:36:51.001		0.95244			4
2025.03.26	01:36:53.033	0.95234				2
2025.03.26	01:36:57.254	0.95233				2
2025.03.26	01:36:58.754	0.95234				2
2025.03.26	01:36:59.521	0.95233				2
2025.03.26	01:37:00.322	0.95233				2
2025.03.26	01:37:10.995	0.95235	0.95247			6
2025.03.26	01:37:15.950	0.95234				2
2025.03.26	01:37:22.132	0.95235				2
2025.03.26	01:37:23.030	0.95234				2
2025.03.26	01:37:32.100		0.95246			4
2025.03.26	01:37:32.449	0.95235				2
2025.03.26	01:37:38.729	0.95234				2
2025.03.26	01:37:39.788	0.95235				2
2025.03.26	01:37:40.285	0.95237	0.95248			6
2025.03.26	01:37:51.148	0.95235	0.95247			6
2025.03.26	01:37:52.047	0.95237				2
2025.03.26	01:37:52.754	0.95236				2
2025.03.26	01:37:53.071		0.95248			4
2025.03.26	01:37:53.464	0.95237				2
2025.03.26	01:37:56.059	0.95236				2
2025.03.26	01:38:00.565	0.95237				2
2025.03.26	01:38:05.924	0.95236				2
2025.03.26	01:38:07.761	0.95237				2
2025.03.26	01:38:09.856	0.95236				2
2025.03.26	01:38:11.657	0.95237				2
2025.03.26	01:38:19.954	0.95236				2
2025.03.26	01:38:24.121	0.95237				2
2025.03.26	01:38:33.301	0.95236				2
2025.03.26	01:38:34.597	0.95237				2
2025.03.26	01:38:47.629	0.95236	0.95247			6
2025.03.26	01:38:50.862	0.95237	0.95248			6
2025.03.26	01:38:51.665	0.95236	0.95247			6
2025.03.26	01:39:00.255	0.95236	0.95246			6
2025.03.26	01:39:03.257	0.95235	0.95245			6
2025.03.26	01:39:10.155	0.95236				2
2025.03.26	01:39:15.043	0.95233	0.95243			6
2025.03.26	01:39:15.347		0.95242			4
2025.03.26	01:39:24.440	0.95234	0.95244			6
2025.03.26	01:39:27.258	0.95235				2
2025.03.26	01:39:37.458		0.95245			4
2025.03.26	01:39:42.544	0.95233	0.95243			6
2025.03.26	01:40:00.883	0.95233				2
2025.03.26	01:40:20.379		0.95242			4
2025.03.26	01:40:20.716	0.95232	0.95240			6
2025.03.26	01:40:27.708		0.95241			4
2025.03.26	01:40:28.387		0.95242			4
2025.03.26	01:40:31.150	0.95233	0.95243			6
2025.03.26	01:40:33.158		0.95242			4
2025.03.26	01:40:38.163		0.95241			4
2025.03.26	01:40:48.796		0.95242			4
2025.03.26	01:40:52.743		0.95241			4
2025.03.26	01:40:54.995	0.95232				2
2025.03.26	01:40:59.055	0.95234	0.95244			6
2025.03.26	01:41:00.369	0.95235				2
2025.03.26	01:41:06.123	0.95234				2
2025.03.26	01:41:14.610		0.95243			4
2025.03.26	01:41:16.936		0.95244			4
2025.03.26	01:41:21.270		0.95243			4
2025.03.26	01:41:22.489	0.95233				2
2025.03.26	01:41:24.857	0.95234				2
2025.03.26	01:41:25.976		0.95245			4
2025.03.26	01:41:27.078	0.95233	0.95243			6
2025.03.26	01:41:31.160	0.95234				2
2025.03.26	01:41:43.356	0.95233				2
2025.03.26	01:41:49.071		0.95242			4
2025.03.26	01:41:54.157	0.95232	0.95241			6
2025.03.26	01:41:57.466	0.95233	0.95242			6
2025.03.26	01:42:00.241	0.95233				2
2025.03.26	01:42:29.803		0.95241			4
2025.03.26	01:42:34.298		0.95243			4
2025.03.26	01:42:58.151		0.95242			4
2025.03.26	01:43:00.391	0.95233				2
2025.03.26	01:43:11.553	0.95232	0.95240			6
2025.03.26	01:43:34.873		0.95241			4
2025.03.26	01:43:47.469	0.95233	0.95242			6
2025.03.26	01:44:02.653	0.95233				2
2025.03.26	01:44:11.752		0.95240			4
2025.03.26	01:44:38.413	0.95232				2
2025.03.26	01:44:41.654	0.95233				2
2025.03.26	01:44:45.988		0.95241			4
2025.03.26	01:45:05.440	0.95233				2
2025.03.26	01:45:26.401		0.95242			4
2025.03.26	01:45:35.657		0.95241			4
2025.03.26	01:45:59.297	0.95232				2
2025.03.26	01:46:00.417	0.95233				2
2025.03.26	01:46:22.408		0.95242			4
2025.03.26	01:47:01.338	0.95233				2
2025.03.26	01:47:16.662		0.95246			4
2025.03.26	01:47:50.744		0.95247			4
2025.03.26	01:48:06.751	0.95234				2
2025.03.26	01:48:14.162	0.95233				2
2025.03.26	01:48:42.358	0.95237				2
2025.03.26	01:48:43.374		0.95249			4
2025.03.26	01:48:43.886		0.95248			4
2025.03.26	01:48:44.655		0.95247			4
2025.03.26	01:48:45.063		0.95249			4
2025.03.26	01:49:01.508	0.95237				2
2025.03.26	01:49:11.469	0.95243	0.95253			6
2025.03.26	01:49:14.976		0.95254			4
2025.03.26	01:49:15.364		0.95252			4
2025.03.26	01:49:15.713	0.95244	0.95253			6
2025.03.26	01:49:31.078		0.95254			4
2025.03.26	01:49:37.454		0.95253			4
2025.03.26	01:49:49.523		0.95254			4
2025.03.26	01:49:56.961		0.95253			4
2025.03.26	01:50:00.484	0.95244				2
2025.03.26	01:50:02.593		0.95254			4
2025.03.26	01:50:02.908		0.95253			4
2025.03.26	01:50:18.244	0.95241	0.95252			6
2025.03.26	01:50:46.483		0.95253			4
2025.03.26	01:50:51.556		0.95252			4
2025.03.26	01:51:00.236	0.95241				2
2025.03.26	01:51:06.452	0.95240				2
2025.03.26	01:51:29.656		0.95251			4
2025.03.26	01:51:42.755		0.95252			4
2025.03.26	01:52:00.456	0.95240				2
2025.03.26	01:52:39.885		0.95248			4
2025.03.26	01:52:40.214		0.95252			4
2025.03.26	01:52:40.977		0.95249			4
2025.03.26	01:53:00.554	0.95240				2
2025.03.26	01:53:29.394		0.95251			4
2025.03.26	01:54:00.716	0.95234	0.95244			6
2025.03.26	01:54:26.347		0.95245			4
2025.03.26	01:54:51.888	0.95233	0.95242			6
2025.03.26	01:54:53.872	0.95232	0.95241			6
2025.03.26	01:54:54.187	0.95229	0.95242			6
2025.03.26	01:54:54.835		0.95241			4
2025.03.26	01:54:56.146		0.95240			4
2025.03.26	01:55:01.158	0.95229	0.95241			6
2025.03.26	01:55:02.214	0.95228	0.95239			6
2025.03.26	01:55:05.189	0.95229	0.95237			6
2025.03.26	01:55:05.776		0.95241			4
2025.03.26	01:55:06.522		0.95237			4
2025.03.26	01:55:23.571	0.95228				2
2025.03.26	01:55:28.767	0.95229				2
2025.03.26	01:55:30.779	0.95228				2
2025.03.26	01:55:38.692		0.95238			4
2025.03.26	01:55:47.398	0.95227	0.95236			6
2025.03.26	01:55:47.720		0.95237			4
2025.03.26	01:55:55.020	0.95228				2
2025.03.26	01:56:00.202	0.95228				2
2025.03.26	01:56:01.941		0.95239			4
2025.03.26	01:56:03.096	0.95227				2
2025.03.26	01:56:22.869	0.95226	0.95238			6
2025.03.26	01:56:25.109		0.95237			4
2025.03.26	01:56:25.457	0.95225				2
2025.03.26	01:56:27.124		0.95238			4
2025.03.26	01:56:33.754	0.95224				2
2025.03.26	01:56:43.144		0.95237			4
2025.03.26	01:56:50.693	0.95223	0.95238			6
2025.03.26	01:56:51.732	0.95225	0.95237			6
2025.03.26	01:56:56.110	0.95226				2
2025.03.26	01:56:59.225	0.95228	0.95239			6
2025.03.26	01:56:59.538		0.95240			4
2025.03.26	01:57:00.286	0.95229				2
2025.03.26	01:57:00.722		0.95241			4
2025.03.26	01:57:05.346		0.95239			4
2025.03.26	01:57:06.814		0.95241			4
2025.03.26	01:57:07.156		0.95240			4
2025.03.26	01:57:09.960		0.95239			4
2025.03.26	01:57:14.490		0.95240			4
2025.03.26	01:57:18.143	0.95227				2
2025.03.26	01:57:31.009	0.95230	0.95241			6
2025.03.26	01:57:32.814		0.95242			4
2025.03.26	01:57:33.554		0.95241			4
2025.03.26	01:57:36.472	0.95231	0.95243			6
2025.03.26	01:57:38.582		0.95242			4
2025.03.26	01:57:42.258		0.95243			4
2025.03.26	01:57:46.999		0.95242			4
2025.03.26	01:57:47.654		0.95243			4
2025.03.26	01:57:49.737		0.95244			4
2025.03.26	01:57:50.054		0.95242			4
2025.03.26	01:58:00.455	0.95231				2
2025.03.26	01:58:26.124	0.95229	0.95240			6
2025.03.26	01:58:26.427	0.95228				2
2025.03.26	01:58:31.188		0.95241			4
2025.03.26	01:58:38.464		0.95240			4
2025.03.26	01:58:38.796	0.95229	0.95241			6
2025.03.26	01:58:52.383	0.95228				2
2025.03.26	01:59:00.255	0.95228				2
2025.03.26	01:59:23.403	0.95226	0.95239			6
2025.03.26	01:59:23.911	0.95225				2
2025.03.26	01:59:25.759	0.95226				2
2025.03.26	01:59:32.191	0.95225				2
2025.03.26	01:59:34.169	0.95227				2
2025.03.26	01:59:35.072		0.95241			4
2025.03.26	01:59:39.955	0.95228				2
2025.03.26	01:59:54.337	0.95227	0.95240			6
2025.03.26	02:00:00.331	0.95231	0.95242			6
2025.03.26	02:00:00.953		0.95241			4
2025.03.26	02:00:01.388	0.95230	0.95240			6
2025.03.26	02:00:02.066	0.95229				2
2025.03.26	02:00:02.737		0.95242			4
2025.03.26	02:00:03.113	0.95232	0.95244			6
2025.03.26	02:00:03.426	0.95233	0.95245			6
2025.03.26	02:00:06.368	0.95232	0.95243			6
2025.03.26	02:00:14.061		0.95242			4
2025.03.26	02:00:20.887		0.95243			4
2025.03.26	02:00:28.163		0.95245			4
2025.03.26	02:00:28.465		0.95244			4
2025.03.26	02:00:32.887		0.95243			4
2025.03.26	02:00:40.667		0.95244			4
2025.03.26	02:00:43.283		0.95243			4
2025.03.26	02:00:45.639		0.95242			4
2025.03.26	02:00:49.238	0.95229	0.95240			6
2025.03.26	02:01:00.471	0.95229				2
2025.03.26	02:01:01.399	0.95225	0.95238			6
2025.03.26	02:01:01.708	0.95228	0.95239			6
2025.03.26	02:01:02.084		0.95240			4
2025.03.26	02:01:51.689	0.95229				2
2025.03.26	02:01:56.684		0.95241			4
2025.03.26	02:02:00.223	0.95229				2
2025.03.26	02:02:04.838	0.95228				2
2025.03.26	02:02:16.733	0.95229				2
2025.03.26	02:02:23.990	0.95228				2
2025.03.26	02:02:24.724	0.95227				2
2025.03.26	02:02:27.449	0.95230	0.95240			6
2025.03.26	02:02:28.085	0.95229	0.95239			6
2025.03.26	02:02:28.993	0.95228	0.95238			6
2025.03.26	02:02:29.602		0.95241			4
2025.03.26	02:02:33.853	0.95229				2
2025.03.26	02:02:41.056	0.95228				2
2025.03.26	02:02:41.690	0.95229				2
2025.03.26	02:02:55.825	0.95230				2
2025.03.26	02:02:59.744		0.95243			4
2025.03.26	02:03:00.743	0.95230	0.95238			6
2025.03.26	02:03:02.891		0.95239			4
2025.03.26	02:03:05.437	0.95229	0.95237			6
2025.03.26	02:03:07.563		0.95238			4
2025.03.26	02:03:08.476		0.95237			4
2025.03.26	02:03:09.319		0.95238			4
2025.03.26	02:03:10.511		0.95239			4
2025.03.26	02:03:10.827	0.95230	0.95240			6
2025.03.26	02:03:15.508	0.95231	0.95241			6
2025.03.26	02:03:20.815	0.95230	0.95240			6
2025.03.26	02:03:23.893	0.95226	0.95236			6
2025.03.26	02:03:26.259	0.95224				2
2025.03.26	02:03:31.287	0.95225				2
2025.03.26	02:03:32.277	0.95224	0.95235			6
2025.03.26	02:03:33.140	0.95225				2
2025.03.26	02:03:51.065	0.95224				2
2025.03.26	02:03:51.541	0.95225				2
2025.03.26	02:03:52.179	0.95224				2
2025.03.26	02:04:00.577	0.95224				2
2025.03.26	02:04:01.960	0.95225				2
2025.03.26	02:04:10.037	0.95224				2
2025.03.26	02:04:17.795	0.95223				2
2025.03.26	02:04:30.452		0.95237			4
2025.03.26	02:04:31.202		0.95235			4
2025.03.26	02:04:43.136		0.95234			4
2025.03.26	02:04:43.976	0.95222				2
2025.03.26	02:04:46.310	0.95223				2
2025.03.26	02:04:46.629	0.95222				2
2025.03.26	02:04:47.398	0.95221				2
2025.03.26	02:04:47.723		0.95233			4
2025.03.26	02:04:51.362	0.95223				2
2025.03.26	02:04:54.208		0.95234			4
2025.03.26	02:04:56.324	0.95221	0.95231			6
2025.03.26	02:04:58.765	0.95223	0.95234			6
2025.03.26	02:05:01.158	0.95222	0.95233			6
2025.03.26	02:05:01.731		0.95234			4
2025.03.26	02:05:02.184		0.95232			4
2025.03.26	02:05:02.489	0.95223	0.95233			6
2025.03.26	02:05:02.794		0.95234			4
2025.03.26	02:05:05.681	0.95225				2
2025.03.26	02:05:08.337	0.95223				2
2025.03.26	02:05:08.643	0.95224				2
2025.03.26	02:05:09.358	0.95223				2
2025.03.26	02:05:09.671	0.95224				2
2025.03.26	02:05:15.068	0.95227	0.95237			6
2025.03.26	02:05:15.621	0.95226				2
2025.03.26	02:05:17.263	0.95227				2
2025.03.26	02:05:22.524	0.95225	0.95235			6
2025.03.26	02:05:24.642	0.95227	0.95237			6
2025.03.26	02:05:29.494	0.95226				2
2025.03.26	02:05:37.039	0.95227				2
2025.03.26	02:05:38.129	0.95226				2
2025.03.26	02:06:02.337	0.95226				2
2025.03.26	02:06:02.932	0.95227	0.95236			6
2025.03.26	02:06:08.346	0.95224	0.95234			6
2025.03.26	02:06:14.654	0.95220	0.95231			6
2025.03.26	02:06:16.343	0.95222				2
2025.03.26	02:06:16.707	0.95220				2
2025.03.26	02:06:17.209		0.95230			4
2025.03.26	02:06:33.018	0.95216	0.95227			6
2025.03.26	02:06:33.724	0.95218	0.95228			6
2025.03.26	02:06:34.053	0.95219	0.95230			6
2025.03.26	02:06:45.656	0.95216	0.95227			6
2025.03.26	02:06:49.391	0.95217	0.95228			6
2025.03.26	02:06:49.778	0.95215	0.95227			6
2025.03.26	02:06:50.084		0.95226			4
2025.03.26	02:06:51.619		0.95227			4
2025.03.26	02:06:54.693	0.95206	0.95216			6
2025.03.26	02:06:55.002	0.95205	0.95217			6
2025.03.26	02:06:58.916	0.95204	0.95215			6
2025.03.26	02:07:00.328	0.95204	0.95216			6
2025.03.26	02:07:01.334	0.95203	0.95215			6
2025.03.26	02:07:02.357	0.95205				2
2025.03.26	02:07:02.669		0.95217			4
2025.03.26	02:07:03.431	0.95206	0.95218			6
2025.03.26	02:07:18.931		0.95219			4
2025.03.26	02:07:19.802	0.95209	0.95220			6
2025.03.26	02:07:27.255		0.95219			4
2025.03.26	02:07:28.283	0.95210	0.95220			6
2025.03.26	02:07:32.347		0.95221			4
2025.03.26	02:07:33.503		0.95220			4
2025.03.26	02:07:33.856		0.95221			4
2025.03.26	02:07:34.404		0.95220			4
2025.03.26	02:07:34.754		0.95221			4
2025.03.26	02:07:35.412		0.95220			4
2025.03.26	02:07:35.747		0.95221			4
2025.03.26	02:07:36.432		0.95220			4
2025.03.26	02:07:36.738		0.95221			4
2025.03.26	02:07:38.657		0.95220			4
2025.03.26	02:07:39.258		0.95221			4
2025.03.26	02:07:39.700		0.95220			4
2025.03.26	02:07:40.154		0.95221			4
2025.03.26	02:07:41.262	0.95213	0.95223			6
2025.03.26	02:07:48.003		0.95224			4
2025.03.26	02:07:49.095		0.95223			4
2025.03.26	02:07:49.844		0.95224			4
2025.03.26	02:07:50.227		0.95223			4
2025.03.26	02:07:51.770	0.95214	0.95224			6
2025.03.26	02:07:56.393	0.95213				2
2025.03.26	02:08:01.697	0.95213	0.95225			6
2025.03.26	02:08:02.710	0.95217	0.95229			6
2025.03.26	02:08:08.635	0.95219	0.95228			6
2025.03.26	02:08:10.039		0.95229			4
2025.03.26	02:08:31.426	0.95223	0.95232			6
2025.03.26	02:08:32.063		0.95233			4
2025.03.26	02:08:37.081		0.95232			4
2025.03.26	02:08:39.076		0.95233			4
2025.03.26	02:08:39.978	0.95221				2
2025.03.26	02:08:41.345		0.95231			4
2025.03.26	02:08:41.648		0.95229			4
2025.03.26	02:08:43.800	0.95222	0.95231			6
2025.03.26	02:08:48.568		0.95234			4
2025.03.26	02:08:58.454	0.95223				2
2025.03.26	02:09:00.924	0.95223	0.95235			6
2025.03.26	02:09:02.720		0.95234			4
2025.03.26	02:09:09.623	0.95220	0.95232			6
2025.03.26	02:09:15.386	0.95223	0.95233			6
2025.03.26	02:09:17.061		0.95234			4
2025.03.26	02:10:00.242	0.95223				2
2025.03.26	02:10:10.401		0.95233			4
2025.03.26	02:10:10.731		0.95234			4
2025.03.26	02:10:20.846		0.95233			4
2025.03.26	02:10:21.377		0.95234			4
2025.03.26	02:11:05.477	0.95223	0.95233			6
2025.03.26	02:11:14.689	0.95226	0.95236			6
2025.03.26	02:11:16.683	0.95227				2
2025.03.26	02:11:32.371	0.95226				2
2025.03.26	02:11:44.292	0.95225	0.95237			6
2025.03.26	02:11:45.710		0.95236			4
2025.03.26	02:11:46.423	0.95224				2
2025.03.26	02:11:48.353		0.95235			4
2025.03.26	02:12:00.206	0.95224	0.95236			6
2025.03.26	02:12:05.440		0.95235			4
2025.03.26	02:12:26.740	0.95227				2
2025.03.26	02:12:52.377	0.95226	0.95237			6
2025.03.26	02:12:57.247		0.95235			4
2025.03.26	02:12:59.098	0.95228	0.95238			6
2025.03.26	02:12:59.591		0.95237			4
2025.03.26	02:13:00.351	0.95228				2
2025.03.26	02:13:36.976	0.95227	0.95236			6
2025.03.26	02:13:48.852	0.95226	0.95237			6
2025.03.26	02:14:03.855	0.95226				2
2025.03.26	02:14:05.567	0.95227	0.95238			6
2025.03.26	02:14:06.680		0.95237			4
2025.03.26	02:14:07.302		0.95238			4
2025.03.26	02:14:12.486	0.95226				2
2025.03.26	02:14:24.895	0.95225	0.95237			6
2025.03.26	02:14:36.299	0.95224	0.95235			6
2025.03.26	02:14:40.199	0.95223				2
2025.03.26	02:14:41.688	0.95220	0.95232			6
2025.03.26	02:14:44.696	0.95223	0.95235			6
2025.03.26	02:14:55.757	0.95222	0.95234			6
2025.03.26	02:14:56.066	0.95224	0.95236			6
2025.03.26	02:14:56.420		0.95235			4
2025.03.26	02:14:57.183	0.95223	0.95234			6
2025.03.26	02:14:59.287		0.95235			4
2025.03.26	02:15:00.196	0.95223				2
2025.03.26	02:15:00.516	0.95224				2
2025.03.26	02:15:02.613	0.95222	0.95234			6
2025.03.26	02:15:05.911	0.95223	0.95236			6
2025.03.26	02:15:06.253	0.95222	0.95234			6
2025.03.26	02:15:11.703		0.95233			4
2025.03.26	02:15:13.028		0.95234			4
2025.03.26	02:15:17.121	0.95223	0.95233			6
2025.03.26	02:15:18.855	0.95222				2
2025.03.26	02:15:19.765	0.95220	0.95232			6
2025.03.26	02:15:20.078		0.95231			4
2025.03.26	02:15:22.755	0.95219				2
2025.03.26	02:15:23.484	0.95220	0.95234			6
2025.03.26	02:15:24.409		0.95232			4
2025.03.26	02:15:28.717	0.95221				2
2025.03.26	02:16:00.162	0.95221				2
2025.03.26	02:16:22.186	0.95220				2
2025.03.26	02:16:25.821		0.95232			4
2025.03.26	02:16:34.665	0.95216	0.95227			6
2025.03.26	02:16:35.289		0.95228			4
2025.03.26	02:16:36.182		0.95227			4
2025.03.26	02:16:41.355		0.95226			4
2025.03.26	02:16:41.754	0.95215				2
2025.03.26	02:16:43.135		0.95227			4
2025.03.26	02:16:43.831		0.95226			4
2025.03.26	02:16:53.998		0.95225			4
2025.03.26	02:16:55.048		0.95226			4
2025.03.26	02:16:57.163		0.95225			4
2025.03.26	02:17:00.250	0.95215				2
2025.03.26	02:17:04.896		0.95226			4
2025.03.26	02:17:05.548	0.95213	0.95222			6
2025.03.26	02:17:06.041		0.95223			4
2025.03.26	02:18:00.258	0.95213				2
2025.03.26	02:18:05.681		0.95222			4
2025.03.26	02:18:29.583	0.95211	0.95220			6
2025.03.26	02:18:48.344		0.95219			4
2025.03.26	02:18:50.083		0.95220			4
2025.03.26	02:19:00.175	0.95211				2
2025.03.26	02:19:06.645	0.95212				2
2025.03.26	02:19:17.397		0.95219			4
2025.03.26	02:19:19.247		0.95220			4
2025.03.26	02:19:23.076		0.95221			4
2025.03.26	02:19:23.539		0.95219			4
2025.03.26	02:19:45.162		0.95221			4
2025.03.26	02:19:45.701		0.95222			4
2025.03.26	02:19:50.759		0.95223			4
2025.03.26	02:19:58.156	0.95213				2
2025.03.26	02:20:01.660	0.95213				2
2025.03.26	02:20:09.476		0.95224			4
2025.03.26	02:20:13.768		0.95223			4
2025.03.26	02:20:33.162		0.95222			4
2025.03.26	02:20:59.926	0.95212				2
2025.03.26	02:21:01.484	0.95212				2
2025.03.26	02:21:02.954	0.95213				2
2025.03.26	02:21:15.255	0.95212				2
2025.03.26	02:21:16.623	0.95211	0.95221			6
2025.03.26	02:21:16.965		0.95220			4
2025.03.26	02:21:17.770	0.95213	0.95226			6
2025.03.26	02:21:18.344	0.95215	0.95227			6
2025.03.26	02:22:00.495	0.95215				2
2025.03.26	02:22:02.107		0.95226			4
2025.03.26	02:22:17.462		0.95227			4
2025.03.26	02:22:18.494		0.95226			4
2025.03.26	02:22:31.893		0.95227			4
2025.03.26	02:22:36.105		0.95226			4
2025.03.26	02:22:54.782	0.95214	0.95225			6
2025.03.26	02:22:55.806		0.95226			4
2025.03.26	02:23:00.054	0.95214				2
2025.03.26	02:23:03.045		0.95225			4
2025.03.26	02:23:03.533	0.95215	0.95226			6
2025.03.26	02:23:13.409		0.95225			4
2025.03.26	02:23:22.587		0.95226			4
2025.03.26	02:23:26.776	0.95217	0.95229			6
2025.03.26	02:23:29.030	0.95218				2
2025.03.26	02:23:30.169	0.95220				2
2025.03.26	02:23:33.883	0.95219				2
2025.03.26	02:23:36.111	0.95218	0.95230			6
2025.03.26	02:23:36.556	0.95219				2
2025.03.26	02:23:39.388	0.95220				2
2025.03.26	02:23:46.157	0.95219				2
2025.03.26	02:23:47.886	0.95220	0.95229			6
2025.03.26	02:23:48.193	0.95218				2
2025.03.26	02:23:49.435		0.95230			4
2025.03.26	02:23:49.914		0.95229			4
2025.03.26	02:23:56.663	0.95219				2
2025.03.26	02:24:00.197	0.95219				2
2025.03.26	02:25:01.191	0.95219	0.95229			6
2025.03.26	02:26:00.599	0.95219				2
2025.03.26	02:26:04.512		0.95229			4
2025.03.26	02:26:11.014		0.95227			4
2025.03.26	02:26:15.555	0.95218				2
2025.03.26	02:27:00.574	0.95218				2
2025.03.26	02:27:12.335		0.95227			4
2025.03.26	02:27:29.205	0.95219	0.95228			6
2025.03.26	02:27:54.513	0.95218				2
2025.03.26	02:27:54.928	0.95219				2
2025.03.26	02:28:00.868	0.95219				2
2025.03.26	02:28:33.577		0.95228			4
2025.03.26	02:29:00.492	0.95219				2
2025.03.26	02:29:09.109		0.95229			4
2025.03.26	02:29:19.200		0.95230			4
2025.03.26	02:29:48.787		0.95231			4
2025.03.26	02:29:55.456	0.95220				2
2025.03.26	02:30:00.283	0.95220	0.95228			6
2025.03.26	02:30:00.757	0.95218				2
2025.03.26	02:30:05.208	0.95219				2
2025.03.26	02:30:22.901	0.95218	0.95230			6
2025.03.26	02:30:31.155	0.95219				2
2025.03.26	02:30:52.379	0.95218	0.95231			6
2025.03.26	02:30:54.830		0.95232			4
2025.03.26	02:30:55.168	0.95219				2
2025.03.26	02:31:00.348	0.95219				2
2025.03.26	02:31:01.974		0.95231			4
2025.03.26	02:31:06.637	0.95220				2
2025.03.26	02:31:18.858	0.95219				2
2025.03.26	02:31:31.516	0.95220				2
2025.03.26	02:31:35.771	0.95219				2
2025.03.26	02:31:36.855	0.95220				2
2025.03.26	02:31:37.381	0.95219				2
2025.03.26	02:31:42.860	0.95220				2
2025.03.26	02:31:45.856	0.95219				2
2025.03.26	02:31:47.519		0.95232			4
2025.03.26	02:31:52.149		0.95227			4
2025.03.26	02:31:56.279	0.95218				2
2025.03.26	02:31:56.864	0.95219	0.95228			6
2025.03.26	02:31:57.995		0.95229			4
2025.03.26	02:32:00.255	0.95219				2
2025.03.26	02:32:03.717	0.95218	0.95228			6
2025.03.26	02:32:10.095	0.95219				2
2025.03.26	02:32:20.056	0.95218				2
2025.03.26	02:32:25.168	0.95217				2
2025.03.26	02:32:25.923		0.95227			4
2025.03.26	02:32:29.116	0.95214	0.95226			6
2025.03.26	02:32:31.533		0.95225			4
2025.03.26	02:32:33.700	0.95216	0.95226			6
2025.03.26	02:32:46.001	0.95217				2
2025.03.26	02:32:48.532		0.95227			4
2025.03.26	02:33:00.249	0.95217				2
2025.03.26	02:33:13.211		0.95226			4
2025.03.26	02:33:16.162	0.95218	0.95228			6
2025.03.26	02:33:18.784		0.95227			4
2025.03.26	02:33:22.645	0.95217	0.95226			6
2025.03.26	02:33:25.345		0.95225			4
2025.03.26	02:33:27.494		0.95224			4
2025.03.26	02:33:35.327	0.95218				2
2025.03.26	02:33:40.617	0.95219				2
2025.03.26	02:33:44.650		0.95225			4
2025.03.26	02:34:00.356	0.95219				2
2025.03.26	02:34:02.224	0.95220	0.95226			6
2025.03.26	02:34:10.356	0.95219				2
2025.03.26	02:34:17.654	0.95220				2
2025.03.26	02:34:18.355		0.95227			4
2025.03.26	02:34:39.190	0.95219	0.95226			6
2025.03.26	02:34:40.126		0.95225			4
2025.03.26	02:34:44.480	0.95218				2
2025.03.26	02:34:47.954	0.95219				2
2025.03.26	02:34:58.155	0.95218				2
2025.03.26	02:34:58.494		0.95226			4
2025.03.26	02:35:00.496	0.95218				2
2025.03.26	02:35:04.074	0.95219				2
2025.03.26	02:35:21.980	0.95218				2
2025.03.26	02:35:31.179	0.95219	0.95224			6
2025.03.26	02:35:44.439		0.95225			4
2025.03.26	02:35:45.090	0.95218				2
2025.03.26	02:35:46.808	0.95216				2
2025.03.26	02:35:48.917	0.95217				2
2025.03.26	02:35:49.422	0.95216				2
2025.03.26	02:36:00.556	0.95216				2
2025.03.26	02:36:32.918	0.95217	0.95227			6
2025.03.26	02:36:39.199		0.95225			4
2025.03.26	02:36:44.600	0.95218	0.95228			6
2025.03.26	02:36:44.958	0.95219	0.95229			6
2025.03.26	02:36:46.345		0.95228			4
2025.03.26	02:36:49.087	0.95220				2
2025.03.26	02:36:52.853	0.95219				2
2025.03.26	02:37:07.471	0.95219	0.95229			6
2025.03.26	02:37:10.839	0.95216	0.95227			6
2025.03.26	02:37:12.886		0.95226			4
2025.03.26	02:37:13.860	0.95217				2
2025.03.26	02:37:20.656	0.95216				2
2025.03.26	02:37:51.965		0.95225			4
2025.03.26	02:38:00.485	0.95216				2
2025.03.26	02:38:35.165	0.95215				2
2025.03.26	02:38:36.718	0.95216				2
2025.03.26	02:38:38.416	0.95215	0.95223			6
2025.03.26	02:38:40.138	0.95216	0.95224			6
2025.03.26	02:38:41.253	0.95215	0.95223			6
2025.03.26	02:38:41.570	0.95214	0.95221			6
2025.03.26	02:38:45.081	0.95215				2
2025.03.26	02:38:48.860	0.95214				2
2025.03.26	02:39:02.338	0.95214				2
2025.03.26	02:39:16.088		0.95223			4
2025.03.26	02:39:20.659	0.95215				2
2025.03.26	02:39:37.454	0.95214				2
2025.03.26	02:40:01.001	0.95214				2
2025.03.26	02:40:16.273		0.95223			4
2025.03.26	02:40:32.338	0.95216	0.95227			6
2025.03.26	02:40:33.898	0.95219	0.95230			6
2025.03.26	02:40:34.204	0.95220				2
2025.03.26	02:40:42.080		0.95229			4
2025.03.26	02:40:52.906	0.95219	0.95228			6
2025.03.26	02:40:54.427	0.95218				2
2025.03.26	02:41:01.439	0.95218				2
2025.03.26	02:41:06.725	0.95217	0.95227			6
2025.03.26	02:41:10.159	0.95218				2
2025.03.26	02:41:50.420	0.95216	0.95224			6
2025.03.26	02:42:06.855	0.95216				2
2025.03.26	02:42:07.909	0.95217	0.95225			6
2025.03.26	02:42:08.941	0.95215	0.95224			6
2025.03.26	02:42:34.755		0.95225			4
2025.03.26	02:42:57.882	0.95214	0.95224			6
2025.03.26	02:43:00.319	0.95214				2
2025.03.26	02:43:02.408	0.95215	0.95225			6
2025.03.26	02:43:10.221	0.95217	0.95227			6
2025.03.26	02:44:00.041	0.95217				2
2025.03.26	02:44:10.508		0.95227			4
2025.03.26	02:44:38.529	0.95216	0.95226			6
2025.03.26	02:44:44.327	0.95217	0.95227			6
2025.03.26	02:45:00.470	0.95217				2
2025.03.26	02:45:03.014	0.95216	0.95226			6
2025.03.26	02:45:05.654	0.95213	0.95224			6
2025.03.26	02:45:06.660	0.95214				2
2025.03.26	02:45:23.537		0.95222			4
2025.03.26	02:46:00.484	0.95214	0.95223			6
2025.03.26	02:46:01.720	0.95215	0.95226			6
2025.03.26	02:46:14.072	0.95216	0.95225			6
2025.03.26	02:46:24.554	0.95215				2
2025.03.26	02:46:26.846	0.95216				2
2025.03.26	02:46:29.696	0.95215	0.95224			6
2025.03.26	02:46:48.344		0.95225			4
2025.03.26	02:46:59.584	0.95214	0.95226			6
2025.03.26	02:47:00.363	0.95215				2
2025.03.26	02:47:02.715		0.95224			4
2025.03.26	02:47:14.745	0.95211	0.95221			6
2025.03.26	02:47:15.098		0.95220			4
2025.03.26	02:47:20.315		0.95219			4
2025.03.26	02:47:20.664		0.95220			4
2025.03.26	02:47:21.978	0.95210	0.95219			6
2025.03.26	02:47:25.169	0.95211				2
2025.03.26	02:47:28.276	0.95210				2
2025.03.26	02:47:33.008	0.95207	0.95217			6
2025.03.26	02:47:34.756	0.95208				2
2025.03.26	02:47:58.455	0.95207				2
2025.03.26	02:48:00.102	0.95208				2
2025.03.26	02:48:00.590	0.95207				2
2025.03.26	02:48:01.566	0.95206	0.95215			6
2025.03.26	02:48:02.751	0.95207	0.95216			6
2025.03.26	02:48:05.451		0.95215			4
2025.03.26	02:48:19.155	0.95206				2
2025.03.26	02:48:26.654	0.95205				2
2025.03.26	02:48:29.046	0.95206	0.95214			6
2025.03.26	02:48:34.810	0.95207	0.95216			6
2025.03.26	02:48:36.601		0.95215			4
2025.03.26	02:48:39.379	0.95206				2
2025.03.26	02:48:42.109	0.95207				2
2025.03.26	02:48:42.442	0.95206				2
2025.03.26	02:48:43.376	0.95207				2
2025.03.26	02:48:43.770	0.95206				2
2025.03.26	02:48:44.499	0.95207				2
2025.03.26	02:48:45.010	0.95206				2
2025.03.26	02:48:47.665	0.95207	0.95216			6
2025.03.26	02:49:00.490	0.95207				2
2025.03.26	02:49:04.299	0.95204	0.95214			6
2025.03.26	02:49:06.348		0.95212			4
2025.03.26	02:49:08.193		0.95213			4
2025.03.26	02:49:14.426		0.95212			4
2025.03.26	02:49:16.289	0.95203				2
2025.03.26	02:49:23.137	0.95204				2
2025.03.26	02:49:35.758	0.95203				2
2025.03.26	02:49:42.563		0.95211			4
2025.03.26	02:49:54.777	0.95204	0.95212			6
2025.03.26	02:49:55.690	0.95203				2
2025.03.26	02:49:56.403		0.95211			4
2025.03.26	02:50:00.618	0.95203				2
2025.03.26	02:50:09.840	0.95202				2
2025.03.26	02:50:10.452	0.95201	0.95210			6
2025.03.26	02:50:16.536	0.95204	0.95212			6
2025.03.26	02:50:31.430	0.95203	0.95213			6
2025.03.26	02:50:35.656		0.95211			4
2025.03.26	02:50:43.510	0.95204	0.95212			6
2025.03.26	02:50:44.913	0.95205	0.95213			6
2025.03.26	02:50:51.271		0.95214			4
2025.03.26	02:51:00.516	0.95205				2
2025.03.26	02:51:01.331		0.95215			4
2025.03.26	02:51:15.032	0.95208	0.95217			6
2025.03.26	02:51:23.850	0.95207				2
2025.03.26	02:51:33.062	0.95208	0.95218			6
2025.03.26	02:51:34.559	0.95209				2
2025.03.26	02:51:39.254	0.95210				2
2025.03.26	02:51:43.600		0.95220			4
2025.03.26	02:51:50.982	0.95211				2
2025.03.26	02:51:57.974	0.95210				2
2025.03.26	02:52:00.481	0.95210				2
2025.03.26	02:52:02.955		0.95219			4
2025.03.26	02:52:03.586	0.95209				2
2025.03.26	02:52:06.850	0.95210				2
2025.03.26	02:52:11.025		0.95220			4
2025.03.26	02:52:11.690		0.95219			4
2025.03.26	02:52:22.477	0.95211				2
2025.03.26	02:52:24.566	0.95210				2
2025.03.26	02:52:34.662	0.95211				2
2025.03.26	02:52:35.655	0.95210				2
2025.03.26	02:52:36.724	0.95211				2
2025.03.26	02:52:37.118		0.95222			4
2025.03.26	02:52:37.454	0.95212	0.95223			6
2025.03.26	02:52:53.928	0.95211	0.95222			6
2025.03.26	02:52:57.094	0.95212				2
2025.03.26	02:53:00.591	0.95213	0.95223			6
2025.03.26	02:53:01.421	0.95212	0.95222			6
2025.03.26	02:53:16.445	0.95211	0.95220			6
2025.03.26	02:53:20.658	0.95210				2
2025.03.26	02:53:30.137		0.95219			4
2025.03.26	02:53:30.453	0.95209				2
2025.03.26	02:53:46.816	0.95210	0.95220			6
2025.03.26	02:54:02.652	0.95210				2
2025.03.26	02:54:21.857	0.95211				2
2025.03.26	02:54:28.680	0.95209	0.95217			6
2025.03.26	02:54:35.332		0.95219			4
2025.03.26	02:54:36.541	0.95208				2
2025.03.26	02:54:38.641	0.95209				2
2025.03.26	02:54:53.056	0.95208				2
2025.03.26	02:54:56.658	0.95209				2
2025.03.26	02:55:01.484	0.95209				2
2025.03.26	02:55:01.786	0.95208	0.95218			6
2025.03.26	02:55:02.809	0.95207				2
2025.03.26	02:55:03.614	0.95208				2
2025.03.26	02:55:17.531		0.95219			4
2025.03.26	02:55:29.000	0.95207	0.95218			6
2025.03.26	02:55:30.023	0.95208				2
2025.03.26	02:55:31.614	0.95207				2
2025.03.26	02:55:36.158	0.95209	0.95219			6
2025.03.26	02:55:38.219	0.95208				2
2025.03.26	02:55:41.719	0.95209				2
2025.03.26	02:55:43.997	0.95208				2
2025.03.26	02:55:45.939	0.95209				2
2025.03.26	02:55:49.041	0.95208				2
2025.03.26	02:55:50.214	0.95209				2
2025.03.26	02:55:54.259	0.95208				2
2025.03.26	02:56:00.049	0.95209				2
2025.03.26	02:56:00.481	0.95208				2
2025.03.26	02:56:13.629	0.95207	0.95218			6
2025.03.26	02:56:17.824		0.95217			4
2025.03.26	02:56:27.274	0.95210	0.95221			6
2025.03.26	02:56:35.229	0.95209				2
2025.03.26	02:56:46.848	0.95210				2
2025.03.26	02:56:59.510	0.95211	0.95222			6
2025.03.26	02:57:00.291	0.95211				2
2025.03.26	02:57:05.203	0.95210	0.95221			6
2025.03.26	02:57:14.655		0.95220			4
2025.03.26	02:57:30.427		0.95221			4
2025.03.26	02:57:40.855	0.95211				2
2025.03.26	02:57:41.357	0.95210				2
2025.03.26	02:57:45.032	0.95211				2
2025.03.26	02:57:45.499	0.95210				2
2025.03.26	02:57:46.075	0.95211				2
2025.03.26	02:57:46.453	0.95210				2
2025.03.26	02:57:48.164	0.95211				2
2025.03.26	02:57:49.069	0.95210				2
2025.03.26	02:57:52.340	0.95211				2
2025.03.26	02:57:53.211	0.95210				2
2025.03.26	02:57:54.426	0.95211				2
2025.03.26	02:57:55.204	0.95210				2
2025.03.26	02:57:57.550	0.95211				2
2025.03.26	02:57:58.138	0.95210				2
2025.03.26	02:57:58.607	0.95211				2
2025.03.26	02:57:59.437	0.95210	0.95220			6
2025.03.26	02:58:00.184	0.95211	0.95221			6
2025.03.26	02:58:00.521	0.95213	0.95223			6
2025.03.26	02:58:05.590	0.95214				2
2025.03.26	02:58:11.237	0.95213				2
2025.03.26	02:58:15.948	0.95211	0.95222			6
2025.03.26	02:58:21.589		0.95221			4
2025.03.26	02:58:26.618		0.95222			4
2025.03.26	02:58:44.275	0.95213	0.95223			6
2025.03.26	02:58:58.756	0.95212				2
2025.03.26	02:59:00.100	0.95212				2
2025.03.26	02:59:07.634	0.95213				2
2025.03.26	02:59:10.312	0.95214	0.95225			6
2025.03.26	02:59:21.690		0.95226			4
2025.03.26	02:59:31.424	0.95215				2
2025.03.26	02:59:31.726	0.95219	0.95230			6
2025.03.26	02:59:33.701		0.95229			4
2025.03.26	02:59:36.345	0.95218	0.95228			6
2025.03.26	02:59:42.823	0.95219	0.95229			6
2025.03.26	02:59:45.376	0.95218	0.95228			6
2025.03.26	02:59:50.966	0.95220	0.95230			6
2025.03.26	02:59:57.052	0.95219	0.95231			6
2025.03.26	02:59:57.905		0.95230			4
2025.03.26	02:59:58.244	0.95221	0.95231			6
2025.03.26	02:59:58.546	0.95220	0.95232			6
2025.03.26	02:59:58.870		0.95231			4
2025.03.26	03:00:00.042	0.95220				2
2025.03.26	03:00:00.362	0.95221				2
2025.03.26	03:00:00.672	0.95223				2
2025.03.26	03:00:00.992	0.95220	0.95228			6
2025.03.26	03:00:01.307	0.95218	0.95227			6
2025.03.26	03:00:03.347	0.95219	0.95228			6
2025.03.26	03:00:03.701	0.95220	0.95229			6
2025.03.26	03:00:04.307	0.95221	0.95230			6
2025.03.26	03:00:04.782	0.95222	0.95231			6
2025.03.26	03:00:06.573	0.95221	0.95230			6
2025.03.26	03:00:07.633	0.95220				2
2025.03.26	03:00:08.055	0.95221				2
2025.03.26	03:00:08.764	0.95222				2
2025.03.26	03:00:10.145		0.95229			4
2025.03.26	03:00:10.460	0.95220	0.95228			6
2025.03.26	03:00:11.545	0.95221				2
2025.03.26	03:00:12.039	0.95222	0.95230			6
2025.03.26	03:00:13.537	0.95220	0.95229			6
2025.03.26	03:00:14.221		0.95228			4
2025.03.26	03:00:14.525	0.95217	0.95227			6
2025.03.26	03:00:14.848		0.95226			4
2025.03.26	03:00:15.905	0.95216	0.95225			6
2025.03.26	03:00:16.225	0.95217	0.95226			6
2025.03.26	03:00:16.887	0.95216	0.95225			6
2025.03.26	03:00:19.820	0.95215	0.95224			6
2025.03.26	03:00:22.933	0.95216	0.95225			6
2025.03.26	03:00:24.421	0.95215	0.95224			6
2025.03.26	03:00:32.158	0.95211	0.95220			6
2025.03.26	03:00:33.523	0.95210	0.95218			6
2025.03.26	03:00:35.639	0.95207	0.95216			6
2025.03.26	03:00:42.782	0.95206				2
2025.03.26	03:00:44.340	0.95203	0.95212			6
2025.03.26	03:00:45.234	0.95206	0.95214			6
2025.03.26	03:00:45.538	0.95217	0.95223			6
2025.03.26	03:00:45.846	0.95228	0.95235			6
2025.03.26	03:00:49.152	0.95225	0.95233			6
2025.03.26	03:00:50.289	0.95228	0.95235			6
2025.03.26	03:01:00.234	0.95228				2
2025.03.26	03:01:00.833	0.95227				2
2025.03.26	03:01:01.161		0.95236			4
2025.03.26	03:01:01.467		0.95235			4
2025.03.26	03:01:02.633	0.95228	0.95237			6
2025.03.26	03:01:03.771		0.95236			4
2025.03.26	03:01:04.115	0.95229	0.95237			6
2025.03.26	03:01:06.808	0.95227	0.95236			6
2025.03.26	03:01:07.124	0.95226	0.95235			6
2025.03.26	03:01:12.057		0.95234			4
2025.03.26	03:01:14.089	0.95225				2
2025.03.26	03:01:15.713	0.95226				2
2025.03.26	03:01:16.482	0.95225				2
2025.03.26	03:01:18.032	0.95227	0.95235			6
2025.03.26	03:01:19.196	0.95228	0.95236			6
2025.03.26	03:01:23.665	0.95225	0.95234			6
2025.03.26	03:01:23.974		0.95232			4
2025.03.26	03:01:24.856	0.95226	0.95234			6
2025.03.26	03:01:26.206	0.95228	0.95236			6
2025.03.26	03:01:29.352		0.95235			4
2025.03.26	03:01:29.657	0.95227	0.95234			6
2025.03.26	03:01:29.964	0.95226				2
2025.03.26	03:01:31.920		0.95233			4
2025.03.26	03:01:33.888		0.95234			4
2025.03.26	03:01:34.833	0.95227				2
2025.03.26	03:01:35.653		0.95235			4
2025.03.26	03:01:38.123		0.95236			4
2025.03.26	03:01:38.989		0.95235			4
2025.03.26	03:01:40.020	0.95226				2
2025.03.26	03:01:40.332	0.95225				2
2025.03.26	03:01:40.702	0.95226	0.95233			6
2025.03.26	03:01:41.452		0.95234			4
2025.03.26	03:01:43.542		0.95235			4
2025.03.26	03:01:45.741	0.95229	0.95237			6
2025.03.26	03:01:46.049	0.95230				2
2025.03.26	03:01:48.523		0.95238			4
2025.03.26	03:01:50.753	0.95226	0.95235			6
2025.03.26	03:01:55.673	0.95227				2
2025.03.26	03:01:56.232	0.95226				2
2025.03.26	03:01:59.780	0.95227				2
2025.03.26	03:02:00.083	0.95228				2
2025.03.26	03:02:00.419		0.95238			4
2025.03.26	03:02:00.738	0.95229				2
2025.03.26	03:02:03.513		0.95237			4
2025.03.26	03:02:07.210		0.95238			4
2025.03.26	03:02:08.709	0.95228	0.95237			6
2025.03.26	03:02:11.475	0.95227	0.95235			6
2025.03.26	03:02:11.785	0.95225				2
2025.03.26	03:02:12.764	0.95228	0.95236			6
2025.03.26	03:02:13.974	0.95227				2
2025.03.26	03:02:16.802	0.95225	0.95235			6
2025.03.26	03:02:19.055		0.95234			4
2025.03.26	03:02:19.366	0.95224				2
2025.03.26	03:02:19.690		0.95233			4
2025.03.26	03:02:25.359		0.95234			4
2025.03.26	03:02:25.841	0.95225				2
2025.03.26	03:02:26.152	0.95224	0.95233			6
2025.03.26	03:02:26.467		0.95234			4
2025.03.26	03:02:27.297	0.95225	0.95233			6
2025.03.26	03:02:27.607	0.95221	0.95231			6
2025.03.26	03:02:28.155	0.95223	0.95232			6
2025.03.26	03:02:31.446	0.95222				2
2025.03.26	03:02:35.724	0.95219	0.95228			6
2025.03.26	03:02:36.085	0.95218				2
2025.03.26	03:02:36.507	0.95219				2
2025.03.26	03:02:43.479	0.95221	0.95229			6
2025.03.26	03:02:44.541	0.95219				2
2025.03.26	03:02:44.867		0.95228			4
2025.03.26	03:02:47.404	0.95221	0.95229			6
2025.03.26	03:02:47.725	0.95219	0.95228			6
2025.03.26	03:02:48.588	0.95218				2
2025.03.26	03:02:49.308	0.95222	0.95230			6
2025.03.26	03:02:50.151	0.95224	0.95232			6
2025.03.26	03:02:51.314	0.95223				2
2025.03.26	03:02:52.784	0.95222				2
2025.03.26	03:02:54.443	0.95223				2
2025.03.26	03:02:54.749	0.95224				2
2025.03.26	03:02:55.067	0.95223				2
2025.03.26	03:02:57.035	0.95222				2
2025.03.26	03:02:58.437	0.95223				2
2025.03.26	03:02:59.685	0.95222	0.95229			6
2025.03.26	03:03:00.025	0.95222				2
2025.03.26	03:03:05.321	0.95221				2
2025.03.26	03:03:08.655		0.95230			4
2025.03.26	03:03:09.311	0.95222				2
2025.03.26	03:03:14.671	0.95225	0.95233			6
2025.03.26	03:03:14.977	0.95223	0.95232			6
2025.03.26	03:03:16.054	0.95224				2
2025.03.26	03:03:16.618	0.95223				2
2025.03.26	03:03:17.962	0.95222				2
2025.03.26	03:03:18.267		0.95231			4
2025.03.26	03:03:19.379	0.95224	0.95232			6
2025.03.26	03:03:19.691		0.95233			4
2025.03.26	03:03:20.389	0.95223	0.95232			6
2025.03.26	03:03:23.088	0.95224	0.95233			6
2025.03.26	03:03:28.465		0.95234			4
2025.03.26	03:03:28.798	0.95225				2
2025.03.26	03:03:30.395	0.95224				2
2025.03.26	03:03:30.930	0.95225				2
2025.03.26	03:03:34.217	0.95224	0.95233			6
2025.03.26	03:03:35.176	0.95225	0.95235			6
2025.03.26	03:03:39.443		0.95234			4
2025.03.26	03:03:42.802	0.95226	0.95235			6
2025.03.26	03:03:43.874		0.95234			4
2025.03.26	03:03:44.722	0.95225				2
2025.03.26	03:03:45.770	0.95224	0.95233			6
2025.03.26	03:03:49.163	0.95225				2
2025.03.26	03:03:52.698		0.95234			4
2025.03.26	03:03:53.707	0.95226	0.95235			6
2025.03.26	03:03:54.281		0.95236			4
2025.03.26	03:03:54.749		0.95235			4
2025.03.26	03:03:56.630	0.95227	0.95236			6
2025.03.26	03:03:57.003	0.95226	0.95235			6
2025.03.26	03:03:57.837	0.95225	0.95234			6
2025.03.26	03:03:58.329	0.95224	0.95233			6
2025.03.26	03:04:00.432	0.95224				2
2025.03.26	03:04:02.406		0.95234			4
2025.03.26	03:04:05.410	0.95230	0.95239			6
2025.03.26	03:04:06.120	0.95229	0.95238			6
2025.03.26	03:04:07.921	0.95230				2
2025.03.26	03:04:08.976	0.95225	0.95234			6
2025.03.26	03:04:09.285	0.95226	0.95235			6
2025.03.26	03:04:10.315	0.95225				2
2025.03.26	03:04:11.077	0.95226	0.95237			6
2025.03.26	03:04:11.460	0.95224	0.95234			6
2025.03.26	03:04:13.211	0.95225	0.95235			6
2025.03.26	03:04:13.747	0.95224				2
2025.03.26	03:04:14.346	0.95226				2
2025.03.26	03:04:16.933	0.95225				2
2025.03.26	03:04:17.264	0.95226				2
2025.03.26	03:04:17.951	0.95225				2
2025.03.26	03:04:20.064	0.95226				2
2025.03.26	03:04:21.122	0.95227				2
2025.03.26	03:04:22.191		0.95236			4
2025.03.26	03:04:23.250	0.95226				2
2025.03.26	03:04:24.299	0.95227				2
2025.03.26	03:04:24.633	0.95226	0.95235			6
2025.03.26	03:04:26.195	0.95227				2
2025.03.26	03:04:26.975		0.95236			4
2025.03.26	03:04:27.923	0.95226				2
2025.03.26	03:04:28.952	0.95228				2
2025.03.26	03:04:31.066	0.95226				2
2025.03.26	03:04:31.454	0.95225				2
2025.03.26	03:04:33.814	0.95226				2
2025.03.26	03:04:35.955	0.95225				2
2025.03.26	03:04:36.345	0.95226				2
2025.03.26	03:04:37.852	0.95225	0.95235			6
2025.03.26	03:04:38.193	0.95226				2
2025.03.26	03:04:38.532	0.95228	0.95236			6
2025.03.26	03:04:39.129	0.95229	0.95237			6
2025.03.26	03:04:48.908		0.95238			4
2025.03.26	03:04:57.898	0.95228	0.95237			6
2025.03.26	03:04:58.200	0.95230	0.95238			6
2025.03.26	03:04:58.908		0.95239			4
2025.03.26	03:05:00.088	0.95230				2
2025.03.26	03:05:00.477	0.95229	0.95238			6
2025.03.26	03:05:07.445		0.95237			4
2025.03.26	03:05:09.667	0.95228	0.95235			6
2025.03.26	03:05:16.238		0.95236			4
2025.03.26	03:05:19.064	0.95231	0.95240			6
2025.03.26	03:05:27.468	0.95229	0.95239			6
2025.03.26	03:05:27.960		0.95238			4
2025.03.26	03:05:29.122	0.95230	0.95239			6
2025.03.26	03:05:32.603	0.95231				2
2025.03.26	03:05:32.982	0.95230				2
2025.03.26	03:05:34.028	0.95231	0.95240			6
2025.03.26	03:05:34.487	0.95232				2
2025.03.26	03:05:36.427	0.95233	0.95241			6
2025.03.26	03:05:37.468		0.95242			4
2025.03.26	03:05:51.498		0.95241			4
2025.03.26	03:05:54.899	0.95232				2
2025.03.26	03:05:55.659		0.95242			4
2025.03.26	03:05:56.501	0.95235	0.95244			6
2025.03.26	03:05:56.888	0.95236				2
2025.03.26	03:05:57.350	0.95235				2
2025.03.26	03:05:58.277		0.95243			4
2025.03.26	03:05:58.591		0.95244			4
2025.03.26	03:06:00.292	0.95235				2
2025.03.26	03:06:01.340	0.95236				2
2025.03.26	03:06:03.942	0.95235				2
2025.03.26	03:06:04.964	0.95236				2
2025.03.26	03:06:05.357	0.95235				2
2025.03.26	03:06:10.375	0.95234	0.95243			6
2025.03.26	03:06:10.726	0.95236	0.95244			6
2025.03.26	03:06:12.365		0.95246			4
2025.03.26	03:06:15.498	0.95235	0.95244			6
2025.03.26	03:06:17.249	0.95237	0.95246			6
2025.03.26	03:06:24.057	0.95238				2
2025.03.26	03:06:24.565	0.95237				2
2025.03.26	03:06:26.157	0.95240	0.95247			6
2025.03.26	03:06:26.544	0.95239				2
2025.03.26	03:06:33.870	0.95238	0.95246			6
2025.03.26	03:06:36.341	0.95239	0.95247			6
2025.03.26	03:06:41.873	0.95238	0.95246			6
2025.03.26	03:06:42.376	0.95237				2
2025.03.26	03:06:43.484		0.95245			4
2025.03.26	03:06:43.876		0.95246			4
2025.03.26	03:06:44.606		0.95245			4
2025.03.26	03:06:44.952	0.95239	0.95247			6
2025.03.26	03:06:50.554	0.95238				2
2025.03.26	03:06:51.175	0.95239				2
2025.03.26	03:06:57.107		0.95248			4
2025.03.26	03:07:00.052	0.95239	0.95247			6
2025.03.26	03:07:00.480	0.95240	0.95248			6
2025.03.26	03:07:00.880	0.95239				2
2025.03.26	03:07:05.232	0.95240				2
2025.03.26	03:07:06.256	0.95239	0.95247			6
2025.03.26	03:07:06.739		0.95248			4
2025.03.26	03:07:08.398		0.95247			4
2025.03.26	03:07:09.777	0.95240	0.95248			6
2025.03.26	03:07:12.854	0.95242				2
2025.03.26	03:07:13.614	0.95245	0.95251			6
2025.03.26	03:07:16.842		0.95252			4
2025.03.26	03:07:21.857		0.95250			4
2025.03.26	03:07:23.907	0.95242	0.95249			6
2025.03.26	03:07:26.987	0.95240	0.95247			6
2025.03.26	03:07:30.110	0.95237				2
2025.03.26	03:07:30.972	0.95240				2
2025.03.26	03:07:33.573		0.95246			4
2025.03.26	03:07:36.615	0.95242	0.95247			6
2025.03.26	03:07:47.652	0.95241	0.95250			6
2025.03.26	03:07:48.345	0.95243				2
2025.03.26	03:07:48.718	0.95241				2
2025.03.26	03:07:49.468	0.95242				2
2025.03.26	03:07:51.192	0.95240	0.95248			6
2025.03.26	03:07:56.608	0.95238	0.95247			6
2025.03.26	03:07:58.880	0.95237	0.95246			6
2025.03.26	03:08:00.431	0.95239	0.95247			6
2025.03.26	03:08:00.748	0.95237	0.95246			6
2025.03.26	03:08:01.052	0.95239				2
2025.03.26	03:08:04.346	0.95238				2
2025.03.26	03:08:04.667	0.95237				2
2025.03.26	03:08:06.795		0.95247			4
2025.03.26	03:08:07.262		0.95246			4
2025.03.26	03:08:08.469		0.95247			4
2025.03.26	03:08:14.600	0.95236	0.95244			6
2025.03.26	03:08:14.907		0.95246			4
2025.03.26	03:08:15.689		0.95245			4
2025.03.26	03:08:16.338	0.95237	0.95247			6
2025.03.26	03:08:16.860	0.95235	0.95244			6
2025.03.26	03:08:20.704	0.95236				2
2025.03.26	03:08:21.422	0.95235				2
2025.03.26	03:08:22.786	0.95236				2
2025.03.26	03:08:23.311		0.95243			4
2025.03.26	03:08:25.447	0.95235				2
2025.03.26	03:08:27.377		0.95244			4
2025.03.26	03:08:28.668	0.95236	0.95245			6
2025.03.26	03:08:29.369	0.95235				2
2025.03.26	03:08:29.708		0.95244			4
2025.03.26	03:08:30.791		0.95245			4
2025.03.26	03:08:32.389		0.95244			4
2025.03.26	03:08:35.922	0.95234				2
2025.03.26	03:08:36.930	0.95235				2
2025.03.26	03:08:38.341	0.95234				2
2025.03.26	03:08:41.456		0.95243			4
2025.03.26	03:08:41.795		0.95244			4
2025.03.26	03:08:43.331	0.95235				2
2025.03.26	03:08:46.244	0.95236				2
2025.03.26	03:08:46.578		0.95245			4
2025.03.26	03:08:48.559		0.95244			4
2025.03.26	03:08:50.085	0.95235				2
2025.03.26	03:08:50.592	0.95234				2
2025.03.26	03:08:51.993	0.95235				2
2025.03.26	03:08:54.837	0.95236				2
2025.03.26	03:09:00.010	0.95236				2
2025.03.26	03:09:03.615	0.95238	0.95246			6
2025.03.26	03:09:03.947		0.95247			4
2025.03.26	03:09:04.344		0.95246			4
2025.03.26	03:09:06.253		0.95247			4
2025.03.26	03:09:07.528	0.95239				2
2025.03.26	03:09:07.955	0.95238				2
2025.03.26	03:09:18.354		0.95248			4
2025.03.26	03:09:21.234	0.95237	0.95247			6
2025.03.26	03:09:21.931	0.95239				2
2025.03.26	03:09:22.637		0.95248			4
2025.03.26	03:09:24.761		0.95247			4
2025.03.26	03:09:27.520		0.95248			4
2025.03.26	03:09:29.531	0.95237	0.95247			6
2025.03.26	03:09:30.134	0.95240	0.95249			6
2025.03.26	03:09:33.798	0.95241				2
2025.03.26	03:09:34.111	0.95240	0.95250			6
2025.03.26	03:09:37.998		0.95249			4
2025.03.26	03:09:43.936	0.95239				2
2025.03.26	03:09:51.496		0.95250			4
2025.03.26	03:09:59.510	0.95241	0.95251			6
2025.03.26	03:10:00.264	0.95241				2
2025.03.26	03:10:01.442	0.95240				2
2025.03.26	03:10:01.756	0.95241				2
2025.03.26	03:10:02.231		0.95250			4
2025.03.26	03:10:04.852		0.95251			4
2025.03.26	03:10:05.168	0.95239	0.95249			6
2025.03.26	03:10:06.781	0.95241	0.95251			6
2025.03.26	03:10:07.093	0.95242				2
2025.03.26	03:10:07.478	0.95241				2
2025.03.26	03:10:08.327		0.95250			4
2025.03.26	03:10:08.999	0.95240				2
2025.03.26	03:10:11.771	0.95241	0.95251			6
2025.03.26	03:10:13.542	0.95240	0.95250			6
2025.03.26	03:10:13.890	0.95241				2
2025.03.26	03:10:14.398	0.95240				2
2025.03.26	03:10:16.140	0.95241	0.95251			6
2025.03.26	03:10:16.998	0.95239	0.95249			6
2025.03.26	03:10:18.471	0.95238	0.95248			6
2025.03.26	03:10:19.462	0.95239	0.95249			6
2025.03.26	03:10:23.351	0.95241	0.95251			6
2025.03.26	03:10:27.735	0.95242				2
2025.03.26	03:10:30.711		0.95252			4
2025.03.26	03:10:33.459	0.95243				2
2025.03.26	03:10:33.814	0.95244	0.95253			6
2025.03.26	03:10:34.150	0.95245				2
2025.03.26	03:10:34.539	0.95244				2
2025.03.26	03:10:34.890	0.95243	0.95252			6
2025.03.26	03:10:35.920	0.95242				2
2025.03.26	03:10:37.595	0.95243				2
2025.03.26	03:10:38.038	0.95242				2
2025.03.26	03:10:50.172	0.95244				2
2025.03.26	03:10:56.284	0.95242				2
2025.03.26	03:10:56.684	0.95241				2
2025.03.26	03:10:56.993	0.95244				2
2025.03.26	03:10:59.415	0.95245				2
2025.03.26	03:11:01.386	0.95245				2
2025.03.26	03:11:05.911	0.95246	0.95253			6
2025.03.26	03:11:09.293		0.95254			4
2025.03.26	03:11:15.498	0.95247				2
2025.03.26	03:11:17.187	0.95242	0.95251			6
2025.03.26	03:11:17.489	0.95243				2
2025.03.26	03:11:18.348	0.95244	0.95252			6
2025.03.26	03:11:21.993	0.95242	0.95251			6
2025.03.26	03:11:24.857	0.95241	0.95250			6
2025.03.26	03:11:25.911	0.95242	0.95249			6
2025.03.26	03:11:26.260		0.95250			4
2025.03.26	03:11:28.220		0.95251			4
2025.03.26	03:11:29.730	0.95241	0.95249			6
2025.03.26	03:11:32.881	0.95242				2
2025.03.26	03:11:37.383	0.95240				2
2025.03.26	03:11:38.078	0.95242	0.95251			6
2025.03.26	03:11:39.443	0.95240	0.95249			6
2025.03.26	03:11:41.151	0.95241				2
2025.03.26	03:11:42.919		0.95251			4
2025.03.26	03:11:43.587	0.95243				2
2025.03.26	03:11:45.526		0.95250			4
2025.03.26	03:11:47.359	0.95242	0.95251			6
2025.03.26	03:11:47.874	0.95243				2
2025.03.26	03:11:48.275		0.95250			4
2025.03.26	03:11:50.777	0.95242	0.95249			6
2025.03.26	03:11:54.104	0.95240	0.95246			6
2025.03.26	03:11:55.229	0.95239				2
2025.03.26	03:11:59.791	0.95240				2
2025.03.26	03:12:00.106	0.95239				2
2025.03.26	03:12:00.432	0.95237				2
2025.03.26	03:12:01.183	0.95240				2
2025.03.26	03:12:05.311	0.95239				2
2025.03.26	03:12:06.282	0.95238				2
2025.03.26	03:12:07.262	0.95239				2
2025.03.26	03:12:25.462	0.95240	0.95247			6
2025.03.26	03:12:28.880		0.95246			4
2025.03.26	03:12:29.183	0.95239	0.95247			6
2025.03.26	03:12:29.510	0.95238				2
2025.03.26	03:12:35.755		0.95246			4
2025.03.26	03:12:38.855	0.95237				2
2025.03.26	03:12:39.227	0.95238	0.95247			6
2025.03.26	03:12:40.763	0.95240				2
2025.03.26	03:12:41.067	0.95239	0.95248			6
2025.03.26	03:12:41.373		0.95247			4
2025.03.26	03:12:46.569	0.95240				2
2025.03.26	03:12:47.791	0.95241	0.95249			6
2025.03.26	03:12:58.124	0.95239	0.95247			6
2025.03.26	03:13:02.478	0.95239				2
2025.03.26	03:13:10.196	0.95241	0.95249			6
2025.03.26	03:13:19.839	0.95239	0.95247			6
2025.03.26	03:13:30.012	0.95241	0.95249			6
2025.03.26	03:13:35.162	0.95242	0.95250			6
2025.03.26	03:13:38.241	0.95243				2
2025.03.26	03:13:58.461	0.95244	0.95251			6
2025.03.26	03:14:00.357	0.95242				2
2025.03.26	03:14:00.661	0.95243				2
2025.03.26	03:14:01.183	0.95246				2
2025.03.26	03:14:05.438	0.95244				2
2025.03.26	03:14:08.652	0.95243				2
2025.03.26	03:14:14.283	0.95244				2
2025.03.26	03:14:18.392	0.95241	0.95249			6
2025.03.26	03:14:19.545	0.95240				2
2025.03.26	03:14:20.005	0.95241				2
2025.03.26	03:14:22.429	0.95239				2
2025.03.26	03:14:22.771	0.95241	0.95250			6
2025.03.26	03:14:24.204	0.95242	0.95251			6
2025.03.26	03:14:25.730	0.95238	0.95248			6
2025.03.26	03:14:29.405		0.95247			4
2025.03.26	03:14:35.587	0.95240	0.95248			6
2025.03.26	03:14:36.660	0.95241	0.95250			6
2025.03.26	03:14:39.736	0.95242	0.95251			6
2025.03.26	03:14:42.858	0.95239	0.95247			6
2025.03.26	03:14:43.172	0.95236	0.95246			6
2025.03.26	03:14:43.471		0.95245			4
2025.03.26	03:14:44.190	0.95234	0.95243			6
2025.03.26	03:14:46.267	0.95235				2
2025.03.26	03:14:48.359		0.95244			4
2025.03.26	03:14:49.650	0.95234	0.95243			6
2025.03.26	03:14:49.953		0.95242			4
2025.03.26	03:14:50.445	0.95233				2
2025.03.26	03:14:53.672	0.95234	0.95243			6
2025.03.26	03:14:56.352	0.95236				2
2025.03.26	03:14:56.665		0.95244			4
2025.03.26	03:14:59.510	0.95237	0.95246			6
2025.03.26	03:14:59.899	0.95236				2
2025.03.26	03:15:00.371	0.95238	0.95247			6
2025.03.26	03:15:00.674		0.95248			4
2025.03.26	03:15:01.459	0.95241				2
2025.03.26	03:15:01.764		0.95250			4
2025.03.26	03:15:02.599		0.95249			4
2025.03.26	03:15:02.944		0.95250			4
2025.03.26	03:15:03.317	0.95243	0.95251			6
2025.03.26	03:15:07.797		0.95252			4
2025.03.26	03:15:12.568	0.95244				2
2025.03.26	03:15:16.810	0.95241	0.95249			6
2025.03.26	03:15:17.425	0.95240				2
2025.03.26	03:15:18.894	0.95241				2
2025.03.26	03:15:21.327	0.95242				2
2025.03.26	03:15:21.881	0.95241	0.95248			6
2025.03.26	03:15:22.183	0.95242				2
2025.03.26	03:15:23.355	0.95241				2
2025.03.26	03:15:26.140	0.95243	0.95250			6
2025.03.26	03:15:27.988	0.95244	0.95251			6
2025.03.26	03:15:34.139	0.95241				2
2025.03.26	03:15:34.888	0.95244				2
2025.03.26	03:15:35.291		0.95250			4
2025.03.26	03:15:38.534	0.95245				2
