<DATE>	<TIME>	<BID>	<ASK>	<LAST>	<VOLUME>	<FLAGS>
2025.06.06	00:03:31.099	0.93780	0.93988			6
2025.06.06	00:04:19.818	0.93780				2
2025.06.06	00:04:40.916		0.93988			4
2025.06.06	00:05:00.920	0.93780				2
2025.06.06	00:05:49.789	0.93781	0.93988			6
2025.06.06	00:06:03.913	0.93781				2
2025.06.06	00:06:50.384		0.93988			4
2025.06.06	00:07:03.909	0.93781				2
2025.06.06	00:07:31.656	0.93782				2
2025.06.06	00:07:54.349		0.93988			4
2025.06.06	00:07:58.130	0.93781				2
2025.06.06	00:08:00.567	0.93781				2
2025.06.06	00:08:54.824		0.93988			4
2025.06.06	00:09:00.377	0.93781				2
2025.06.06	00:09:08.741	0.93737	0.93971			6
2025.06.06	00:09:58.198	0.93736	0.93969			6
2025.06.06	00:10:10.669	0.93816	0.93949			6
2025.06.06	00:10:14.565	0.93815				2
2025.06.06	00:10:16.767	0.93814	0.93950			6
2025.06.06	00:10:17.995	0.93815	0.93951			6
2025.06.06	00:10:21.831	0.93811	0.93947			6
2025.06.06	00:10:23.881	0.93812				2
2025.06.06	00:10:39.917	0.93821	0.93956			6
2025.06.06	00:10:44.203	0.93824	0.93961			6
2025.06.06	00:10:51.423	0.93808	0.93943			6
2025.06.06	00:10:53.219	0.93784	0.93969			6
2025.06.06	00:10:54.690		0.93986			4
2025.06.06	00:10:59.318	0.93808	0.93943			6
2025.06.06	00:11:00.219	0.93784	0.93986			6
2025.06.06	00:11:06.304	0.93824	0.93962			6
2025.06.06	00:11:07.207	0.93784	0.93986			6
2025.06.06	00:11:13.188	0.93808	0.93943			6
2025.06.06	00:11:14.091	0.93784	0.93986			6
2025.06.06	00:11:20.129	0.93808	0.93943			6
2025.06.06	00:11:21.032	0.93784	0.93986			6
2025.06.06	00:11:27.027	0.93808	0.93943			6
2025.06.06	00:11:27.931	0.93784	0.93986			6
2025.06.06	00:12:00.571	0.93784				2
2025.06.06	00:12:34.829		0.93986			4
2025.06.06	00:13:10.915	0.93784				2
2025.06.06	00:13:39.795		0.93986			4
2025.06.06	00:14:00.569	0.93784				2
2025.06.06	00:14:40.391		0.93986			4
2025.06.06	00:15:09.011	0.93782				2
2025.06.06	00:17:06.741	0.93782	0.93986			6
2025.06.06	00:17:35.765	0.93783				2
2025.06.06	00:17:36.662	0.93784				2
2025.06.06	00:17:36.967	0.93785				2
2025.06.06	00:17:37.862	0.93788				2
2025.06.06	00:17:38.182	0.93789				2
2025.06.06	00:17:39.066	0.93790				2
2025.06.06	00:17:39.961	0.93792				2
2025.06.06	00:17:40.581	0.93805				2
2025.06.06	00:17:43.683	0.93801				2
2025.06.06	00:18:04.262	0.93801				2
2025.06.06	00:18:08.765		0.93986			4
2025.06.06	00:18:11.380	0.93800				2
2025.06.06	00:18:16.937	0.93804				2
2025.06.06	00:18:21.574	0.93803				2
2025.06.06	00:18:23.650	0.93804				2
2025.06.06	00:18:24.342	0.93799				2
2025.06.06	00:18:47.162	0.93800				2
2025.06.06	00:18:54.937	0.93799				2
2025.06.06	00:18:55.863	0.93800				2
2025.06.06	00:19:00.362	0.93800				2
2025.06.06	00:19:08.762	0.93801				2
2025.06.06	00:19:09.807		0.93986			4
2025.06.06	00:19:39.727	0.93802				2
2025.06.06	00:20:00.573	0.93802				2
2025.06.06	00:20:10.147		0.93986			4
2025.06.06	00:20:24.066	0.93803				2
2025.06.06	00:20:52.431	0.93808	0.94020			6
2025.06.06	00:20:59.029	0.93803				2
2025.06.06	00:21:01.862	0.93803				2
2025.06.06	00:21:08.603	0.93808				2
2025.06.06	00:21:09.009		0.94017			4
2025.06.06	00:21:09.417	0.93814				2
2025.06.06	00:21:10.823	0.93813				2
2025.06.06	00:21:16.829	0.93816				2
2025.06.06	00:21:17.392	0.93815				2
2025.06.06	00:21:17.852	0.93814				2
2025.06.06	00:21:18.828	0.93813				2
2025.06.06	00:21:19.858	0.93817				2
2025.06.06	00:21:24.363	0.93818				2
2025.06.06	00:21:24.824	0.93817				2
2025.06.06	00:21:25.175	0.93818	0.94006			6
2025.06.06	00:21:25.616		0.94017			4
2025.06.06	00:21:26.127	0.93819				2
2025.06.06	00:21:26.617	0.93816				2
2025.06.06	00:21:27.122	0.93820				2
2025.06.06	00:21:30.042	0.93821				2
2025.06.06	00:21:30.827	0.93819				2
2025.06.06	00:21:31.262	0.93820				2
2025.06.06	00:21:33.329	0.93819				2
2025.06.06	00:21:33.832	0.93820				2
2025.06.06	00:21:34.330	0.93821				2
2025.06.06	00:21:35.924	0.93822				2
2025.06.06	00:21:37.825	0.93823				2
2025.06.06	00:21:42.664	0.93824				2
2025.06.06	00:21:43.602	0.93813				2
2025.06.06	00:21:43.971	0.93810				2
2025.06.06	00:21:44.470	0.93812				2
2025.06.06	00:21:44.830	0.93817				2
2025.06.06	00:21:45.661	0.93822				2
2025.06.06	00:21:46.822	0.93824				2
2025.06.06	00:21:47.461	0.93822				2
2025.06.06	00:21:48.266	0.93821				2
2025.06.06	00:21:48.887	0.93826				2
2025.06.06	00:21:49.823	0.93825				2
2025.06.06	00:21:51.822	0.93822				2
2025.06.06	00:21:52.325	0.93826				2
2025.06.06	00:21:53.291	0.93824				2
2025.06.06	00:21:53.610	0.93830				2
2025.06.06	00:21:53.925	0.93826				2
2025.06.06	00:21:54.363	0.93832				2
2025.06.06	00:21:54.793	0.93834				2
2025.06.06	00:22:03.325	0.93833				2
2025.06.06	00:22:04.830	0.93830				2
2025.06.06	00:22:05.332	0.93837				2
2025.06.06	00:22:05.824	0.93835				2
2025.06.06	00:22:06.823	0.93830				2
2025.06.06	00:22:08.832	0.93828	0.94020			6
2025.06.06	00:22:09.649	0.93832				2
2025.06.06	00:22:12.825	0.93818				2
2025.06.06	00:22:13.263	0.93819				2
2025.06.06	00:22:14.463	0.93814				2
2025.06.06	00:22:14.777	0.93816				2
2025.06.06	00:22:15.278	0.93823				2
2025.06.06	00:22:15.965	0.93824				2
2025.06.06	00:22:16.822	0.93809				2
2025.06.06	00:22:18.601	0.93811				2
2025.06.06	00:22:19.104	0.93810				2
2025.06.06	00:22:19.604	0.93811				2
2025.06.06	00:22:20.466	0.93812				2
2025.06.06	00:22:20.822	0.93810	0.93986			6
2025.06.06	00:22:21.131	0.93813				2
2025.06.06	00:22:21.431	0.93818				2
2025.06.06	00:22:22.824	0.93815				2
2025.06.06	00:22:29.070	0.93814				2
2025.06.06	00:22:31.823	0.93807				2
2025.06.06	00:22:32.326	0.93814				2
2025.06.06	00:22:34.824	0.93816				2
2025.06.06	00:22:35.566	0.93811				2
2025.06.06	00:22:36.722	0.93817				2
2025.06.06	00:22:39.824	0.93824				2
2025.06.06	00:22:40.262	0.93815				2
2025.06.06	00:22:44.162	0.93816				2
2025.06.06	00:22:45.116	0.93797				2
2025.06.06	00:22:45.616	0.93805				2
2025.06.06	00:22:45.965	0.93806				2
2025.06.06	00:22:46.822	0.93809				2
2025.06.06	00:22:48.662	0.93811				2
2025.06.06	00:22:49.809	0.93810				2
2025.06.06	00:22:50.462	0.93817				2
2025.06.06	00:22:52.270	0.93820				2
2025.06.06	00:22:52.787	0.93821				2
2025.06.06	00:22:53.124	0.93826				2
2025.06.06	00:22:53.972	0.93814				2
2025.06.06	00:22:54.472	0.93812				2
2025.06.06	00:22:55.165	0.93808				2
2025.06.06	00:23:00.238	0.93806				2
2025.06.06	00:23:04.871	0.93807				2
2025.06.06	00:23:05.463	0.93768	0.93951			6
2025.06.06	00:23:07.850	0.93770	0.93948			6
2025.06.06	00:23:09.066	0.93769				2
2025.06.06	00:23:12.967	0.93805	0.93981			6
2025.06.06	00:23:15.901		0.93978			4
2025.06.06	00:23:16.297	0.93806				2
2025.06.06	00:23:18.366	0.93801				2
2025.06.06	00:23:20.024	0.93795	0.93972			6
2025.06.06	00:23:20.724		0.93970			4
2025.06.06	00:23:23.398	0.93798	0.93965			6
2025.06.06	00:23:23.941	0.93797	0.93964			6
2025.06.06	00:23:25.566		0.93963			4
2025.06.06	00:23:30.702	0.93795	0.93965			6
2025.06.06	00:23:32.774	0.93796				2
2025.06.06	00:23:35.168		0.93989			4
2025.06.06	00:23:36.365	0.93778	0.93938			6
2025.06.06	00:23:38.471	0.93780				2
2025.06.06	00:23:40.567	0.93761				2
2025.06.06	00:23:42.116	0.93768	0.93881			6
2025.06.06	00:23:42.643	0.93761				2
2025.06.06	00:23:43.028	0.93742				2
2025.06.06	00:23:43.468	0.93740				2
2025.06.06	00:23:45.934	0.93741				2
2025.06.06	00:23:49.264	0.93740				2
2025.06.06	00:23:50.885	0.93741				2
2025.06.06	00:23:51.257	0.93743				2
2025.06.06	00:23:56.864	0.93742				2
2025.06.06	00:23:58.864	0.93743				2
2025.06.06	00:24:04.566	0.93743				2
2025.06.06	00:24:06.584	0.93698				2
2025.06.06	00:24:06.929	0.93694				2
2025.06.06	00:24:10.740	0.93732				2
2025.06.06	00:24:18.114		0.93880			4
2025.06.06	00:25:00.662	0.93732				2
2025.06.06	00:25:18.967		0.93880			4
2025.06.06	00:25:39.349	0.93686				2
2025.06.06	00:25:40.088	0.93732				2
2025.06.06	00:26:00.567	0.93732				2
2025.06.06	00:26:13.935	0.93736				2
2025.06.06	00:26:20.570		0.93880			4
2025.06.06	00:26:24.577		0.93877			4
2025.06.06	00:26:26.625		0.93876			4
2025.06.06	00:26:31.197		0.93867			4
2025.06.06	00:26:35.462	0.93746				2
2025.06.06	00:26:47.071		0.93856			4
2025.06.06	00:26:49.294	0.93723				2
2025.06.06	00:26:50.265		0.93860			4
2025.06.06	00:26:55.266		0.93859			4
2025.06.06	00:26:56.251		0.93860			4
2025.06.06	00:26:59.351		0.93859			4
2025.06.06	00:27:00.581	0.93723				2
2025.06.06	00:27:05.460		0.93858			4
2025.06.06	00:27:06.523		0.93851			4
2025.06.06	00:27:11.410		0.93850			4
2025.06.06	00:27:11.763		0.93847			4
2025.06.06	00:27:18.061		0.93846			4
2025.06.06	00:27:19.595		0.93847			4
2025.06.06	00:27:21.661		0.93846			4
2025.06.06	00:27:23.894		0.93848			4
2025.06.06	00:27:27.071		0.93849			4
2025.06.06	00:27:28.843		0.93848			4
2025.06.06	00:27:32.884	0.93718				2
2025.06.06	00:27:33.469		0.93847			4
2025.06.06	00:27:34.598		0.93848			4
2025.06.06	00:27:43.078	0.93725				2
2025.06.06	00:27:57.853	0.93719	0.93844			6
2025.06.06	00:27:58.360		0.93840			4
2025.06.06	00:27:59.983	0.93721	0.93845			6
2025.06.06	00:28:01.241	0.93721	0.93844			6
2025.06.06	00:28:19.570		0.93842			4
2025.06.06	00:28:36.693		0.93843			4
2025.06.06	00:28:46.233		0.93842			4
2025.06.06	00:29:00.017	0.93725				2
2025.06.06	00:29:01.717		0.93850			4
2025.06.06	00:29:02.154	0.93687	0.93853			6
2025.06.06	00:29:02.764		0.93854			4
2025.06.06	00:29:04.371		0.93853			4
2025.06.06	00:29:06.423		0.93850			4
2025.06.06	00:29:09.371		0.93848			4
2025.06.06	00:29:12.329		0.93847			4
2025.06.06	00:29:13.715		0.93845			4
2025.06.06	00:29:14.837		0.93842			4
2025.06.06	00:29:15.341		0.93844			4
2025.06.06	00:29:17.239	0.93685				2
2025.06.06	00:29:17.605		0.93847			4
2025.06.06	00:29:41.840	0.93691	0.93851			6
2025.06.06	00:29:55.514	0.93693	0.93860			6
2025.06.06	00:29:57.664	0.93694	0.93859			6
2025.06.06	00:30:00.373	0.93699	0.93861			6
2025.06.06	00:30:00.878		0.93860			4
2025.06.06	00:30:02.202		0.93858			4
2025.06.06	00:30:05.162		0.93857			4
2025.06.06	00:30:05.715	0.93702	0.93855			6
2025.06.06	00:30:09.901	0.93699	0.93869			6
2025.06.06	00:30:10.218		0.93866			4
2025.06.06	00:30:17.203		0.93867			4
2025.06.06	00:30:17.625		0.93865			4
2025.06.06	00:30:18.061		0.93866			4
2025.06.06	00:30:23.614		0.93867			4
2025.06.06	00:30:24.063		0.93868			4
2025.06.06	00:30:24.666		0.93866			4
2025.06.06	00:30:27.664		0.93865			4
2025.06.06	00:30:32.204	0.93703				2
2025.06.06	00:30:32.874		0.93867			4
2025.06.06	00:30:42.665		0.93866			4
2025.06.06	00:30:46.496	0.93724				2
2025.06.06	00:30:48.967		0.93865			4
2025.06.06	00:30:59.369	0.93723	0.93866			6
2025.06.06	00:31:00.384	0.93721	0.93868			6
2025.06.06	00:31:02.207	0.93720	0.93869			6
2025.06.06	00:31:03.363	0.93719				2
2025.06.06	00:31:04.301	0.93708	0.93862			6
2025.06.06	00:31:14.657	0.93709				2
2025.06.06	00:31:17.215	0.93710				2
2025.06.06	00:31:32.204	0.93708				2
2025.06.06	00:31:38.169		0.93863			4
2025.06.06	00:31:46.561		0.93862			4
2025.06.06	00:31:57.383		0.93863			4
2025.06.06	00:31:59.320	0.93705				2
2025.06.06	00:32:01.719	0.93703				2
2025.06.06	00:32:04.565	0.93702	0.93864			6
2025.06.06	00:32:09.965	0.93703	0.93863			6
2025.06.06	00:32:17.612	0.93704	0.93862			6
2025.06.06	00:32:54.997	0.93702	0.93864			6
2025.06.06	00:33:01.264	0.93702				2
2025.06.06	00:33:10.265	0.93700				2
2025.06.06	00:33:11.764	0.93701				2
2025.06.06	00:33:19.265		0.93865			4
2025.06.06	00:33:38.249		0.93864			4
2025.06.06	00:33:39.966		0.93865			4
2025.06.06	00:33:48.663		0.93864			4
2025.06.06	00:33:49.323	0.93705				2
2025.06.06	00:33:58.436		0.93865			4
2025.06.06	00:34:02.204	0.93711	0.93867			6
2025.06.06	00:34:15.385	0.93715	0.93868			6
2025.06.06	00:34:15.700		0.93867			4
2025.06.06	00:34:17.205		0.93868			4
2025.06.06	00:34:19.416		0.93867			4
2025.06.06	00:34:34.336		0.93866			4
2025.06.06	00:34:37.517		0.93865			4
2025.06.06	00:34:58.863		0.93864			4
2025.06.06	00:35:00.865	0.93715	0.93865			6
2025.06.06	00:35:06.088		0.93866			4
2025.06.06	00:35:10.434	0.93708	0.93865			6
2025.06.06	00:35:19.413		0.93864			4
2025.06.06	00:35:22.337		0.93861			4
2025.06.06	00:35:24.781	0.93732	0.93873			6
2025.06.06	00:35:29.467		0.93874			4
2025.06.06	00:35:32.764	0.93719	0.93872			6
2025.06.06	00:35:46.151		0.93873			4
2025.06.06	00:35:47.203		0.93872			4
2025.06.06	00:35:51.365	0.93708	0.93873			6
2025.06.06	00:35:51.964	0.93715				2
2025.06.06	00:35:52.281		0.93874			4
2025.06.06	00:35:56.334	0.93725	0.93866			6
2025.06.06	00:35:56.723	0.93718				2
2025.06.06	00:36:07.264	0.93718				2
2025.06.06	00:36:17.900	0.93719				2
2025.06.06	00:36:24.612	0.93717				2
2025.06.06	00:36:26.166	0.93716				2
2025.06.06	00:36:28.265	0.93717				2
2025.06.06	00:36:30.066	0.93716				2
2025.06.06	00:36:31.642	0.93714				2
2025.06.06	00:36:32.163	0.93707				2
2025.06.06	00:36:32.764	0.93704				2
2025.06.06	00:36:39.363	0.93703				2
2025.06.06	00:36:56.138	0.93734	0.93867			6
2025.06.06	00:36:59.718	0.93723				2
2025.06.06	00:37:03.372	0.93723				2
2025.06.06	00:37:16.758	0.93724				2
2025.06.06	00:37:34.864	0.93725	0.93866			6
2025.06.06	00:37:46.531	0.93721	0.93867			6
2025.06.06	00:37:49.864	0.93722				2
2025.06.06	00:37:56.342	0.93725	0.93865			6
2025.06.06	00:38:07.862	0.93725				2
2025.06.06	00:38:11.358	0.93726				2
2025.06.06	00:38:33.715	0.93723	0.93864			6
2025.06.06	00:38:42.866	0.93724	0.93863			6
2025.06.06	00:38:52.262	0.93722	0.93864			6
2025.06.06	00:38:55.386	0.93730	0.93867			6
2025.06.06	00:38:56.688	0.93732				2
2025.06.06	00:39:01.838	0.93732				2
2025.06.06	00:39:06.962	0.93733				2
2025.06.06	00:39:13.574	0.93731				2
2025.06.06	00:39:14.665	0.93730				2
2025.06.06	00:39:16.739		0.93865			4
2025.06.06	00:39:18.024	0.93731				2
2025.06.06	00:39:33.536	0.93732				2
2025.06.06	00:39:37.911	0.93731				2
2025.06.06	00:39:40.869	0.93732				2
2025.06.06	00:39:49.069	0.93728	0.93862			6
2025.06.06	00:39:52.269	0.93729				2
2025.06.06	00:39:56.942	0.93698	0.93857			6
2025.06.06	00:39:58.262		0.93856			4
2025.06.06	00:40:00.364	0.93698	0.93857			6
2025.06.06	00:40:01.831		0.93856			4
2025.06.06	00:40:06.890	0.93716	0.93860			6
2025.06.06	00:40:07.217	0.93724				2
2025.06.06	00:40:07.563	0.93726	0.93861			6
2025.06.06	00:40:08.165	0.93727	0.93862			6
2025.06.06	00:40:08.598	0.93722	0.93865			6
2025.06.06	00:40:11.773		0.93867			4
2025.06.06	00:40:16.459	0.93727	0.93862			6
2025.06.06	00:40:22.220	0.93728	0.93861			6
2025.06.06	00:40:28.988	0.93727	0.93860			6
2025.06.06	00:40:30.917	0.93728	0.93861			6
2025.06.06	00:40:31.416	0.93729	0.93862			6
2025.06.06	00:40:31.725	0.93726				2
2025.06.06	00:40:37.219	0.93727	0.93861			6
2025.06.06	00:40:49.415	0.93728	0.93860			6
2025.06.06	00:40:51.135	0.93726	0.93862			6
2025.06.06	00:40:54.662	0.93730				2
2025.06.06	00:40:58.895	0.93724	0.93867			6
2025.06.06	00:41:00.569	0.93724				2
2025.06.06	00:41:00.923	0.93728	0.93864			6
2025.06.06	00:41:07.560	0.93730	0.93862			6
2025.06.06	00:41:11.166	0.93724				2
2025.06.06	00:41:11.924	0.93730				2
2025.06.06	00:41:16.832		0.93863			4
2025.06.06	00:41:17.551	0.93729				2
2025.06.06	00:41:19.792	0.93728	0.93865			6
2025.06.06	00:41:22.224		0.93864			4
2025.06.06	00:41:24.392	0.93730	0.93862			6
2025.06.06	00:41:32.305	0.93724	0.93864			6
2025.06.06	00:41:34.615	0.93728	0.93860			6
2025.06.06	00:41:41.165	0.93730	0.93861			6
2025.06.06	00:41:49.930	0.93726	0.93865			6
2025.06.06	00:41:52.416	0.93727	0.93864			6
2025.06.06	00:41:52.922	0.93728	0.93863			6
2025.06.06	00:41:53.424	0.93727	0.93864			6
2025.06.06	00:41:53.928	0.93728	0.93863			6
2025.06.06	00:41:54.426	0.93727	0.93864			6
2025.06.06	00:41:54.922	0.93728	0.93863			6
2025.06.06	00:41:55.423	0.93727	0.93864			6
2025.06.06	00:42:00.426	0.93726	0.93865			6
2025.06.06	00:42:00.913	0.93727	0.93864			6
2025.06.06	00:42:01.429		0.93863			4
2025.06.06	00:42:01.775		0.93864			4
2025.06.06	00:42:06.907	0.93729	0.93862			6
2025.06.06	00:42:12.228		0.93861			4
2025.06.06	00:42:20.915	0.93723	0.93865			6
2025.06.06	00:42:21.342	0.93728	0.93860			6
2025.06.06	00:42:21.928	0.93730	0.93861			6
2025.06.06	00:42:22.240		0.93862			4
2025.06.06	00:42:24.341	0.93727	0.93866			6
2025.06.06	00:42:26.348	0.93729	0.93861			6
2025.06.06	00:42:30.431	0.93737	0.93867			6
2025.06.06	00:42:36.425	0.93738				2
2025.06.06	00:42:36.749	0.93729	0.93865			6
2025.06.06	00:42:37.089	0.93726				2
2025.06.06	00:42:37.402	0.93730	0.93860			6
2025.06.06	00:42:37.930	0.93729	0.93863			6
2025.06.06	00:42:38.240		0.93861			4
2025.06.06	00:42:40.236	0.93730				2
2025.06.06	00:42:40.846	0.93726	0.93860			6
2025.06.06	00:42:41.930		0.93859			4
2025.06.06	00:42:45.934		0.93860			4
2025.06.06	00:42:47.494	0.93725				2
2025.06.06	00:42:51.184	0.93723	0.93862			6
2025.06.06	00:42:51.759	0.93725	0.93860			6
2025.06.06	00:42:52.062	0.93723	0.93862			6
2025.06.06	00:42:52.388	0.93725	0.93860			6
2025.06.06	00:42:55.634	0.93727	0.93858			6
2025.06.06	00:42:55.940	0.93726				2
2025.06.06	00:42:58.591	0.93727				2
2025.06.06	00:43:00.927	0.93727				2
2025.06.06	00:43:01.562	0.93729				2
2025.06.06	00:43:07.429	0.93726	0.93861			6
2025.06.06	00:43:08.112	0.93729	0.93858			6
2025.06.06	00:43:12.062	0.93727	0.93861			6
2025.06.06	00:43:14.163	0.93726				2
2025.06.06	00:43:17.777	0.93727				2
2025.06.06	00:43:23.763	0.93733				2
2025.06.06	00:43:27.723	0.93732	0.93862			6
2025.06.06	00:43:38.188	0.93731				2
2025.06.06	00:43:50.944	0.93726	0.93867			6
2025.06.06	00:43:58.553	0.93727	0.93866			6
2025.06.06	00:44:00.570	0.93726	0.93867			6
2025.06.06	00:44:00.922	0.93730	0.93863			6
2025.06.06	00:44:08.100	0.93732	0.93861			6
2025.06.06	00:44:11.462	0.93729	0.93862			6
2025.06.06	00:44:15.925	0.93728				2
2025.06.06	00:44:18.364	0.93714				2
2025.06.06	00:44:18.962	0.93728				2
2025.06.06	00:44:21.008	0.93730				2
2025.06.06	00:44:23.194	0.93729	0.93863			6
2025.06.06	00:44:30.844	0.93738	0.93865			6
2025.06.06	00:44:31.561	0.93709	0.93862			6
2025.06.06	00:44:34.048		0.93860			4
2025.06.06	00:44:45.609		0.93861			4
2025.06.06	00:44:45.926		0.93860			4
2025.06.06	00:44:46.616		0.93861			4
2025.06.06	00:44:49.123		0.93860			4
2025.06.06	00:44:50.567		0.93861			4
2025.06.06	00:44:53.762		0.93860			4
2025.06.06	00:45:00.365	0.93709				2
2025.06.06	00:45:02.186	0.93715	0.93883			6
2025.06.06	00:45:04.650	0.93709	0.93860			6
2025.06.06	00:45:08.873	0.93727	0.93842			6
2025.06.06	00:45:10.647		0.93840			4
2025.06.06	00:45:17.465	0.93748	0.93842			6
2025.06.06	00:45:23.114	0.93747				2
2025.06.06	00:45:28.335	0.93735	0.93841			6
2025.06.06	00:45:36.269	0.93731	0.93842			6
2025.06.06	00:45:45.663	0.93728				2
2025.06.06	00:45:49.948		0.93845			4
2025.06.06	00:45:58.263	0.93729				2
2025.06.06	00:46:00.925	0.93731	0.93843			6
2025.06.06	00:46:01.568	0.93728				2
2025.06.06	00:46:07.137	0.93730				2
2025.06.06	00:46:12.613		0.93838			4
2025.06.06	00:46:13.139	0.93729				2
2025.06.06	00:46:15.923	0.93728				2
2025.06.06	00:46:19.058	0.93729				2
2025.06.06	00:46:20.168	0.93728				2
2025.06.06	00:46:24.363	0.93726				2
2025.06.06	00:46:27.027	0.93728				2
2025.06.06	00:46:28.338	0.93724				2
2025.06.06	00:46:41.940	0.93726				2
2025.06.06	00:46:54.066	0.93725				2
2025.06.06	00:47:00.226	0.93726				2
2025.06.06	00:47:01.726	0.93725				2
2025.06.06	00:47:02.242	0.93732	0.93864			6
2025.06.06	00:47:04.670	0.93724	0.93838			6
2025.06.06	00:47:05.974	0.93722	0.93847			6
2025.06.06	00:47:12.609		0.93848			4
2025.06.06	00:47:13.595	0.93723	0.93847			6
2025.06.06	00:47:15.926	0.93724	0.93844			6
2025.06.06	00:47:22.527	0.93729	0.93843			6
2025.06.06	00:47:22.862	0.93725				2
2025.06.06	00:47:27.392	0.93729				2
2025.06.06	00:47:28.108	0.93733				2
2025.06.06	00:47:29.038	0.93735	0.93841			6
2025.06.06	00:47:30.664	0.93734	0.93842			6
2025.06.06	00:47:31.863	0.93735	0.93841			6
2025.06.06	00:47:38.434	0.93722	0.93842			6
2025.06.06	00:47:38.922		0.93846			4
2025.06.06	00:47:39.364	0.93723				2
2025.06.06	00:47:39.708	0.93725	0.93844			6
2025.06.06	00:47:41.488	0.93763	0.93848			6
2025.06.06	00:47:42.592	0.93764				2
2025.06.06	00:47:45.926	0.93765				2
2025.06.06	00:47:46.266	0.93759				2
2025.06.06	00:47:50.089	0.93757				2
2025.06.06	00:47:58.817	0.93758				2
2025.06.06	00:48:00.567	0.93758				2
2025.06.06	00:48:16.564	0.93759				2
2025.06.06	00:48:20.082	0.93760				2
2025.06.06	00:48:53.793	0.93764	0.93848			6
2025.06.06	00:48:55.119	0.93766				2
2025.06.06	00:48:58.562	0.93767				2
2025.06.06	00:49:00.394	0.93767				2
2025.06.06	00:49:01.010	0.93765				2
2025.06.06	00:49:01.864	0.93763				2
2025.06.06	00:49:16.564		0.93850			4
2025.06.06	00:49:21.966	0.93764				2
2025.06.06	00:49:24.363	0.93763				2
2025.06.06	00:49:27.062	0.93764				2
2025.06.06	00:49:51.961		0.93849			4
2025.06.06	00:50:01.009	0.93764				2
2025.06.06	00:50:09.661	0.93765	0.93850			6
2025.06.06	00:50:12.664		0.93849			4
2025.06.06	00:50:17.765	0.93767	0.93851			6
2025.06.06	00:50:23.465	0.93763	0.93847			6
2025.06.06	00:50:28.863	0.93764				2
2025.06.06	00:50:31.081	0.93763				2
2025.06.06	00:50:31.563	0.93767	0.93851			6
2025.06.06	00:50:34.864		0.93850			4
2025.06.06	00:50:35.169	0.93763	0.93847			6
2025.06.06	00:50:49.563		0.93846			4
2025.06.06	00:50:56.109	0.93764				2
2025.06.06	00:50:56.465	0.93767	0.93850			6
2025.06.06	00:51:00.062	0.93767				2
2025.06.06	00:51:08.126	0.93768				2
2025.06.06	00:51:31.726		0.93849			4
2025.06.06	00:51:33.363		0.93850			4
2025.06.06	00:51:38.084	0.93769				2
2025.06.06	00:51:41.763	0.93767	0.93848			6
2025.06.06	00:51:45.384	0.93765	0.93846			6
2025.06.06	00:51:56.762		0.93845			4
2025.06.06	00:52:05.099	0.93765				2
2025.06.06	00:52:33.061	0.93766				2
2025.06.06	00:52:42.365		0.93844			4
2025.06.06	00:52:59.792	0.93768	0.93846			6
2025.06.06	00:53:00.590	0.93766	0.93844			6
2025.06.06	00:53:01.526	0.93768	0.93846			6
2025.06.06	00:53:02.111	0.93766	0.93844			6
2025.06.06	00:53:04.348	0.93768	0.93846			6
2025.06.06	00:53:05.765	0.93766	0.93844			6
2025.06.06	00:53:07.360	0.93768	0.93846			6
2025.06.06	00:53:27.664	0.93769	0.93845			6
2025.06.06	00:54:10.915	0.93769				2
2025.06.06	00:54:40.758		0.93845			4
2025.06.06	00:54:46.345	0.93772	0.93851			6
2025.06.06	00:54:46.649	0.93767				2
2025.06.06	00:54:47.055	0.93768				2
2025.06.06	00:54:49.795	0.93767				2
2025.06.06	00:54:54.596	0.93772				2
2025.06.06	00:54:57.121	0.93766	0.93845			6
2025.06.06	00:55:00.398	0.93766				2
2025.06.06	00:55:01.263	0.93771	0.93851			6
2025.06.06	00:55:01.624	0.93769	0.93852			6
2025.06.06	00:55:04.115	0.93768	0.93853			6
2025.06.06	00:55:04.482	0.93770	0.93855			6
2025.06.06	00:55:05.811	0.93771	0.93854			6
2025.06.06	00:55:06.161	0.93768	0.93857			6
2025.06.06	00:55:06.467	0.93770	0.93855			6
2025.06.06	00:55:06.793	0.93771	0.93854			6
2025.06.06	00:55:07.104	0.93769	0.93856			6
2025.06.06	00:55:08.598	0.93771	0.93854			6
2025.06.06	00:55:09.226	0.93767	0.93852			6
2025.06.06	00:55:09.646	0.93762	0.93848			6
2025.06.06	00:55:10.916	0.93763	0.93847			6
2025.06.06	00:55:11.825	0.93764	0.93846			6
2025.06.06	00:55:19.796	0.93761	0.93849			6
2025.06.06	00:55:20.102	0.93760	0.93850			6
2025.06.06	00:55:20.457	0.93761	0.93849			6
2025.06.06	00:55:21.508	0.93762	0.93848			6
2025.06.06	00:55:22.067	0.93761	0.93849			6
2025.06.06	00:55:24.062	0.93760	0.93851			6
2025.06.06	00:55:26.107	0.93759				2
2025.06.06	00:55:26.917	0.93758	0.93852			6
2025.06.06	00:55:35.153	0.93759	0.93851			6
2025.06.06	00:55:47.714		0.93852			4
2025.06.06	00:55:49.643		0.93851			4
2025.06.06	00:55:59.787	0.93740	0.93865			6
2025.06.06	00:56:03.283	0.93740				2
2025.06.06	00:56:05.157	0.93742				2
2025.06.06	00:56:09.285	0.93758	0.93852			6
2025.06.06	00:56:11.763	0.93759				2
2025.06.06	00:56:19.803	0.93758				2
2025.06.06	00:56:20.141	0.93757	0.93853			6
2025.06.06	00:56:21.666	0.93758	0.93856			6
2025.06.06	00:56:40.568	0.93757	0.93857			6
2025.06.06	00:56:41.107	0.93758	0.93856			6
2025.06.06	00:57:00.757	0.93757	0.93857			6
2025.06.06	00:57:01.564		0.93858			4
2025.06.06	00:57:05.141	0.93759	0.93855			6
2025.06.06	00:57:08.163		0.93856			4
2025.06.06	00:57:11.105	0.93756	0.93853			6
2025.06.06	00:57:13.453	0.93754	0.93851			6
2025.06.06	00:57:15.073	0.93744	0.93855			6
2025.06.06	00:57:16.731	0.93742				2
2025.06.06	00:57:17.109	0.93741				2
2025.06.06	00:57:18.063	0.93740				2
2025.06.06	00:57:20.375	0.93742				2
2025.06.06	00:57:21.390	0.93741				2
2025.06.06	00:57:24.283	0.93752	0.93852			6
2025.06.06	00:57:46.263		0.93853			4
2025.06.06	00:57:55.564	0.93751				2
2025.06.06	00:58:00.062	0.93751				2
2025.06.06	00:58:06.731	0.93747	0.93855			6
2025.06.06	00:58:07.108	0.93748				2
2025.06.06	00:58:08.198	0.93749				2
2025.06.06	00:58:11.177	0.93746	0.93851			6
2025.06.06	00:58:21.733	0.93750				2
2025.06.06	00:58:35.677	0.93729				2
2025.06.06	00:58:35.979		0.93854			4
2025.06.06	00:58:36.323		0.93856			4
2025.06.06	00:58:39.667		0.93854			4
2025.06.06	00:58:40.393		0.93857			4
2025.06.06	00:58:40.863	0.93740	0.93848			6
2025.06.06	00:58:52.516		0.93846			4
2025.06.06	00:58:54.284		0.93845			4
2025.06.06	00:58:55.863		0.93843			4
2025.06.06	00:59:00.009	0.93740	0.93848			6
2025.06.06	00:59:04.840		0.93845			4
2025.06.06	00:59:05.164		0.93844			4
2025.06.06	00:59:05.835		0.93848			4
2025.06.06	00:59:06.228	0.93732	0.93851			6
2025.06.06	00:59:07.546	0.93721	0.93834			6
2025.06.06	00:59:10.739	0.93724	0.93846			6
2025.06.06	00:59:11.114		0.93835			4
2025.06.06	00:59:13.566		0.93830			4
2025.06.06	00:59:14.277		0.93835			4
2025.06.06	00:59:16.564		0.93836			4
2025.06.06	00:59:18.788		0.93835			4
2025.06.06	00:59:20.180		0.93837			4
2025.06.06	00:59:22.018	0.93721				2
2025.06.06	00:59:25.570		0.93836			4
2025.06.06	00:59:27.126		0.93837			4
2025.06.06	00:59:27.594		0.93835			4
2025.06.06	00:59:34.420		0.93838			4
2025.06.06	00:59:38.525		0.93844			4
2025.06.06	00:59:39.064	0.93723	0.93845			6
2025.06.06	00:59:40.133	0.93722				2
2025.06.06	00:59:41.150	0.93721	0.93841			6
2025.06.06	00:59:43.013		0.93839			4
2025.06.06	00:59:50.761		0.93840			4
2025.06.06	01:00:00.314	0.93725	0.93845			6
2025.06.06	01:00:00.620	0.93721				2
2025.06.06	01:00:00.928	0.93722				2
2025.06.06	01:00:01.241	0.93721				2
2025.06.06	01:00:01.950		0.93828			4
2025.06.06	01:00:02.629	0.93717	0.93863			6
2025.06.06	01:00:02.950	0.93720	0.93864			6
2025.06.06	01:00:03.253	0.93719				2
2025.06.06	01:00:03.555	0.93720	0.93866			6
2025.06.06	01:00:05.068	0.93721	0.93828			6
2025.06.06	01:00:06.199	0.93722				2
2025.06.06	01:00:06.581	0.93725				2
2025.06.06	01:00:06.912	0.93727				2
2025.06.06	01:00:08.466	0.93732				2
2025.06.06	01:00:09.536	0.93728				2
2025.06.06	01:00:09.926	0.93730				2
2025.06.06	01:00:10.242	0.93723				2
2025.06.06	01:00:10.563	0.93724				2
2025.06.06	01:00:11.175	0.93739				2
2025.06.06	01:00:11.480	0.93763				2
2025.06.06	01:00:12.052	0.93771				2
2025.06.06	01:00:12.524	0.93776				2
2025.06.06	01:00:18.446	0.93778	0.93834			6
2025.06.06	01:00:18.790	0.93776				2
2025.06.06	01:00:20.843	0.93778				2
2025.06.06	01:00:24.657	0.93780				2
2025.06.06	01:00:32.474	0.93778				2
2025.06.06	01:00:35.224		0.93826			4
2025.06.06	01:00:45.317	0.93767				2
2025.06.06	01:00:48.666	0.93776	0.93824			6
2025.06.06	01:01:00.064	0.93776				2
2025.06.06	01:01:00.383	0.93774	0.93835			6
2025.06.06	01:01:11.948	0.93763	0.93831			6
2025.06.06	01:01:12.254	0.93761	0.93820			6
2025.06.06	01:01:47.071		0.93819			4
2025.06.06	01:01:52.867		0.93818			4
2025.06.06	01:01:54.363		0.93815			4
2025.06.06	01:01:57.909		0.93818			4
2025.06.06	01:01:58.219	0.93764	0.93811			6
2025.06.06	01:01:58.564		0.93813			4
2025.06.06	01:01:58.921		0.93811			4
2025.06.06	01:01:59.436		0.93813			4
2025.06.06	01:01:59.739	0.93763	0.93812			6
2025.06.06	01:02:00.069	0.93759	0.93818			6
2025.06.06	01:02:00.445	0.93761	0.93811			6
2025.06.06	01:02:00.934	0.93763	0.93818			6
2025.06.06	01:02:01.238		0.93811			4
2025.06.06	01:02:01.726	0.93762	0.93815			6
2025.06.06	01:02:02.039		0.93811			4
2025.06.06	01:02:02.451	0.93760				2
2025.06.06	01:02:02.781	0.93770	0.93820			6
2025.06.06	01:02:05.635	0.93778				2
2025.06.06	01:02:06.365		0.93819			4
2025.06.06	01:02:11.111	0.93772	0.93818			6
2025.06.06	01:02:12.065		0.93816			4
2025.06.06	01:02:16.117		0.93813			4
2025.06.06	01:02:25.819		0.93814			4
2025.06.06	01:02:34.868		0.93813			4
2025.06.06	01:02:37.547	0.93770	0.93814			6
2025.06.06	01:02:37.928	0.93771				2
2025.06.06	01:02:57.069		0.93810			4
2025.06.06	01:02:57.397	0.93772	0.93809			6
2025.06.06	01:02:57.963		0.93810			4
2025.06.06	01:03:00.196	0.93772	0.93809			6
2025.06.06	01:03:07.580	0.93777	0.93810			6
2025.06.06	01:03:21.758	0.93780	0.93812			6
2025.06.06	01:04:00.467	0.93780	0.93811			6
2025.06.06	01:04:21.776	0.93779				2
2025.06.06	01:04:37.638	0.93778	0.93809			6
2025.06.06	01:04:39.065	0.93777				2
2025.06.06	01:04:40.953	0.93781	0.93811			6
2025.06.06	01:04:42.399	0.93780				2
2025.06.06	01:04:42.744	0.93779				2
2025.06.06	01:04:48.963	0.93780				2
2025.06.06	01:04:51.963	0.93784	0.93814			6
2025.06.06	01:04:53.216	0.93783	0.93813			6
2025.06.06	01:05:00.413	0.93784	0.93814			6
2025.06.06	01:05:01.742	0.93785				2
2025.06.06	01:05:02.465	0.93784				2
2025.06.06	01:05:18.365	0.93785				2
2025.06.06	01:05:19.854	0.93784	0.93811			6
2025.06.06	01:05:20.464	0.93783				2
2025.06.06	01:05:34.941	0.93784				2
2025.06.06	01:05:45.664	0.93783				2
2025.06.06	01:05:50.573		0.93810			4
2025.06.06	01:05:57.364	0.93784				2
2025.06.06	01:06:00.511	0.93780	0.93806			6
2025.06.06	01:06:23.162	0.93779				2
2025.06.06	01:06:29.464	0.93780				2
2025.06.06	01:06:32.463	0.93779				2
2025.06.06	01:06:45.963	0.93780				2
2025.06.06	01:07:00.396	0.93780				2
2025.06.06	01:07:00.916		0.93806			4
2025.06.06	01:07:20.917		0.93805			4
2025.06.06	01:07:22.744		0.93807			4
2025.06.06	01:07:25.863	0.93781				2
2025.06.06	01:07:44.068	0.93782	0.93808			6
2025.06.06	01:07:45.662	0.93783				2
2025.06.06	01:08:03.120	0.93783				2
2025.06.06	01:08:11.862	0.93785				2
2025.06.06	01:08:27.968	0.93783	0.93807			6
2025.06.06	01:08:30.064	0.93784				2
2025.06.06	01:08:36.968	0.93783				2
2025.06.06	01:08:39.364	0.93782	0.93804			6
2025.06.06	01:08:42.667	0.93781				2
2025.06.06	01:09:00.565	0.93781				2
2025.06.06	01:09:33.619	0.93780	0.93802			6
2025.06.06	01:09:39.744		0.93804			4
2025.06.06	01:09:43.427	0.93783	0.93805			6
2025.06.06	01:09:44.443	0.93784	0.93807			6
2025.06.06	01:09:51.662	0.93785				2
2025.06.06	01:09:57.195		0.93808			4
2025.06.06	01:09:58.858		0.93809			4
2025.06.06	01:09:59.464	0.93786				2
2025.06.06	01:10:00.663	0.93786				2
2025.06.06	01:10:03.681	0.93785				2
2025.06.06	01:10:09.063		0.93807			4
2025.06.06	01:10:09.478		0.93808			4
2025.06.06	01:10:14.468	0.93786				2
2025.06.06	01:10:54.363	0.93785				2
2025.06.06	01:11:00.549	0.93785	0.93807			6
2025.06.06	01:11:07.720	0.93786				2
2025.06.06	01:11:10.569		0.93808			4
2025.06.06	01:11:12.968	0.93785				2
2025.06.06	01:11:29.470	0.93786				2
2025.06.06	01:11:30.964	0.93785				2
2025.06.06	01:11:32.741	0.93786				2
2025.06.06	01:11:50.972	0.93793	0.93800			6
2025.06.06	01:11:53.417	0.93786	0.93808			6
2025.06.06	01:11:58.571		0.93806			4
2025.06.06	01:11:59.089	0.93785				2
2025.06.06	01:12:00.368	0.93784				2
2025.06.06	01:12:19.069	0.93785				2
2025.06.06	01:12:21.365	0.93784				2
2025.06.06	01:12:26.264	0.93783				2
2025.06.06	01:12:27.993		0.93803			4
2025.06.06	01:12:32.245		0.93801			4
2025.06.06	01:12:36.313	0.93784	0.93802			6
2025.06.06	01:12:36.662	0.93783				2
2025.06.06	01:12:49.791	0.93785	0.93805			6
2025.06.06	01:13:03.063	0.93785				2
2025.06.06	01:13:04.409	0.93786	0.93806			6
2025.06.06	01:13:29.427	0.93787	0.93805			6
2025.06.06	01:13:29.740		0.93806			4
2025.06.06	01:13:31.864	0.93788	0.93808			6
2025.06.06	01:13:32.180	0.93787	0.93806			6
2025.06.06	01:13:49.159		0.93807			4
2025.06.06	01:14:00.367	0.93787				2
2025.06.06	01:14:05.585	0.93792	0.93812			6
2025.06.06	01:14:05.898	0.93791				2
2025.06.06	01:14:16.891	0.93792				2
2025.06.06	01:14:20.217	0.93791				2
2025.06.06	01:14:29.483	0.93790	0.93810			6
2025.06.06	01:14:30.064	0.93791				2
2025.06.06	01:14:48.014	0.93790	0.93809			6
2025.06.06	01:15:00.382	0.93790				2
2025.06.06	01:15:00.965	0.93789				2
2025.06.06	01:15:01.980	0.93790				2
2025.06.06	01:15:04.258	0.93789				2
2025.06.06	01:15:05.293	0.93790				2
2025.06.06	01:15:07.116	0.93789				2
2025.06.06	01:15:07.818	0.93793				2
2025.06.06	01:15:14.339	0.93790				2
2025.06.06	01:15:27.600	0.93783	0.93805			6
2025.06.06	01:15:27.907	0.93786				2
2025.06.06	01:15:33.518		0.93806			4
2025.06.06	01:15:35.169	0.93785	0.93803			6
2025.06.06	01:15:35.480		0.93804			4
2025.06.06	01:15:39.558	0.93784				2
2025.06.06	01:15:53.768	0.93785				2
2025.06.06	01:15:56.296		0.93805			4
2025.06.06	01:15:56.972		0.93804			4
2025.06.06	01:15:58.678		0.93805			4
2025.06.06	01:16:00.088	0.93785	0.93804			6
2025.06.06	01:16:00.429		0.93805			4
2025.06.06	01:16:00.740	0.93787	0.93806			6
2025.06.06	01:16:02.314	0.93788	0.93807			6
2025.06.06	01:16:02.663	0.93787				2
2025.06.06	01:16:03.845	0.93790	0.93808			6
2025.06.06	01:16:04.159		0.93809			4
2025.06.06	01:16:07.572	0.93791				2
2025.06.06	01:16:08.643	0.93790				2
2025.06.06	01:16:10.963	0.93789	0.93807			6
2025.06.06	01:16:23.376	0.93790	0.93808			6
2025.06.06	01:16:33.899	0.93788				2
2025.06.06	01:16:34.221	0.93790				2
2025.06.06	01:16:37.678	0.93788	0.93806			6
2025.06.06	01:16:40.577	0.93787				2
2025.06.06	01:16:41.365	0.93788				2
2025.06.06	01:16:53.721	0.93783	0.93802			6
2025.06.06	01:16:56.246	0.93784				2
2025.06.06	01:17:01.003	0.93784				2
2025.06.06	01:17:03.837	0.93783				2
2025.06.06	01:17:04.264	0.93784				2
2025.06.06	01:17:22.256	0.93783	0.93801			6
2025.06.06	01:17:26.762	0.93784	0.93802			6
2025.06.06	01:17:30.134		0.93801			4
2025.06.06	01:17:30.457	0.93783				2
2025.06.06	01:17:31.392	0.93784				2
2025.06.06	01:17:33.666		0.93802			4
2025.06.06	01:17:35.173	0.93786				2
2025.06.06	01:17:35.556	0.93784				2
2025.06.06	01:17:36.613	0.93785				2
2025.06.06	01:17:38.326	0.93782	0.93799			6
2025.06.06	01:17:41.547	0.93783				2
2025.06.06	01:17:43.005	0.93784	0.93800			6
2025.06.06	01:17:44.950	0.93783				2
2025.06.06	01:17:45.662	0.93784				2
2025.06.06	01:17:45.985	0.93783				2
2025.06.06	01:17:49.223	0.93784				2
2025.06.06	01:17:53.680	0.93783	0.93799			6
2025.06.06	01:17:55.311	0.93782	0.93798			6
2025.06.06	01:18:00.180	0.93781				2
2025.06.06	01:18:00.492	0.93782				2
2025.06.06	01:18:02.701	0.93780				2
2025.06.06	01:18:03.022	0.93781				2
2025.06.06	01:18:05.092		0.93799			4
2025.06.06	01:18:05.464		0.93798			4
2025.06.06	01:18:17.646	0.93782	0.93799			6
2025.06.06	01:18:20.519	0.93781	0.93798			6
2025.06.06	01:18:22.860	0.93782	0.93799			6
2025.06.06	01:18:23.541	0.93781	0.93798			6
2025.06.06	01:18:23.870	0.93782	0.93799			6
2025.06.06	01:18:28.455	0.93781	0.93798			6
2025.06.06	01:18:28.920	0.93782	0.93799			6
2025.06.06	01:18:29.497	0.93781	0.93798			6
2025.06.06	01:18:30.020		0.93799			4
2025.06.06	01:18:30.403	0.93782				2
2025.06.06	01:18:31.177	0.93775	0.93792			6
2025.06.06	01:18:31.483		0.93793			4
2025.06.06	01:18:31.835	0.93776				2
2025.06.06	01:18:37.937		0.93792			4
2025.06.06	01:18:38.239		0.93793			4
2025.06.06	01:18:39.726	0.93777				2
2025.06.06	01:18:40.105	0.93779	0.93794			6
2025.06.06	01:18:40.412	0.93781	0.93798			6
2025.06.06	01:18:41.232	0.93780	0.93794			6
2025.06.06	01:18:43.517	0.93779				2
2025.06.06	01:18:44.532	0.93780				2
2025.06.06	01:18:45.548	0.93782	0.93797			6
2025.06.06	01:18:47.302	0.93783	0.93799			6
2025.06.06	01:18:55.600		0.93800			4
2025.06.06	01:18:55.924	0.93784	0.93801			6
2025.06.06	01:18:57.084		0.93800			4
2025.06.06	01:18:59.291	0.93785	0.93801			6
2025.06.06	01:18:59.787	0.93784				2
2025.06.06	01:19:00.113	0.93783	0.93800			6
2025.06.06	01:19:08.222	0.93784	0.93801			6
2025.06.06	01:19:15.663	0.93785				2
2025.06.06	01:19:16.057	0.93784				2
2025.06.06	01:19:19.081	0.93785				2
2025.06.06	01:19:20.727	0.93784				2
2025.06.06	01:19:21.050		0.93800			4
2025.06.06	01:19:47.293	0.93783				2
2025.06.06	01:19:50.985	0.93780	0.93797			6
2025.06.06	01:19:58.951	0.93779	0.93796			6
2025.06.06	01:20:00.034	0.93780				2
2025.06.06	01:20:00.553	0.93781	0.93797			6
2025.06.06	01:20:08.476	0.93780				2
2025.06.06	01:20:10.390		0.93795			4
2025.06.06	01:20:35.177	0.93778	0.93794			6
2025.06.06	01:20:37.254	0.93777	0.93793			6
2025.06.06	01:21:00.195	0.93777				2
2025.06.06	01:21:01.170		0.93794			4
2025.06.06	01:21:02.006		0.93793			4
2025.06.06	01:21:04.585	0.93776	0.93792			6
2025.06.06	01:21:05.195	0.93779	0.93795			6
2025.06.06	01:21:06.533	0.93780	0.93796			6
2025.06.06	01:21:06.938		0.93795			4
2025.06.06	01:21:14.647		0.93796			4
2025.06.06	01:21:15.960	0.93781	0.93797			6
2025.06.06	01:21:24.515		0.93795			4
2025.06.06	01:21:26.164	0.93780				2
2025.06.06	01:21:29.650	0.93784	0.93800			6
2025.06.06	01:21:46.629	0.93785	0.93801			6
2025.06.06	01:21:47.667	0.93784	0.93799			6
2025.06.06	01:21:48.899	0.93783				2
2025.06.06	01:21:52.014		0.93800			4
2025.06.06	01:21:56.158		0.93799			4
2025.06.06	01:21:58.231		0.93800			4
2025.06.06	01:22:00.305	0.93784	0.93799			6
2025.06.06	01:22:02.383		0.93800			4
2025.06.06	01:22:11.494	0.93785	0.93801			6
2025.06.06	01:22:34.123		0.93800			4
2025.06.06	01:22:45.403	0.93784	0.93799			6
2025.06.06	01:22:45.710	0.93783				2
2025.06.06	01:22:48.835	0.93787	0.93802			6
2025.06.06	01:22:53.763	0.93788				2
2025.06.06	01:22:54.094	0.93787				2
2025.06.06	01:22:58.253		0.93798			4
2025.06.06	01:22:59.467	0.93786				2
2025.06.06	01:23:00.675	0.93786				2
2025.06.06	01:23:01.234	0.93787				2
2025.06.06	01:23:01.863		0.93799			4
2025.06.06	01:23:02.386	0.93783				2
2025.06.06	01:23:03.062	0.93784				2
2025.06.06	01:23:04.668		0.93798			4
2025.06.06	01:23:05.032		0.93799			4
2025.06.06	01:23:08.462	0.93783				2
2025.06.06	01:23:09.866		0.93798			4
2025.06.06	01:23:10.182	0.93784				2
2025.06.06	01:23:10.507	0.93783	0.93797			6
2025.06.06	01:23:10.864	0.93782				2
2025.06.06	01:23:11.234	0.93783				2
2025.06.06	01:23:12.706	0.93782				2
2025.06.06	01:23:13.538	0.93783				2
2025.06.06	01:23:15.439	0.93782				2
2025.06.06	01:23:18.064	0.93783				2
2025.06.06	01:23:19.353	0.93782	0.93798			6
2025.06.06	01:23:19.669	0.93783				2
2025.06.06	01:23:29.295		0.93799			4
2025.06.06	01:23:30.064	0.93785	0.93800			6
2025.06.06	01:23:41.924	0.93784				2
2025.06.06	01:23:43.077	0.93785				2
2025.06.06	01:23:45.362	0.93786				2
2025.06.06	01:23:45.671		0.93802			4
2025.06.06	01:23:54.064	0.93787				2
2025.06.06	01:23:54.379	0.93786				2
2025.06.06	01:23:55.761		0.93803			4
2025.06.06	01:23:57.457	0.93787				2
2025.06.06	01:23:57.838	0.93786				2
2025.06.06	01:23:58.490	0.93787				2
2025.06.06	01:23:58.875	0.93786				2
2025.06.06	01:23:59.529	0.93787				2
2025.06.06	01:23:59.871	0.93786	0.93802			6
2025.06.06	01:24:00.344	0.93788				2
2025.06.06	01:24:11.827	0.93789				2
2025.06.06	01:24:16.702	0.93787				2
2025.06.06	01:24:17.138	0.93788				2
2025.06.06	01:24:17.709		0.93803			4
2025.06.06	01:24:18.472	0.93783	0.93797			6
2025.06.06	01:24:18.774	0.93782				2
2025.06.06	01:24:20.365		0.93795			4
2025.06.06	01:24:21.063	0.93781				2
2025.06.06	01:24:22.046	0.93784	0.93798			6
2025.06.06	01:24:22.365	0.93783				2
2025.06.06	01:24:27.155	0.93781	0.93796			6
2025.06.06	01:24:27.490	0.93782	0.93797			6
2025.06.06	01:24:31.760	0.93783				2
2025.06.06	01:24:32.098	0.93782				2
2025.06.06	01:24:34.494	0.93783				2
2025.06.06	01:24:34.802		0.93798			4
2025.06.06	01:24:53.584	0.93782	0.93797			6
2025.06.06	01:24:55.262		0.93796			4
2025.06.06	01:24:59.464	0.93781				2
2025.06.06	01:25:00.871	0.93781				2
2025.06.06	01:25:10.276	0.93782	0.93797			6
2025.06.06	01:25:12.962	0.93783				2
2025.06.06	01:25:13.829	0.93780	0.93795			6
2025.06.06	01:25:20.763	0.93781				2
2025.06.06	01:25:29.465	0.93780				2
2025.06.06	01:25:36.636	0.93779	0.93793			6
2025.06.06	01:25:38.865		0.93792			4
2025.06.06	01:25:39.777	0.93777	0.93791			6
2025.06.06	01:25:41.164	0.93776				2
2025.06.06	01:25:42.369		0.93790			4
2025.06.06	01:25:43.403		0.93791			4
2025.06.06	01:25:49.263	0.93777				2
2025.06.06	01:25:51.064	0.93776				2
2025.06.06	01:25:57.467	0.93777				2
2025.06.06	01:25:58.034		0.93792			4
2025.06.06	01:25:59.354		0.93791			4
2025.06.06	01:26:00.362	0.93776				2
2025.06.06	01:26:02.385	0.93777				2
2025.06.06	01:26:11.765	0.93776				2
2025.06.06	01:26:12.073	0.93777	0.93792			6
2025.06.06	01:26:12.397		0.93791			4
2025.06.06	01:26:13.474	0.93776				2
2025.06.06	01:26:16.262	0.93777				2
2025.06.06	01:26:17.462	0.93776				2
2025.06.06	01:26:21.865	0.93777				2
2025.06.06	01:26:23.470	0.93776				2
2025.06.06	01:26:24.158	0.93775	0.93790			6
2025.06.06	01:26:28.562	0.93777				2
2025.06.06	01:26:35.923	0.93776				2
2025.06.06	01:26:37.592		0.93791			4
2025.06.06	01:26:37.984	0.93777				2
2025.06.06	01:26:39.528	0.93775	0.93788			6
2025.06.06	01:26:41.899		0.93790			4
2025.06.06	01:26:43.172	0.93776				2
2025.06.06	01:26:44.094		0.93791			4
2025.06.06	01:26:53.531		0.93790			4
2025.06.06	01:26:54.694	0.93775				2
2025.06.06	01:26:58.384		0.93791			4
2025.06.06	01:26:58.773	0.93776				2
2025.06.06	01:27:00.961	0.93775				2
2025.06.06	01:27:02.700	0.93776				2
2025.06.06	01:27:03.140		0.93789			4
2025.06.06	01:27:09.363	0.93775				2
2025.06.06	01:27:12.963	0.93776				2
2025.06.06	01:27:17.858		0.93790			4
2025.06.06	01:27:20.536	0.93775	0.93787			6
2025.06.06	01:27:26.958	0.93776	0.93790			6
2025.06.06	01:27:29.345	0.93777				2
2025.06.06	01:27:32.463		0.93791			4
2025.06.06	01:27:38.764	0.93778				2
2025.06.06	01:27:39.966	0.93777				2
2025.06.06	01:27:41.279		0.93793			4
2025.06.06	01:27:41.678		0.93792			4
2025.06.06	01:27:42.323		0.93791			4
2025.06.06	01:27:43.563		0.93792			4
2025.06.06	01:27:43.875		0.93793			4
2025.06.06	01:27:45.364	0.93778				2
2025.06.06	01:27:50.477	0.93777				2
2025.06.06	01:27:52.130	0.93778				2
2025.06.06	01:27:53.464	0.93777				2
2025.06.06	01:27:54.998		0.93792			4
2025.06.06	01:28:00.417	0.93777	0.93793			6
2025.06.06	01:28:02.964		0.93792			4
2025.06.06	01:28:05.577	0.93775	0.93791			6
2025.06.06	01:28:11.253		0.93790			4
2025.06.06	01:28:17.088		0.93791			4
2025.06.06	01:28:19.863		0.93790			4
2025.06.06	01:28:25.247	0.93780	0.93794			6
2025.06.06	01:28:30.653	0.93779				2
2025.06.06	01:28:31.563	0.93780	0.93795			6
2025.06.06	01:28:33.455	0.93779	0.93794			6
2025.06.06	01:28:34.485	0.93778				2
2025.06.06	01:28:36.363	0.93779				2
2025.06.06	01:28:37.596	0.93778				2
2025.06.06	01:28:38.163	0.93779				2
2025.06.06	01:28:38.633	0.93778				2
2025.06.06	01:28:39.362	0.93779				2
2025.06.06	01:28:40.752	0.93778				2
2025.06.06	01:28:41.462	0.93779				2
2025.06.06	01:28:43.568	0.93778	0.93793			6
2025.06.06	01:28:50.335		0.93795			4
2025.06.06	01:28:50.674	0.93779	0.93794			6
2025.06.06	01:28:51.549		0.93795			4
2025.06.06	01:28:52.585	0.93780				2
2025.06.06	01:28:53.615	0.93779	0.93796			6
2025.06.06	01:28:55.673	0.93780	0.93795			6
2025.06.06	01:28:56.735	0.93779				2
2025.06.06	01:28:57.767	0.93780				2
2025.06.06	01:28:58.564	0.93779	0.93796			6
2025.06.06	01:28:58.967		0.93795			4
2025.06.06	01:29:00.588	0.93778	0.93796			6
2025.06.06	01:29:01.563	0.93779	0.93794			6
2025.06.06	01:29:04.564	0.93778	0.93795			6
2025.06.06	01:29:06.095		0.93796			4
2025.06.06	01:29:07.149	0.93777	0.93792			6
2025.06.06	01:29:09.062	0.93778				2
2025.06.06	01:29:09.928	0.93777				2
2025.06.06	01:29:16.564	0.93778	0.93793			6
2025.06.06	01:29:17.766		0.93792			4
2025.06.06	01:29:22.041	0.93777				2
2025.06.06	01:29:23.765	0.93778				2
2025.06.06	01:29:25.566	0.93777				2
2025.06.06	01:29:27.970		0.93791			4
2025.06.06	01:29:28.373	0.93778	0.93792			6
2025.06.06	01:29:34.536	0.93777				2
2025.06.06	01:29:39.167	0.93778	0.93793			6
2025.06.06	01:29:40.564	0.93779				2
2025.06.06	01:29:45.252		0.93794			4
2025.06.06	01:29:45.972		0.93793			4
2025.06.06	01:29:47.089	0.93778	0.93792			6
2025.06.06	01:29:47.464	0.93779	0.93793			6
2025.06.06	01:29:53.166	0.93778				2
2025.06.06	01:29:58.864		0.93792			4
2025.06.06	01:30:00.363	0.93778	0.93793			6
2025.06.06	01:30:00.874	0.93780	0.93795			6
2025.06.06	01:30:01.178		0.93794			4
2025.06.06	01:30:01.596		0.93795			4
2025.06.06	01:30:02.269	0.93783	0.93791			6
2025.06.06	01:30:04.699	0.93779	0.93795			6
2025.06.06	01:30:05.061	0.93780	0.93794			6
2025.06.06	01:30:05.412	0.93779	0.93795			6
2025.06.06	01:30:05.833	0.93780	0.93798			6
2025.06.06	01:30:06.364		0.93796			4
2025.06.06	01:30:07.864		0.93797			4
2025.06.06	01:30:08.278	0.93781	0.93799			6
2025.06.06	01:30:08.600		0.93797			4
2025.06.06	01:30:10.982	0.93782	0.93798			6
2025.06.06	01:30:11.915		0.93797			4
2025.06.06	01:30:13.863		0.93798			4
2025.06.06	01:30:14.538		0.93797			4
2025.06.06	01:30:14.857	0.93781	0.93799			6
2025.06.06	01:30:15.283	0.93782				2
2025.06.06	01:30:16.165	0.93781				2
2025.06.06	01:30:16.604	0.93782	0.93797			6
2025.06.06	01:30:16.969	0.93781	0.93799			6
2025.06.06	01:30:17.357	0.93782				2
2025.06.06	01:30:19.268	0.93781				2
2025.06.06	01:30:19.795	0.93782	0.93797			6
2025.06.06	01:30:20.683		0.93798			4
2025.06.06	01:30:21.064		0.93799			4
2025.06.06	01:30:22.379	0.93781				2
2025.06.06	01:30:22.862	0.93782				2
2025.06.06	01:30:23.448	0.93781				2
2025.06.06	01:30:24.066	0.93782				2
2025.06.06	01:30:24.484	0.93781				2
2025.06.06	01:30:25.261	0.93782				2
2025.06.06	01:30:26.466	0.93781				2
2025.06.06	01:30:28.635		0.93800			4
2025.06.06	01:30:29.163		0.93799			4
2025.06.06	01:30:29.671		0.93800			4
2025.06.06	01:30:30.362		0.93799			4
2025.06.06	01:30:30.706		0.93800			4
2025.06.06	01:30:31.263		0.93799			4
2025.06.06	01:30:33.818		0.93800			4
2025.06.06	01:30:34.563		0.93799			4
2025.06.06	01:30:35.763		0.93797			4
2025.06.06	01:30:42.062		0.93796			4
2025.06.06	01:30:42.444		0.93794			4
2025.06.06	01:30:43.025		0.93796			4
2025.06.06	01:30:44.273		0.93795			4
2025.06.06	01:30:45.242		0.93794			4
2025.06.06	01:30:45.692		0.93795			4
2025.06.06	01:30:47.466		0.93794			4
2025.06.06	01:30:47.827		0.93795			4
2025.06.06	01:30:50.883	0.93782	0.93796			6
2025.06.06	01:30:51.550	0.93781				2
2025.06.06	01:30:51.896	0.93782				2
2025.06.06	01:30:53.762		0.93795			4
2025.06.06	01:30:55.938	0.93781				2
2025.06.06	01:30:56.959		0.93796			4
2025.06.06	01:30:57.962		0.93795			4
2025.06.06	01:30:59.102	0.93780	0.93794			6
2025.06.06	01:31:00.259	0.93780				2
2025.06.06	01:31:06.887	0.93781				2
2025.06.06	01:31:10.624	0.93784	0.93798			6
2025.06.06	01:31:11.122		0.93801			4
2025.06.06	01:31:14.147	0.93783	0.93798			6
2025.06.06	01:31:14.718		0.93796			4
2025.06.06	01:31:16.863	0.93784	0.93797			6
2025.06.06	01:31:17.940	0.93782				2
2025.06.06	01:31:20.231	0.93781				2
2025.06.06	01:31:24.423		0.93798			4
2025.06.06	01:31:26.763		0.93797			4
2025.06.06	01:31:29.767		0.93798			4
2025.06.06	01:31:44.496	0.93780				2
2025.06.06	01:31:45.071		0.93795			4
2025.06.06	01:31:51.062		0.93794			4
2025.06.06	01:31:54.063		0.93795			4
2025.06.06	01:31:55.099		0.93794			4
2025.06.06	01:31:57.363	0.93781	0.93796			6
2025.06.06	01:31:57.963	0.93782				2
2025.06.06	01:31:59.763		0.93797			4
2025.06.06	01:32:00.314	0.93782				2
2025.06.06	01:32:01.870	0.93781	0.93796			6
2025.06.06	01:32:02.763	0.93782				2
2025.06.06	01:32:03.551	0.93786	0.93799			6
2025.06.06	01:32:08.764	0.93785	0.93800			6
2025.06.06	01:32:09.133	0.93784	0.93799			6
2025.06.06	01:32:10.266		0.93798			4
2025.06.06	01:32:11.419	0.93785				2
2025.06.06	01:32:12.479		0.93797			4
2025.06.06	01:32:22.565		0.93798			4
2025.06.06	01:32:23.796		0.93797			4
2025.06.06	01:32:25.039		0.93798			4
2025.06.06	01:32:30.060		0.93797			4
2025.06.06	01:32:32.368	0.93784				2
2025.06.06	01:32:38.462		0.93798			4
2025.06.06	01:32:40.467		0.93797			4
2025.06.06	01:32:44.610		0.93798			4
2025.06.06	01:32:47.849		0.93797			4
2025.06.06	01:32:50.439	0.93783				2
2025.06.06	01:33:00.502	0.93783				2
2025.06.06	01:33:15.451	0.93785				2
2025.06.06	01:33:21.851	0.93783				2
2025.06.06	01:33:31.077	0.93789	0.93805			6
2025.06.06	01:33:32.158		0.93804			4
2025.06.06	01:33:33.154	0.93791	0.93805			6
2025.06.06	01:33:33.616		0.93806			4
2025.06.06	01:33:35.409	0.93792	0.93807			6
2025.06.06	01:33:39.624	0.93794	0.93806			6
2025.06.06	01:33:42.505	0.93795	0.93807			6
2025.06.06	01:33:46.285	0.93796	0.93808			6
2025.06.06	01:33:51.490	0.93795				2
2025.06.06	01:33:54.645		0.93807			4
2025.06.06	01:34:00.894	0.93795				2
2025.06.06	01:34:06.588		0.93808			4
2025.06.06	01:34:08.093		0.93807			4
2025.06.06	01:34:09.665		0.93808			4
2025.06.06	01:34:23.403		0.93809			4
2025.06.06	01:34:24.364		0.93808			4
2025.06.06	01:34:36.097	0.93794	0.93807			6
2025.06.06	01:34:37.417		0.93808			4
2025.06.06	01:34:37.734	0.93797	0.93809			6
2025.06.06	01:34:50.386		0.93811			4
2025.06.06	01:35:00.363	0.93797	0.93810			6
2025.06.06	01:35:00.716		0.93812			4
2025.06.06	01:35:01.023		0.93811			4
2025.06.06	01:35:01.564	0.93796				2
2025.06.06	01:35:02.747	0.93797				2
2025.06.06	01:35:41.225	0.93800	0.93812			6
2025.06.06	01:35:41.765		0.93813			4
2025.06.06	01:35:51.420	0.93801	0.93814			6
2025.06.06	01:35:51.964		0.93813			4
2025.06.06	01:35:52.409		0.93812			4
2025.06.06	01:35:53.465		0.93815			4
2025.06.06	01:36:00.364	0.93801				2
2025.06.06	01:36:09.629	0.93802				2
2025.06.06	01:36:09.973	0.93800				2
2025.06.06	01:36:11.467	0.93801				2
2025.06.06	01:36:14.466		0.93814			4
2025.06.06	01:36:15.335	0.93802				2
2025.06.06	01:36:15.663	0.93800				2
2025.06.06	01:36:17.220	0.93802				2
2025.06.06	01:36:17.538	0.93800				2
2025.06.06	01:36:18.499	0.93801				2
2025.06.06	01:36:19.478	0.93800				2
2025.06.06	01:36:23.816	0.93801				2
2025.06.06	01:36:27.061	0.93800	0.93813			6
2025.06.06	01:36:27.985	0.93799	0.93814			6
2025.06.06	01:36:28.419		0.93813			4
2025.06.06	01:36:30.066		0.93814			4
2025.06.06	01:36:31.449	0.93798	0.93815			6
2025.06.06	01:36:39.062		0.93814			4
2025.06.06	01:36:41.463		0.93815			4
2025.06.06	01:36:47.998	0.93799	0.93814			6
2025.06.06	01:36:49.266		0.93815			4
2025.06.06	01:36:58.863		0.93814			4
2025.06.06	01:37:00.414	0.93798	0.93813			6
2025.06.06	01:37:01.232	0.93799				2
2025.06.06	01:37:03.062		0.93814			4
2025.06.06	01:37:16.119	0.93798	0.93812			6
2025.06.06	01:37:16.486		0.93813			4
2025.06.06	01:37:18.719		0.93814			4
2025.06.06	01:37:24.366		0.93813			4
2025.06.06	01:37:38.163		0.93814			4
2025.06.06	01:37:39.962		0.93815			4
2025.06.06	01:37:50.092	0.93799	0.93813			6
2025.06.06	01:37:50.400	0.93798	0.93814			6
2025.06.06	01:37:51.362		0.93813			4
2025.06.06	01:37:54.064	0.93797	0.93814			6
2025.06.06	01:37:54.366		0.93811			4
2025.06.06	01:37:55.263		0.93812			4
2025.06.06	01:37:59.463		0.93813			4
2025.06.06	01:38:00.433	0.93797				2
2025.06.06	01:38:01.398		0.93812			4
2025.06.06	01:38:20.207	0.93799	0.93814			6
2025.06.06	01:38:20.558	0.93797	0.93812			6
2025.06.06	01:38:20.859	0.93798				2
2025.06.06	01:38:37.176		0.93813			4
2025.06.06	01:38:37.965		0.93812			4
2025.06.06	01:38:40.160		0.93813			4
2025.06.06	01:38:49.493		0.93812			4
2025.06.06	01:39:00.426	0.93800	0.93813			6
2025.06.06	01:39:01.426		0.93815			4
2025.06.06	01:39:02.670	0.93802	0.93816			6
2025.06.06	01:39:04.212		0.93813			4
2025.06.06	01:39:04.790	0.93799				2
2025.06.06	01:39:05.532		0.93814			4
2025.06.06	01:39:09.962		0.93813			4
2025.06.06	01:39:12.363		0.93814			4
2025.06.06	01:39:13.511		0.93813			4
2025.06.06	01:39:15.963		0.93814			4
2025.06.06	01:39:18.910		0.93813			4
2025.06.06	01:39:21.052	0.93800	0.93814			6
2025.06.06	01:39:37.345	0.93799	0.93813			6
2025.06.06	01:39:38.762		0.93814			4
2025.06.06	01:39:39.658		0.93816			4
2025.06.06	01:39:39.959	0.93800	0.93814			6
2025.06.06	01:39:40.578	0.93799	0.93813			6
2025.06.06	01:39:42.963		0.93812			4
2025.06.06	01:39:50.164		0.93813			4
2025.06.06	01:39:54.378		0.93812			4
2025.06.06	01:39:57.158		0.93813			4
2025.06.06	01:39:59.661		0.93812			4
2025.06.06	01:40:00.869	0.93799	0.93815			6
2025.06.06	01:40:01.386	0.93800	0.93814			6
2025.06.06	01:40:03.462	0.93799	0.93812			6
2025.06.06	01:40:04.416		0.93813			4
2025.06.06	01:40:04.862		0.93812			4
2025.06.06	01:40:06.663		0.93813			4
2025.06.06	01:40:14.076	0.93800	0.93814			6
2025.06.06	01:40:17.721	0.93798	0.93813			6
2025.06.06	01:40:18.063		0.93812			4
2025.06.06	01:40:36.555		0.93811			4
2025.06.06	01:40:38.234		0.93812			4
2025.06.06	01:40:41.716	0.93800	0.93813			6
2025.06.06	01:40:51.892	0.93797	0.93812			6
2025.06.06	01:40:54.323	0.93798				2
2025.06.06	01:40:55.894	0.93797	0.93813			6
2025.06.06	01:40:56.744		0.93812			4
2025.06.06	01:40:59.090	0.93796	0.93811			6
2025.06.06	01:41:00.229	0.93797				2
2025.06.06	01:41:16.234	0.93796				2
2025.06.06	01:41:16.562	0.93795	0.93810			6
2025.06.06	01:41:18.247	0.93794	0.93809			6
2025.06.06	01:41:25.457	0.93795	0.93810			6
2025.06.06	01:41:46.448	0.93796	0.93811			6
2025.06.06	01:41:52.867	0.93795	0.93810			6
2025.06.06	01:41:55.266	0.93796	0.93811			6
2025.06.06	01:42:00.442	0.93796	0.93810			6
2025.06.06	01:42:01.009	0.93795				2
2025.06.06	01:42:02.730	0.93796	0.93809			6
2025.06.06	01:42:03.671	0.93795				2
2025.06.06	01:42:05.813	0.93796				2
2025.06.06	01:42:06.187		0.93810			4
2025.06.06	01:42:09.663		0.93811			4
2025.06.06	01:42:10.344		0.93810			4
2025.06.06	01:42:13.264		0.93811			4
2025.06.06	01:42:15.138		0.93812			4
2025.06.06	01:42:20.162	0.93800	0.93815			6
2025.06.06	01:42:26.612		0.93813			4
2025.06.06	01:42:38.168		0.93812			4
2025.06.06	01:43:00.630	0.93799	0.93813			6
2025.06.06	01:43:05.405	0.93802				2
2025.06.06	01:43:05.720	0.93803				2
2025.06.06	01:43:06.188	0.93804				2
2025.06.06	01:43:16.674	0.93803				2
2025.06.06	01:43:20.416		0.93812			4
2025.06.06	01:43:24.759	0.93805	0.93814			6
2025.06.06	01:43:27.141	0.93807	0.93818			6
2025.06.06	01:43:27.797	0.93808				2
2025.06.06	01:43:33.778		0.93822			4
2025.06.06	01:43:35.764		0.93823			4
2025.06.06	01:43:37.960		0.93822			4
2025.06.06	01:43:44.178	0.93809				2
2025.06.06	01:43:47.294		0.93823			4
2025.06.06	01:43:59.017		0.93825			4
2025.06.06	01:43:59.323		0.93824			4
2025.06.06	01:44:00.235	0.93809	0.93823			6
2025.06.06	01:44:03.775	0.93810	0.93824			6
2025.06.06	01:44:06.521		0.93823			4
2025.06.06	01:44:13.404	0.93811				2
2025.06.06	01:44:13.776		0.93824			4
2025.06.06	01:44:24.438	0.93809	0.93822			6
2025.06.06	01:44:24.739		0.93823			4
2025.06.06	01:44:25.591	0.93810				2
2025.06.06	01:44:26.724		0.93824			4
2025.06.06	01:44:31.909	0.93809				2
2025.06.06	01:44:35.463	0.93810	0.93823			6
2025.06.06	01:44:38.770		0.93824			4
2025.06.06	01:44:40.863		0.93823			4
2025.06.06	01:44:43.692	0.93811				2
2025.06.06	01:44:44.763		0.93824			4
2025.06.06	01:44:46.979		0.93825			4
2025.06.06	01:44:47.471		0.93824			4
2025.06.06	01:44:51.467	0.93812				2
2025.06.06	01:44:53.816		0.93825			4
2025.06.06	01:44:58.551	0.93810	0.93823			6
2025.06.06	01:45:01.564	0.93810				2
2025.06.06	01:45:01.944		0.93821			4
2025.06.06	01:45:04.869	0.93809	0.93819			6
2025.06.06	01:45:07.002		0.93822			4
2025.06.06	01:45:33.937	0.93811	0.93823			6
2025.06.06	01:45:54.767	0.93809				2
2025.06.06	01:45:59.980		0.93822			4
2025.06.06	01:46:04.789	0.93809				2
2025.06.06	01:46:44.677	0.93807	0.93820			6
2025.06.06	01:46:45.796	0.93805	0.93819			6
2025.06.06	01:46:47.375		0.93818			4
2025.06.06	01:46:49.263		0.93817			4
2025.06.06	01:46:51.389		0.93818			4
2025.06.06	01:46:52.150	0.93811	0.93825			6
2025.06.06	01:46:52.465	0.93812	0.93826			6
2025.06.06	01:46:53.138		0.93827			4
2025.06.06	01:46:55.153	0.93814	0.93828			6
2025.06.06	01:46:58.891	0.93815				2
2025.06.06	01:46:59.705	0.93812				2
2025.06.06	01:47:00.364	0.93814	0.93826			6
2025.06.06	01:47:08.454		0.93827			4
2025.06.06	01:47:08.821		0.93829			4
2025.06.06	01:47:10.602		0.93828			4
2025.06.06	01:47:13.263		0.93829			4
2025.06.06	01:47:16.863		0.93828			4
2025.06.06	01:47:19.704		0.93829			4
2025.06.06	01:47:20.019	0.93815				2
2025.06.06	01:47:21.746	0.93814	0.93830			6
2025.06.06	01:47:22.092	0.93815	0.93829			6
2025.06.06	01:47:28.142	0.93816	0.93830			6
2025.06.06	01:47:29.162		0.93829			4
2025.06.06	01:47:30.236		0.93830			4
2025.06.06	01:47:33.665		0.93829			4
2025.06.06	01:47:43.129		0.93830			4
2025.06.06	01:47:44.163		0.93829			4
2025.06.06	01:47:55.373	0.93814	0.93827			6
2025.06.06	01:48:00.365	0.93815	0.93828			6
2025.06.06	01:48:03.463		0.93826			4
2025.06.06	01:48:11.015	0.93816	0.93827			6
2025.06.06	01:48:11.321	0.93815	0.93828			6
2025.06.06	01:48:11.762		0.93827			4
2025.06.06	01:48:33.906	0.93816	0.93828			6
2025.06.06	01:48:34.536		0.93829			4
2025.06.06	01:48:40.024	0.93815	0.93827			6
2025.06.06	01:48:44.626		0.93826			4
2025.06.06	01:48:45.063		0.93827			4
2025.06.06	01:48:47.425		0.93826			4
2025.06.06	01:48:51.417		0.93827			4
2025.06.06	01:49:00.363	0.93815				2
2025.06.06	01:49:02.898		0.93826			4
2025.06.06	01:49:03.222	0.93814				2
2025.06.06	01:49:04.610		0.93825			4
2025.06.06	01:49:06.121		0.93826			4
2025.06.06	01:49:07.867		0.93825			4
2025.06.06	01:49:09.603	0.93811	0.93823			6
2025.06.06	01:49:16.378	0.93814	0.93827			6
2025.06.06	01:49:19.505	0.93815				2
2025.06.06	01:49:21.236	0.93816	0.93828			6
2025.06.06	01:49:23.024	0.93817	0.93830			6
2025.06.06	01:49:24.363	0.93818				2
2025.06.06	01:49:26.940	0.93816	0.93829			6
2025.06.06	01:49:27.618	0.93817	0.93828			6
2025.06.06	01:49:27.920	0.93818	0.93830			6
2025.06.06	01:49:28.224	0.93817	0.93829			6
2025.06.06	01:49:30.963		0.93830			4
2025.06.06	01:49:52.504	0.93816	0.93829			6
2025.06.06	01:50:02.039	0.93816				2
2025.06.06	01:50:15.653	0.93815	0.93828			6
2025.06.06	01:50:21.740		0.93829			4
2025.06.06	01:50:23.465	0.93816				2
2025.06.06	01:50:26.919	0.93815				2
2025.06.06	01:50:29.463	0.93816				2
2025.06.06	01:50:33.137	0.93815				2
2025.06.06	01:50:35.164		0.93828			4
2025.06.06	01:50:39.089		0.93829			4
2025.06.06	01:50:40.410		0.93828			4
2025.06.06	01:51:02.412	0.93815				2
2025.06.06	01:51:04.445	0.93816				2
2025.06.06	01:51:04.988	0.93815				2
2025.06.06	01:51:41.578		0.93828			4
2025.06.06	01:51:44.777	0.93820	0.93832			6
2025.06.06	01:51:45.111	0.93819				2
2025.06.06	01:51:48.964		0.93833			4
2025.06.06	01:51:50.260	0.93820				2
2025.06.06	01:51:54.889	0.93819				2
2025.06.06	01:51:56.497	0.93818				2
2025.06.06	01:51:56.818		0.93832			4
2025.06.06	01:51:57.647	0.93821	0.93834			6
2025.06.06	01:51:58.919	0.93820	0.93835			6
2025.06.06	01:51:59.739	0.93821				2
2025.06.06	01:52:00.417	0.93820	0.93834			6
2025.06.06	01:52:01.266	0.93821				2
2025.06.06	01:52:01.801		0.93835			4
2025.06.06	01:52:02.225	0.93820	0.93834			6
2025.06.06	01:52:03.317		0.93835			4
2025.06.06	01:52:04.372		0.93834			4
2025.06.06	01:52:05.463	0.93821				2
2025.06.06	01:52:07.679	0.93819				2
2025.06.06	01:52:08.398		0.93833			4
2025.06.06	01:52:15.778		0.93834			4
2025.06.06	01:52:16.740		0.93833			4
2025.06.06	01:52:21.910		0.93834			4
2025.06.06	01:52:24.362		0.93833			4
2025.06.06	01:52:30.356		0.93832			4
2025.06.06	01:52:31.328		0.93833			4
2025.06.06	01:52:33.410		0.93832			4
2025.06.06	01:52:34.264	0.93818				2
2025.06.06	01:52:37.095	0.93819	0.93833			6
2025.06.06	01:52:38.128	0.93817	0.93829			6
2025.06.06	01:52:39.406	0.93818	0.93830			6
2025.06.06	01:52:44.132	0.93817	0.93831			6
2025.06.06	01:52:45.661	0.93819	0.93833			6
2025.06.06	01:52:46.930		0.93834			4
2025.06.06	01:52:47.758	0.93821	0.93835			6
2025.06.06	01:52:48.965		0.93834			4
2025.06.06	01:52:50.038		0.93835			4
2025.06.06	01:52:58.389		0.93832			4
2025.06.06	01:52:58.871		0.93835			4
2025.06.06	01:53:00.403	0.93822	0.93836			6
2025.06.06	01:53:08.922	0.93821	0.93838			6
2025.06.06	01:53:09.243	0.93822	0.93837			6
2025.06.06	01:53:09.889		0.93836			4
2025.06.06	01:53:15.170	0.93821				2
2025.06.06	01:53:16.864	0.93822				2
2025.06.06	01:53:18.966		0.93834			4
2025.06.06	01:53:19.293		0.93835			4
2025.06.06	01:53:20.212		0.93836			4
2025.06.06	01:53:21.238		0.93835			4
2025.06.06	01:53:22.205		0.93836			4
2025.06.06	01:53:25.656		0.93835			4
2025.06.06	01:53:27.597	0.93821				2
2025.06.06	01:53:27.963		0.93834			4
2025.06.06	01:53:28.581	0.93822	0.93835			6
2025.06.06	01:53:29.683	0.93821				2
2025.06.06	01:53:30.061		0.93834			4
2025.06.06	01:53:43.611		0.93835			4
2025.06.06	01:53:44.965		0.93832			4
2025.06.06	01:53:49.164		0.93833			4
2025.06.06	01:53:51.186		0.93832			4
2025.06.06	01:53:56.535	0.93820	0.93834			6
2025.06.06	01:53:58.666	0.93821	0.93833			6
2025.06.06	01:54:00.328	0.93821				2
2025.06.06	01:54:03.325		0.93832			4
2025.06.06	01:54:05.991		0.93833			4
2025.06.06	01:54:09.934		0.93832			4
2025.06.06	01:54:17.183	0.93820	0.93831			6
2025.06.06	01:54:29.807	0.93819	0.93830			6
2025.06.06	01:54:30.494	0.93817	0.93828			6
2025.06.06	01:54:31.744		0.93829			4
2025.06.06	01:54:33.042	0.93818				2
2025.06.06	01:54:33.363	0.93825	0.93835			6
2025.06.06	01:54:33.686	0.93821	0.93832			6
2025.06.06	01:54:45.128	0.93820	0.93831			6
2025.06.06	01:54:52.291	0.93821				2
2025.06.06	01:54:52.968	0.93823	0.93834			6
2025.06.06	01:54:54.670	0.93824	0.93835			6
2025.06.06	01:55:00.319	0.93824				2
2025.06.06	01:55:00.620	0.93822	0.93833			6
2025.06.06	01:55:00.944		0.93832			4
2025.06.06	01:55:15.685		0.93833			4
2025.06.06	01:55:16.927	0.93821				2
2025.06.06	01:55:21.123		0.93832			4
2025.06.06	01:55:33.566		0.93833			4
2025.06.06	01:55:42.393	0.93822				2
2025.06.06	01:55:45.158	0.93821				2
2025.06.06	01:55:54.705	0.93822	0.93832			6
2025.06.06	01:55:57.664		0.93833			4
2025.06.06	01:55:59.329		0.93834			4
2025.06.06	01:56:00.659	0.93822	0.93835			6
2025.06.06	01:56:01.190	0.93821	0.93833			6
2025.06.06	01:56:01.494	0.93820	0.93832			6
2025.06.06	01:56:02.963	0.93818	0.93829			6
2025.06.06	01:56:03.266		0.93828			4
2025.06.06	01:56:09.645		0.93829			4
2025.06.06	01:56:09.968	0.93820	0.93832			6
2025.06.06	01:56:12.378	0.93821				2
2025.06.06	01:56:15.360	0.93820	0.93831			6
2025.06.06	01:56:17.188	0.93821	0.93832			6
2025.06.06	01:56:18.887		0.93833			4
2025.06.06	01:56:27.179		0.93832			4
2025.06.06	01:56:33.592		0.93833			4
2025.06.06	01:57:00.286	0.93821				2
2025.06.06	01:57:00.868	0.93822				2
2025.06.06	01:57:03.394	0.93821	0.93832			6
2025.06.06	01:57:06.613		0.93833			4
2025.06.06	01:57:09.386		0.93834			4
2025.06.06	01:57:10.563	0.93822				2
2025.06.06	01:57:13.185	0.93821	0.93833			6
2025.06.06	01:57:20.893	0.93822				2
2025.06.06	01:57:29.552	0.93821				2
2025.06.06	01:57:30.193	0.93822	0.93834			6
2025.06.06	01:57:30.519	0.93823	0.93835			6
2025.06.06	01:57:34.863		0.93836			4
2025.06.06	01:57:45.392	0.93822				2
2025.06.06	01:57:45.963		0.93835			4
2025.06.06	01:57:50.720	0.93823	0.93836			6
2025.06.06	01:57:51.448	0.93825	0.93837			6
2025.06.06	01:57:51.886	0.93823	0.93835			6
2025.06.06	01:57:54.292	0.93822				2
2025.06.06	01:57:57.200	0.93823	0.93836			6
2025.06.06	01:57:57.527		0.93835			4
2025.06.06	01:58:00.664	0.93822				2
2025.06.06	01:58:08.071	0.93824	0.93837			6
2025.06.06	01:58:09.808	0.93825				2
2025.06.06	01:58:12.361	0.93823	0.93835			6
2025.06.06	01:58:13.166	0.93824	0.93836			6
2025.06.06	01:58:13.835	0.93823				2
2025.06.06	01:58:16.869		0.93835			4
2025.06.06	01:58:17.727	0.93826	0.93838			6
2025.06.06	01:58:19.445	0.93825				2
2025.06.06	01:58:22.452	0.93826				2
2025.06.06	01:58:22.774	0.93825				2
2025.06.06	01:58:23.079	0.93826				2
2025.06.06	01:58:24.067	0.93825				2
2025.06.06	01:58:28.863	0.93824	0.93836			6
2025.06.06	01:58:29.195	0.93822	0.93835			6
2025.06.06	01:58:30.381	0.93823				2
2025.06.06	01:58:38.428		0.93836			4
2025.06.06	01:58:39.355	0.93826	0.93838			6
2025.06.06	01:58:44.771	0.93825	0.93837			6
2025.06.06	01:58:45.130		0.93838			4
2025.06.06	01:58:48.503	0.93826				2
2025.06.06	01:58:52.261		0.93839			4
2025.06.06	01:58:52.843	0.93827				2
2025.06.06	01:58:56.898		0.93840			4
2025.06.06	01:58:57.223		0.93839			4
2025.06.06	01:58:57.527	0.93826				2
2025.06.06	01:59:00.410	0.93826				2
2025.06.06	01:59:01.787		0.93838			4
2025.06.06	01:59:03.771	0.93827	0.93839			6
2025.06.06	01:59:04.407	0.93826				2
2025.06.06	01:59:06.847	0.93827				2
2025.06.06	01:59:07.162	0.93828	0.93840			6
2025.06.06	01:59:08.703	0.93827	0.93839			6
2025.06.06	01:59:09.018	0.93828				2
2025.06.06	01:59:10.447	0.93827				2
2025.06.06	01:59:12.013	0.93828				2
2025.06.06	01:59:15.014	0.93827				2
2025.06.06	01:59:16.137		0.93840			4
2025.06.06	01:59:16.467	0.93828				2
2025.06.06	01:59:17.491		0.93841			4
2025.06.06	01:59:17.822	0.93829				2
2025.06.06	01:59:18.683	0.93827	0.93839			6
2025.06.06	01:59:20.163		0.93840			4
2025.06.06	01:59:21.070		0.93839			4
2025.06.06	01:59:23.102	0.93826				2
2025.06.06	01:59:23.743		0.93838			4
2025.06.06	01:59:24.677		0.93837			4
2025.06.06	01:59:25.568		0.93838			4
2025.06.06	01:59:26.922	0.93825	0.93837			6
2025.06.06	01:59:27.270		0.93838			4
2025.06.06	01:59:27.664	0.93826				2
2025.06.06	01:59:31.949	0.93827	0.93839			6
2025.06.06	01:59:33.363	0.93828	0.93840			6
2025.06.06	01:59:36.174	0.93832	0.93843			6
2025.06.06	01:59:36.537	0.93833				2
2025.06.06	01:59:41.932	0.93830	0.93841			6
2025.06.06	01:59:42.575		0.93842			4
2025.06.06	01:59:46.862	0.93831				2
2025.06.06	01:59:47.191	0.93830	0.93841			6
2025.06.06	01:59:52.141	0.93832	0.93845			6
2025.06.06	01:59:53.338	0.93839	0.93850			6
2025.06.06	01:59:53.661	0.93838				2
2025.06.06	01:59:57.201	0.93840				2
2025.06.06	01:59:57.544	0.93839				2
2025.06.06	01:59:58.672	0.93840	0.93852			6
2025.06.06	02:00:00.375	0.93837	0.93849			6
2025.06.06	02:00:02.336	0.93836				2
2025.06.06	02:00:06.029	0.93837	0.93848			6
2025.06.06	02:00:06.364	0.93835	0.93847			6
2025.06.06	02:00:07.300		0.93846			4
2025.06.06	02:00:08.915	0.93834				2
2025.06.06	02:00:11.181	0.93829	0.93841			6
2025.06.06	02:00:12.134	0.93828	0.93840			6
2025.06.06	02:00:12.459	0.93827	0.93839			6
2025.06.06	02:00:12.767		0.93840			4
2025.06.06	02:00:14.132	0.93828				2
2025.06.06	02:00:14.439		0.93841			4
2025.06.06	02:00:17.402	0.93829				2
2025.06.06	02:00:22.155	0.93830	0.93842			6
2025.06.06	02:00:22.892	0.93834	0.93846			6
2025.06.06	02:00:23.193	0.93829	0.93841			6
2025.06.06	02:00:24.311	0.93831	0.93844			6
2025.06.06	02:00:31.277	0.93832	0.93845			6
2025.06.06	02:00:33.063		0.93844			4
2025.06.06	02:00:44.465	0.93831				2
2025.06.06	02:00:48.442	0.93832				2
2025.06.06	02:00:52.238	0.93829	0.93841			6
2025.06.06	02:00:53.325	0.93831	0.93842			6
2025.06.06	02:00:53.827	0.93832				2
2025.06.06	02:00:56.524	0.93833	0.93845			6
2025.06.06	02:00:57.215	0.93834	0.93846			6
2025.06.06	02:00:57.524	0.93835				2
2025.06.06	02:01:00.530	0.93832	0.93845			6
2025.06.06	02:01:00.844		0.93844			4
2025.06.06	02:01:04.955	0.93831	0.93841			6
2025.06.06	02:01:07.253	0.93830	0.93842			6
2025.06.06	02:01:07.591	0.93829	0.93841			6
2025.06.06	02:01:13.390		0.93842			4
2025.06.06	02:01:15.156	0.93830				2
2025.06.06	02:01:19.446	0.93829	0.93843			6
2025.06.06	02:01:21.730	0.93830	0.93842			6
2025.06.06	02:01:23.489	0.93832	0.93844			6
2025.06.06	02:01:24.492	0.93831				2
2025.06.06	02:01:24.818		0.93843			4
2025.06.06	02:01:26.017	0.93832	0.93845			6
2025.06.06	02:01:27.698	0.93833				2
2025.06.06	02:01:28.647		0.93844			4
2025.06.06	02:01:29.037		0.93845			4
2025.06.06	02:01:30.225		0.93846			4
2025.06.06	02:01:31.847	0.93836	0.93848			6
2025.06.06	02:01:38.669	0.93838	0.93850			6
2025.06.06	02:01:40.265	0.93837				2
2025.06.06	02:01:40.597		0.93851			4
2025.06.06	02:01:43.423		0.93850			4
2025.06.06	02:01:50.230	0.93838				2
2025.06.06	02:01:50.916	0.93837	0.93849			6
2025.06.06	02:01:53.539	0.93838	0.93850			6
2025.06.06	02:01:54.472	0.93839	0.93852			6
2025.06.06	02:01:57.896	0.93838	0.93850			6
2025.06.06	02:02:00.422	0.93838				2
2025.06.06	02:02:03.864	0.93839	0.93851			6
2025.06.06	02:02:04.359	0.93837	0.93850			6
2025.06.06	02:02:05.660	0.93838				2
2025.06.06	02:02:05.978	0.93839	0.93851			6
2025.06.06	02:02:10.115	0.93841	0.93854			6
2025.06.06	02:02:10.419		0.93853			4
2025.06.06	02:02:11.428	0.93840	0.93852			6
2025.06.06	02:02:12.070	0.93841	0.93853			6
2025.06.06	02:02:15.128	0.93840	0.93852			6
2025.06.06	02:02:18.063	0.93839				2
2025.06.06	02:02:18.397	0.93840	0.93851			6
2025.06.06	02:02:18.751	0.93839				2
2025.06.06	02:02:19.165	0.93840				2
2025.06.06	02:02:20.612	0.93839				2
2025.06.06	02:02:21.363	0.93840	0.93853			6
2025.06.06	02:02:21.822	0.93841				2
2025.06.06	02:02:22.611	0.93840				2
2025.06.06	02:02:23.244		0.93852			4
2025.06.06	02:02:36.848	0.93841	0.93853			6
2025.06.06	02:02:37.322	0.93840				2
2025.06.06	02:02:39.165	0.93839	0.93851			6
2025.06.06	02:02:41.365	0.93840	0.93852			6
2025.06.06	02:02:41.757	0.93839				2
2025.06.06	02:02:42.079	0.93838	0.93851			6
2025.06.06	02:02:43.079	0.93839	0.93852			6
2025.06.06	02:02:45.497	0.93841	0.93853			6
2025.06.06	02:02:48.363	0.93840				2
2025.06.06	02:02:49.638	0.93839	0.93852			6
2025.06.06	02:02:50.762	0.93840				2
2025.06.06	02:02:52.846	0.93839				2
2025.06.06	02:02:53.162		0.93851			4
2025.06.06	02:02:55.161	0.93838	0.93850			6
2025.06.06	02:02:56.990		0.93851			4
2025.06.06	02:02:59.359	0.93839	0.93850			6
2025.06.06	02:03:00.408	0.93839				2
2025.06.06	02:03:06.661	0.93838				2
2025.06.06	02:03:07.049	0.93839				2
2025.06.06	02:03:11.468	0.93833	0.93846			6
2025.06.06	02:03:11.780	0.93832	0.93845			6
2025.06.06	02:03:12.400	0.93834	0.93846			6
2025.06.06	02:03:12.729	0.93833	0.93845			6
2025.06.06	02:03:13.373		0.93846			4
2025.06.06	02:03:16.865		0.93845			4
2025.06.06	02:03:20.737	0.93834	0.93846			6
2025.06.06	02:03:21.359		0.93845			4
2025.06.06	02:03:23.193		0.93846			4
2025.06.06	02:03:24.964		0.93845			4
2025.06.06	02:03:26.737	0.93833	0.93844			6
2025.06.06	02:03:30.364		0.93845			4
2025.06.06	02:03:30.855		0.93844			4
2025.06.06	02:03:33.597	0.93835	0.93847			6
2025.06.06	02:03:37.194	0.93834	0.93846			6
2025.06.06	02:03:37.501	0.93833	0.93845			6
2025.06.06	02:03:37.865	0.93832	0.93844			6
2025.06.06	02:03:41.416	0.93833	0.93845			6
2025.06.06	02:03:43.296	0.93834	0.93846			6
2025.06.06	02:03:45.338	0.93832	0.93844			6
2025.06.06	02:03:51.546	0.93835	0.93847			6
2025.06.06	02:03:54.009	0.93834				2
2025.06.06	02:03:55.267		0.93846			4
2025.06.06	02:04:00.088	0.93834				2
2025.06.06	02:04:01.797	0.93838				2
2025.06.06	02:04:02.124	0.93834				2
2025.06.06	02:04:02.741	0.93838	0.93850			6
2025.06.06	02:04:03.374		0.93849			4
2025.06.06	02:04:10.265	0.93839	0.93850			6
2025.06.06	02:04:20.769		0.93851			4
2025.06.06	02:04:27.185	0.93835	0.93847			6
2025.06.06	02:04:27.522	0.93836	0.93849			6
2025.06.06	02:04:27.843	0.93837				2
2025.06.06	02:04:30.308	0.93836				2
2025.06.06	02:04:30.665	0.93837				2
2025.06.06	02:04:35.614	0.93839	0.93850			6
2025.06.06	02:04:43.469		0.93851			4
2025.06.06	02:04:44.142	0.93838	0.93850			6
2025.06.06	02:04:45.193	0.93839	0.93851			6
2025.06.06	02:04:45.499		0.93852			4
2025.06.06	02:04:46.974		0.93851			4
2025.06.06	02:04:53.060		0.93850			4
2025.06.06	02:04:57.376		0.93851			4
2025.06.06	02:05:00.412	0.93839				2
2025.06.06	02:05:01.687	0.93840	0.93853			6
2025.06.06	02:05:07.517		0.93852			4
2025.06.06	02:05:07.836	0.93839				2
2025.06.06	02:05:08.143	0.93837	0.93849			6
2025.06.06	02:05:08.482		0.93850			4
2025.06.06	02:05:08.813		0.93849			4
2025.06.06	02:05:09.138		0.93848			4
2025.06.06	02:05:13.453	0.93838	0.93850			6
2025.06.06	02:05:16.164	0.93839				2
2025.06.06	02:05:16.578		0.93851			4
2025.06.06	02:05:28.080	0.93841	0.93853			6
2025.06.06	02:05:29.105		0.93852			4
2025.06.06	02:05:31.426	0.93840				2
2025.06.06	02:05:32.763		0.93853			4
2025.06.06	02:05:37.970	0.93839	0.93851			6
2025.06.06	02:05:39.947	0.93838				2
2025.06.06	02:05:45.902	0.93839				2
2025.06.06	02:05:49.865		0.93852			4
2025.06.06	02:05:55.562		0.93851			4
2025.06.06	02:05:55.874		0.93852			4
2025.06.06	02:06:00.668	0.93839				2
2025.06.06	02:06:16.749	0.93840	0.93851			6
2025.06.06	02:06:17.448	0.93839				2
2025.06.06	02:06:43.499	0.93838				2
2025.06.06	02:06:44.759	0.93839				2
2025.06.06	02:06:45.098	0.93840	0.93852			6
2025.06.06	02:06:54.963	0.93839	0.93851			6
2025.06.06	02:06:55.333	0.93837	0.93850			6
2025.06.06	02:06:58.552	0.93838	0.93851			6
2025.06.06	02:06:59.099	0.93840				2
2025.06.06	02:07:00.096	0.93840				2
2025.06.06	02:07:00.450	0.93839	0.93850			6
2025.06.06	02:07:05.776	0.93838				2
2025.06.06	02:07:13.540	0.93837				2
2025.06.06	02:07:20.148	0.93839	0.93849			6
2025.06.06	02:07:22.006	0.93840	0.93850			6
2025.06.06	02:07:32.580		0.93851			4
2025.06.06	02:07:38.444	0.93842				2
2025.06.06	02:07:38.768	0.93840				2
2025.06.06	02:07:45.364		0.93850			4
2025.06.06	02:07:53.889	0.93842	0.93853			6
2025.06.06	02:07:54.319	0.93840	0.93851			6
2025.06.06	02:07:54.806	0.93841				2
2025.06.06	02:08:00.178	0.93840				2
2025.06.06	02:08:00.530		0.93850			4
2025.06.06	02:08:02.480	0.93839				2
2025.06.06	02:08:02.811	0.93840				2
2025.06.06	02:08:14.290		0.93851			4
2025.06.06	02:08:15.195		0.93850			4
2025.06.06	02:08:16.753	0.93839				2
2025.06.06	02:08:17.063	0.93838	0.93848			6
2025.06.06	02:08:18.272		0.93849			4
2025.06.06	02:08:29.136	0.93837	0.93848			6
2025.06.06	02:08:29.571	0.93840	0.93851			6
2025.06.06	02:08:30.326	0.93838	0.93849			6
2025.06.06	02:08:30.720	0.93839	0.93850			6
2025.06.06	02:08:31.041	0.93838				2
2025.06.06	02:08:31.343		0.93849			4
2025.06.06	02:08:31.717	0.93839	0.93850			6
2025.06.06	02:08:32.371	0.93838	0.93849			6
2025.06.06	02:08:33.481	0.93839	0.93850			6
2025.06.06	02:08:35.304	0.93838				2
2025.06.06	02:08:35.678	0.93839				2
2025.06.06	02:08:36.377	0.93838	0.93847			6
2025.06.06	02:08:36.804		0.93848			4
2025.06.06	02:08:39.913	0.93840	0.93850			6
2025.06.06	02:08:43.782	0.93839				2
2025.06.06	02:08:46.974	0.93838				2
2025.06.06	02:08:48.431	0.93840	0.93851			6
2025.06.06	02:08:48.874	0.93839	0.93850			6
2025.06.06	02:08:51.997	0.93838	0.93848			6
2025.06.06	02:08:58.946	0.93837				2
2025.06.06	02:09:00.529	0.93837	0.93847			6
2025.06.06	02:09:03.566		0.93848			4
2025.06.06	02:09:10.553		0.93847			4
2025.06.06	02:09:14.736	0.93838	0.93849			6
2025.06.06	02:09:24.068		0.93848			4
2025.06.06	02:09:33.185	0.93839				2
2025.06.06	02:09:46.256	0.93838				2
2025.06.06	02:09:51.197	0.93839				2
2025.06.06	02:09:52.717	0.93837				2
2025.06.06	02:09:53.304	0.93838	0.93847			6
2025.06.06	02:09:54.285	0.93837	0.93848			6
2025.06.06	02:09:54.614	0.93838				2
2025.06.06	02:09:55.263	0.93837	0.93847			6
2025.06.06	02:09:56.699	0.93836				2
2025.06.06	02:09:58.834	0.93838				2
2025.06.06	02:10:00.409	0.93838				2
2025.06.06	02:10:01.290	0.93836	0.93846			6
2025.06.06	02:10:01.660	0.93835	0.93845			6
2025.06.06	02:10:02.324		0.93844			4
2025.06.06	02:10:05.289		0.93845			4
2025.06.06	02:10:30.818		0.93846			4
2025.06.06	02:10:31.371		0.93845			4
2025.06.06	02:10:32.552		0.93846			4
2025.06.06	02:10:33.479	0.93833	0.93842			6
2025.06.06	02:10:33.855	0.93834	0.93843			6
2025.06.06	02:10:34.691	0.93832	0.93842			6
2025.06.06	02:10:35.209	0.93833	0.93843			6
2025.06.06	02:10:41.370	0.93834				2
2025.06.06	02:11:00.424	0.93837	0.93846			6
2025.06.06	02:11:01.134		0.93847			4
2025.06.06	02:11:01.479	0.93839				2
2025.06.06	02:11:02.160	0.93837				2
2025.06.06	02:11:02.483	0.93836	0.93846			6
2025.06.06	02:11:04.249	0.93835				2
2025.06.06	02:11:07.834	0.93836				2
2025.06.06	02:11:08.284	0.93835				2
2025.06.06	02:11:08.763	0.93836				2
2025.06.06	02:11:13.626		0.93845			4
2025.06.06	02:11:14.944		0.93846			4
2025.06.06	02:11:15.927	0.93837	0.93847			6
2025.06.06	02:11:16.652		0.93846			4
2025.06.06	02:11:18.302	0.93838	0.93848			6
2025.06.06	02:11:18.895		0.93847			4
2025.06.06	02:11:21.032	0.93837				2
2025.06.06	02:11:32.147		0.93846			4
2025.06.06	02:11:33.417		0.93847			4
2025.06.06	02:11:46.862		0.93846			4
2025.06.06	02:11:48.363		0.93847			4
2025.06.06	02:11:49.958		0.93846			4
2025.06.06	02:11:52.378	0.93838	0.93848			6
2025.06.06	02:11:57.199		0.93847			4
2025.06.06	02:12:01.280	0.93838	0.93848			6
2025.06.06	02:12:11.153	0.93837	0.93847			6
2025.06.06	02:12:13.087	0.93841	0.93849			6
2025.06.06	02:12:14.098	0.93840				2
2025.06.06	02:12:14.417	0.93839				2
2025.06.06	02:12:20.261	0.93840	0.93850			6
2025.06.06	02:12:21.776		0.93849			4
2025.06.06	02:12:26.150	0.93836	0.93845			6
2025.06.06	02:12:26.471		0.93846			4
2025.06.06	02:12:26.831	0.93834				2
2025.06.06	02:12:27.151	0.93836				2
2025.06.06	02:12:28.935	0.93837				2
2025.06.06	02:12:30.100		0.93847			4
2025.06.06	02:12:31.139		0.93846			4
2025.06.06	02:12:32.168		0.93847			4
2025.06.06	02:12:53.154	0.93838				2
2025.06.06	02:12:57.999	0.93839	0.93849			6
2025.06.06	02:12:58.302	0.93838				2
2025.06.06	02:13:00.180	0.93838				2
2025.06.06	02:13:00.497		0.93850			4
2025.06.06	02:13:02.258		0.93849			4
2025.06.06	02:13:03.294		0.93850			4
2025.06.06	02:13:03.795	0.93841				2
2025.06.06	02:13:04.122		0.93849			4
2025.06.06	02:13:04.774	0.93838				2
2025.06.06	02:13:06.405		0.93850			4
2025.06.06	02:13:08.480		0.93849			4
2025.06.06	02:13:09.516		0.93850			4
2025.06.06	02:13:10.551	0.93839	0.93849			6
2025.06.06	02:13:10.975	0.93838				2
2025.06.06	02:13:12.627	0.93839				2
2025.06.06	02:13:18.846	0.93838	0.93848			6
2025.06.06	02:13:19.263	0.93837	0.93847			6
2025.06.06	02:13:21.339	0.93838	0.93848			6
2025.06.06	02:14:01.637	0.93838				2
2025.06.06	02:14:24.073		0.93848			4
2025.06.06	02:14:25.403	0.93839	0.93849			6
2025.06.06	02:14:26.444	0.93837	0.93847			6
2025.06.06	02:14:26.763	0.93838	0.93848			6
2025.06.06	02:14:28.345	0.93837	0.93847			6
2025.06.06	02:14:35.349		0.93848			4
2025.06.06	02:14:36.938		0.93847			4
2025.06.06	02:14:43.736	0.93836				2
2025.06.06	02:14:44.040		0.93846			4
2025.06.06	02:14:46.029	0.93837				2
2025.06.06	02:14:49.140	0.93836				2
2025.06.06	02:14:59.369		0.93845			4
2025.06.06	02:15:03.102	0.93836	0.93846			6
2025.06.06	02:15:06.457		0.93845			4
2025.06.06	02:15:08.404		0.93846			4
2025.06.06	02:15:27.381	0.93835	0.93845			6
2025.06.06	02:15:27.723	0.93836				2
2025.06.06	02:15:28.347		0.93846			4
2025.06.06	02:15:29.275		0.93845			4
2025.06.06	02:15:34.579		0.93846			4
2025.06.06	02:15:42.117	0.93835	0.93845			6
2025.06.06	02:15:49.402		0.93846			4
2025.06.06	02:15:49.721	0.93836				2
2025.06.06	02:15:50.163		0.93845			4
2025.06.06	02:15:51.842	0.93835				2
2025.06.06	02:15:53.501	0.93836	0.93846			6
2025.06.06	02:15:56.576	0.93835	0.93845			6
2025.06.06	02:15:57.975	0.93836	0.93846			6
2025.06.06	02:15:58.516	0.93835				2
2025.06.06	02:15:58.827		0.93845			4
2025.06.06	02:16:00.048	0.93835				2
2025.06.06	02:16:05.307		0.93844			4
2025.06.06	02:16:05.729		0.93845			4
2025.06.06	02:16:07.468		0.93846			4
2025.06.06	02:16:09.473	0.93836	0.93845			6
2025.06.06	02:16:14.683	0.93835	0.93846			6
2025.06.06	02:16:15.001		0.93845			4
2025.06.06	02:16:19.160	0.93836				2
2025.06.06	02:16:28.622	0.93835				2
2025.06.06	02:16:28.927	0.93836	0.93846			6
2025.06.06	02:16:29.545	0.93835	0.93845			6
2025.06.06	02:16:30.854	0.93836				2
2025.06.06	02:16:38.079		0.93846			4
2025.06.06	02:16:41.601	0.93837				2
2025.06.06	02:16:41.958	0.93838	0.93847			6
2025.06.06	02:16:49.337	0.93839				2
2025.06.06	02:16:49.983	0.93838				2
2025.06.06	02:16:50.300	0.93837				2
2025.06.06	02:16:56.559	0.93838				2
2025.06.06	02:17:00.088	0.93838				2
2025.06.06	02:17:19.143	0.93836	0.93845			6
2025.06.06	02:17:19.466	0.93835				2
2025.06.06	02:17:19.767	0.93834	0.93844			6
2025.06.06	02:17:21.469		0.93843			4
2025.06.06	02:17:21.905	0.93835	0.93844			6
2025.06.06	02:17:22.260	0.93834	0.93846			6
2025.06.06	02:17:22.601	0.93835	0.93845			6
2025.06.06	02:17:28.279	0.93832	0.93842			6
2025.06.06	02:17:28.587	0.93831	0.93840			6
2025.06.06	02:17:29.632		0.93839			4
2025.06.06	02:17:29.952		0.93840			4
2025.06.06	02:17:30.261	0.93830	0.93839			6
2025.06.06	02:17:31.518	0.93832	0.93841			6
2025.06.06	02:17:32.695	0.93831	0.93840			6
2025.06.06	02:17:34.665	0.93832	0.93841			6
2025.06.06	02:17:35.166	0.93831				2
2025.06.06	02:17:35.594	0.93832				2
2025.06.06	02:17:36.066	0.93831	0.93840			6
2025.06.06	02:17:41.821	0.93826	0.93837			6
2025.06.06	02:17:42.353		0.93836			4
2025.06.06	02:17:43.014		0.93835			4
2025.06.06	02:17:47.084		0.93836			4
2025.06.06	02:17:49.371		0.93835			4
2025.06.06	02:17:50.665		0.93837			4
2025.06.06	02:17:51.184		0.93835			4
2025.06.06	02:17:56.113	0.93828	0.93837			6
2025.06.06	02:17:57.639	0.93827				2
2025.06.06	02:17:58.308		0.93838			4
2025.06.06	02:17:58.863	0.93826	0.93835			6
2025.06.06	02:18:00.127	0.93826				2
2025.06.06	02:18:08.868	0.93824	0.93833			6
2025.06.06	02:18:09.174	0.93825	0.93835			6
2025.06.06	02:18:09.481		0.93836			4
2025.06.06	02:18:10.862	0.93826				2
2025.06.06	02:18:13.863		0.93835			4
2025.06.06	02:18:27.874		0.93836			4
2025.06.06	02:18:31.307		0.93835			4
2025.06.06	02:18:32.166		0.93836			4
2025.06.06	02:18:38.057		0.93835			4
2025.06.06	02:18:38.379		0.93836			4
2025.06.06	02:18:43.217		0.93835			4
2025.06.06	02:18:43.864	0.93825	0.93836			6
2025.06.06	02:18:45.904	0.93826	0.93835			6
2025.06.06	02:18:48.656	0.93825	0.93834			6
2025.06.06	02:18:50.638	0.93826	0.93835			6
2025.06.06	02:18:55.865		0.93836			4
2025.06.06	02:18:57.366	0.93827	0.93837			6
2025.06.06	02:18:58.496	0.93828	0.93838			6
2025.06.06	02:18:59.204	0.93827				2
2025.06.06	02:19:00.175	0.93827				2
2025.06.06	02:19:03.843		0.93837			4
2025.06.06	02:19:04.878		0.93838			4
2025.06.06	02:19:09.003		0.93837			4
2025.06.06	02:19:10.467		0.93838			4
2025.06.06	02:19:19.862		0.93837			4
2025.06.06	02:19:22.368		0.93839			4
2025.06.06	02:19:24.568		0.93837			4
2025.06.06	02:19:30.529		0.93838			4
2025.06.06	02:19:41.200		0.93836			4
2025.06.06	02:19:43.480	0.93828	0.93837			6
2025.06.06	02:19:44.756	0.93825				2
2025.06.06	02:19:46.388		0.93836			4
2025.06.06	02:19:46.699	0.93826				2
2025.06.06	02:19:47.394	0.93824				2
2025.06.06	02:19:59.628	0.93825				2
2025.06.06	02:20:00.547	0.93826				2
2025.06.06	02:20:03.375		0.93837			4
2025.06.06	02:20:03.773	0.93824				2
2025.06.06	02:20:05.164	0.93825				2
2025.06.06	02:20:17.543	0.93827	0.93838			6
2025.06.06	02:20:28.285		0.93839			4
2025.06.06	02:20:32.698	0.93828				2
2025.06.06	02:20:33.165		0.93840			4
2025.06.06	02:20:36.192		0.93839			4
2025.06.06	02:20:49.081	0.93827	0.93840			6
2025.06.06	02:20:50.762	0.93828	0.93838			6
2025.06.06	02:20:52.888		0.93839			4
2025.06.06	02:21:00.468	0.93828	0.93838			6
2025.06.06	02:21:01.444	0.93826	0.93837			6
2025.06.06	02:21:02.671	0.93827				2
2025.06.06	02:21:03.668	0.93829	0.93838			6
2025.06.06	02:21:06.379	0.93828	0.93837			6
2025.06.06	02:21:13.945	0.93827	0.93838			6
2025.06.06	02:21:16.630		0.93837			4
2025.06.06	02:21:21.644		0.93836			4
2025.06.06	02:21:52.345		0.93837			4
2025.06.06	02:21:57.280		0.93836			4
2025.06.06	02:21:58.245	0.93825	0.93838			6
2025.06.06	02:21:58.568	0.93826	0.93837			6
2025.06.06	02:21:59.527	0.93827	0.93836			6
2025.06.06	02:22:00.198	0.93826				2
2025.06.06	02:22:00.511	0.93825	0.93837			6
2025.06.06	02:22:02.571	0.93827				2
2025.06.06	02:22:02.880	0.93828	0.93838			6
2025.06.06	02:22:07.863		0.93839			4
2025.06.06	02:22:09.543	0.93827	0.93838			6
2025.06.06	02:22:26.232	0.93828	0.93837			6
2025.06.06	02:22:36.714	0.93827				2
2025.06.06	02:22:58.563		0.93836			4
2025.06.06	02:23:00.566	0.93827				2
2025.06.06	02:23:02.873	0.93823	0.93833			6
2025.06.06	02:23:03.175		0.93834			4
2025.06.06	02:23:04.495	0.93824	0.93831			6
2025.06.06	02:23:04.832	0.93820	0.93829			6
2025.06.06	02:23:05.141	0.93819				2
2025.06.06	02:23:06.916	0.93820				2
2025.06.06	02:23:08.596	0.93819	0.93828			6
2025.06.06	02:23:17.269		0.93829			4
2025.06.06	02:23:17.586	0.93820				2
2025.06.06	02:23:21.724	0.93821	0.93830			6
2025.06.06	02:23:31.136		0.93831			4
2025.06.06	02:23:39.529	0.93822				2
2025.06.06	02:23:39.964	0.93823	0.93832			6
2025.06.06	02:23:51.778	0.93822				2
2025.06.06	02:23:54.364		0.93831			4
2025.06.06	02:24:00.409	0.93822				2
2025.06.06	02:24:02.275	0.93818	0.93828			6
2025.06.06	02:24:02.639	0.93823	0.93832			6
2025.06.06	02:24:04.157	0.93822				2
2025.06.06	02:24:10.514	0.93823	0.93833			6
2025.06.06	02:24:11.675	0.93822	0.93831			6
2025.06.06	02:24:11.999	0.93820	0.93830			6
2025.06.06	02:24:15.965	0.93821				2
2025.06.06	02:24:25.865	0.93820	0.93831			6
2025.06.06	02:24:26.401	0.93821	0.93830			6
2025.06.06	02:24:34.331	0.93824	0.93835			6
2025.06.06	02:24:37.754	0.93823	0.93832			6
2025.06.06	02:24:38.831		0.93833			4
2025.06.06	02:24:44.029	0.93824				2
2025.06.06	02:24:45.118	0.93822	0.93832			6
2025.06.06	02:24:46.862	0.93823				2
2025.06.06	02:25:00.568	0.93823				2
2025.06.06	02:25:07.262	0.93822				2
2025.06.06	02:25:07.578		0.93830			4
2025.06.06	02:25:07.881	0.93823	0.93833			6
2025.06.06	02:25:14.578		0.93832			4
2025.06.06	02:25:14.882	0.93822	0.93831			6
2025.06.06	02:25:19.056	0.93821				2
2025.06.06	02:25:20.760	0.93822				2
2025.06.06	02:25:25.578		0.93832			4
2025.06.06	02:25:25.882	0.93824	0.93833			6
2025.06.06	02:25:30.362		0.93834			4
2025.06.06	02:25:33.821	0.93825				2
2025.06.06	02:25:36.256	0.93824				2
2025.06.06	02:25:40.619	0.93825				2
2025.06.06	02:25:43.013		0.93835			4
2025.06.06	02:25:46.197		0.93834			4
2025.06.06	02:25:46.580		0.93835			4
2025.06.06	02:25:56.745	0.93823	0.93833			6
2025.06.06	02:26:00.583	0.93823				2
2025.06.06	02:26:01.513	0.93824	0.93834			6
2025.06.06	02:26:03.595		0.93833			4
2025.06.06	02:26:28.304		0.93834			4
2025.06.06	02:26:29.538	0.93825	0.93835			6
2025.06.06	02:26:29.867	0.93826				2
2025.06.06	02:26:30.201	0.93825				2
2025.06.06	02:26:52.227		0.93836			4
2025.06.06	02:26:52.648		0.93835			4
2025.06.06	02:27:00.896	0.93825				2
2025.06.06	02:27:05.223	0.93824	0.93836			6
2025.06.06	02:27:12.963	0.93825				2
2025.06.06	02:27:30.474	0.93824				2
2025.06.06	02:27:49.652	0.93825				2
2025.06.06	02:28:00.321	0.93825				2
2025.06.06	02:28:04.415		0.93835			4
2025.06.06	02:28:16.564	0.93824				2
2025.06.06	02:28:21.279	0.93827	0.93837			6
2025.06.06	02:28:22.164	0.93825	0.93834			6
2025.06.06	02:28:25.643	0.93823	0.93835			6
2025.06.06	02:28:30.664	0.93822				2
2025.06.06	02:28:45.918	0.93824	0.93836			6
2025.06.06	02:28:46.252	0.93825				2
2025.06.06	02:28:53.457	0.93824	0.93835			6
2025.06.06	02:28:53.760	0.93823				2
2025.06.06	02:29:00.339	0.93823				2
2025.06.06	02:29:02.424		0.93834			4
2025.06.06	02:29:06.964	0.93824				2
2025.06.06	02:29:32.678	0.93822				2
2025.06.06	02:29:37.151		0.93833			4
2025.06.06	02:29:46.178	0.93823	0.93834			6
2025.06.06	02:30:00.328	0.93823				2
2025.06.06	02:30:07.367	0.93825	0.93835			6
2025.06.06	02:30:18.096	0.93826				2
2025.06.06	02:30:23.593	0.93824				2
2025.06.06	02:30:27.186	0.93825	0.93834			6
2025.06.06	02:30:31.863	0.93824				2
2025.06.06	02:30:41.019	0.93825	0.93835			6
2025.06.06	02:30:41.323		0.93836			4
2025.06.06	02:30:52.030	0.93827				2
2025.06.06	02:30:52.345	0.93826	0.93837			6
2025.06.06	02:30:53.043	0.93828	0.93838			6
2025.06.06	02:31:00.627	0.93828				2
2025.06.06	02:31:35.040	0.93827				2
2025.06.06	02:31:44.310	0.93826	0.93836			6
2025.06.06	02:31:45.096		0.93837			4
2025.06.06	02:31:56.373	0.93828	0.93838			6
2025.06.06	02:31:57.294	0.93827	0.93837			6
2025.06.06	02:32:00.548	0.93826				2
2025.06.06	02:32:02.547		0.93836			4
2025.06.06	02:32:02.859	0.93827	0.93837			6
2025.06.06	02:32:03.193	0.93826				2
2025.06.06	02:32:14.038	0.93827				2
2025.06.06	02:32:14.359	0.93831	0.93843			6
2025.06.06	02:32:14.661	0.93830	0.93841			6
2025.06.06	02:32:19.618		0.93840			4
2025.06.06	02:32:25.426	0.93828	0.93839			6
2025.06.06	02:32:26.076		0.93840			4
2025.06.06	02:32:26.381	0.93829				2
2025.06.06	02:32:27.357		0.93839			4
2025.06.06	02:32:27.677	0.93828				2
2025.06.06	02:32:28.034	0.93829				2
2025.06.06	02:32:28.345	0.93828				2
2025.06.06	02:32:29.739	0.93827				2
2025.06.06	02:32:36.198	0.93829				2
2025.06.06	02:32:41.648	0.93827				2
2025.06.06	02:32:42.490	0.93829				2
2025.06.06	02:32:45.324	0.93827				2
2025.06.06	02:32:45.638		0.93838			4
2025.06.06	02:32:46.724		0.93839			4
2025.06.06	02:32:52.137	0.93828				2
2025.06.06	02:32:52.453	0.93827				2
2025.06.06	02:32:55.621		0.93837			4
2025.06.06	02:33:00.550	0.93827				2
2025.06.06	02:33:10.729	0.93828	0.93839			6
2025.06.06	02:33:12.322		0.93838			4
2025.06.06	02:33:30.195	0.93827				2
2025.06.06	02:33:31.071		0.93837			4
2025.06.06	02:33:32.297	0.93828	0.93839			6
2025.06.06	02:33:40.735	0.93827	0.93838			6
2025.06.06	02:33:57.414	0.93829	0.93839			6
2025.06.06	02:34:00.397	0.93829				2
2025.06.06	02:34:00.769	0.93828				2
2025.06.06	02:34:01.226	0.93829				2
2025.06.06	02:34:03.369	0.93828	0.93840			6
2025.06.06	02:34:03.984	0.93829				2
2025.06.06	02:34:10.048	0.93830				2
2025.06.06	02:34:10.693	0.93833	0.93842			6
2025.06.06	02:34:11.000	0.93832				2
2025.06.06	02:34:18.377	0.93831				2
2025.06.06	02:34:20.162	0.93832				2
2025.06.06	02:34:26.621	0.93834	0.93844			6
2025.06.06	02:34:27.590		0.93845			4
2025.06.06	02:34:37.415		0.93846			4
2025.06.06	02:34:38.427	0.93835				2
2025.06.06	02:34:38.753	0.93834				2
2025.06.06	02:34:39.076	0.93836	0.93848			6
2025.06.06	02:34:39.392	0.93837	0.93847			6
2025.06.06	02:34:42.173	0.93835				2
2025.06.06	02:34:47.988		0.93846			4
2025.06.06	02:34:48.341		0.93847			4
2025.06.06	02:34:48.781		0.93846			4
2025.06.06	02:34:49.377		0.93847			4
2025.06.06	02:34:50.496		0.93848			4
2025.06.06	02:34:50.865		0.93847			4
2025.06.06	02:34:54.629	0.93838	0.93849			6
2025.06.06	02:34:54.937	0.93837	0.93848			6
2025.06.06	02:35:01.004	0.93837				2
2025.06.06	02:35:03.340	0.93836				2
2025.06.06	02:35:06.746	0.93837				2
2025.06.06	02:35:29.946		0.93847			4
2025.06.06	02:35:30.351		0.93848			4
2025.06.06	02:35:30.705	0.93836				2
2025.06.06	02:35:36.393	0.93838	0.93849			6
2025.06.06	02:35:36.749	0.93837	0.93850			6
2025.06.06	02:35:37.056	0.93838	0.93849			6
2025.06.06	02:35:38.841	0.93837				2
2025.06.06	02:35:43.978	0.93838				2
2025.06.06	02:35:45.045	0.93837	0.93850			6
2025.06.06	02:35:47.747	0.93838	0.93848			6
2025.06.06	02:35:58.158	0.93837				2
2025.06.06	02:36:00.374	0.93837				2
2025.06.06	02:36:05.938	0.93836				2
2025.06.06	02:36:11.871	0.93835				2
2025.06.06	02:36:18.559	0.93839	0.93850			6
2025.06.06	02:36:18.873	0.93838	0.93849			6
2025.06.06	02:36:22.862	0.93837				2
2025.06.06	02:36:28.558		0.93850			4
2025.06.06	02:36:29.983	0.93836				2
2025.06.06	02:36:44.495	0.93837				2
2025.06.06	02:37:00.222	0.93837				2
2025.06.06	02:37:00.934	0.93836				2
2025.06.06	02:37:04.436	0.93837	0.93849			6
2025.06.06	02:37:13.598	0.93836				2
2025.06.06	02:37:13.900	0.93837	0.93848			6
2025.06.06	02:37:14.723	0.93836				2
2025.06.06	02:37:15.134	0.93837				2
2025.06.06	02:37:17.327	0.93838	0.93849			6
2025.06.06	02:37:17.642	0.93836	0.93848			6
2025.06.06	02:37:20.508	0.93837				2
2025.06.06	02:37:27.757	0.93838	0.93849			6
2025.06.06	02:37:30.729	0.93839				2
2025.06.06	02:37:35.177	0.93837				2
2025.06.06	02:37:38.164	0.93839	0.93850			6
2025.06.06	02:37:50.988		0.93849			4
2025.06.06	02:37:53.946	0.93838				2
2025.06.06	02:38:00.658	0.93838				2
2025.06.06	02:38:01.525		0.93848			4
2025.06.06	02:38:01.863	0.93837				2
2025.06.06	02:38:06.509	0.93835	0.93847			6
2025.06.06	02:38:09.053	0.93837	0.93848			6
2025.06.06	02:38:34.864	0.93838				2
2025.06.06	02:38:50.163	0.93837				2
2025.06.06	02:39:00.488	0.93837				2
2025.06.06	02:39:02.384	0.93835	0.93845			6
2025.06.06	02:39:08.618	0.93833	0.93843			6
2025.06.06	02:39:09.674	0.93832				2
2025.06.06	02:39:10.248	0.93831				2
2025.06.06	02:39:11.350	0.93832	0.93842			6
2025.06.06	02:39:11.910	0.93833	0.93844			6
2025.06.06	02:39:16.670		0.93843			4
2025.06.06	02:39:18.858	0.93834	0.93844			6
2025.06.06	02:39:25.499	0.93832	0.93842			6
2025.06.06	02:39:34.017	0.93833	0.93843			6
2025.06.06	02:39:37.862	0.93832	0.93842			6
2025.06.06	02:39:42.149	0.93834	0.93844			6
2025.06.06	02:39:43.875	0.93833				2
2025.06.06	02:39:50.240	0.93835	0.93845			6
2025.06.06	02:40:02.347	0.93835				2
2025.06.06	02:40:02.762		0.93844			4
2025.06.06	02:40:25.563		0.93845			4
2025.06.06	02:40:58.135	0.93836				2
2025.06.06	02:40:59.164	0.93835				2
2025.06.06	02:41:00.201	0.93835				2
2025.06.06	02:41:08.915		0.93844			4
2025.06.06	02:41:09.845	0.93836	0.93845			6
2025.06.06	02:41:12.262		0.93846			4
2025.06.06	02:41:18.567	0.93835	0.93845			6
2025.06.06	02:41:19.387	0.93836				2
2025.06.06	02:41:28.633		0.93846			4
2025.06.06	02:41:34.189		0.93845			4
2025.06.06	02:41:48.074		0.93846			4
2025.06.06	02:41:55.343	0.93835	0.93845			6
2025.06.06	02:42:00.053	0.93835				2
2025.06.06	02:42:18.458	0.93836				2
2025.06.06	02:42:18.765	0.93837	0.93847			6
2025.06.06	02:42:20.354	0.93835	0.93845			6
2025.06.06	02:42:21.802	0.93834	0.93844			6
2025.06.06	02:42:23.216	0.93838	0.93847			6
2025.06.06	02:42:24.557	0.93837	0.93848			6
2025.06.06	02:42:28.869	0.93838	0.93847			6
2025.06.06	02:42:42.164		0.93848			4
2025.06.06	02:43:00.615	0.93839				2
2025.06.06	02:43:21.923		0.93849			4
2025.06.06	02:43:35.658		0.93850			4
2025.06.06	02:43:43.657	0.93840				2
2025.06.06	02:43:52.883		0.93851			4
2025.06.06	02:43:53.537	0.93841				2
2025.06.06	02:43:56.225	0.93849	0.93858			6
2025.06.06	02:43:58.354	0.93846	0.93857			6
2025.06.06	02:43:58.656		0.93856			4
2025.06.06	02:43:58.975		0.93855			4
2025.06.06	02:43:59.398		0.93858			4
2025.06.06	02:44:00.425	0.93847				2
2025.06.06	02:44:01.791	0.93848				2
2025.06.06	02:44:02.941	0.93849				2
2025.06.06	02:44:03.499	0.93848				2
2025.06.06	02:44:04.139	0.93849				2
2025.06.06	02:44:13.319	0.93846	0.93855			6
2025.06.06	02:44:13.634	0.93845				2
2025.06.06	02:44:13.935	0.93846				2
2025.06.06	02:44:14.662	0.93845				2
2025.06.06	02:44:19.043	0.93846				2
2025.06.06	02:44:20.715	0.93845	0.93854			6
2025.06.06	02:44:21.183	0.93846	0.93855			6
2025.06.06	02:44:22.158	0.93845				2
2025.06.06	02:44:26.577		0.93854			4
2025.06.06	02:44:30.354	0.93844				2
2025.06.06	02:44:32.326	0.93845				2
2025.06.06	02:44:35.563	0.93843	0.93853			6
2025.06.06	02:44:44.946	0.93841	0.93851			6
2025.06.06	02:44:49.620		0.93850			4
2025.06.06	02:44:50.350		0.93851			4
2025.06.06	02:45:00.356	0.93841				2
2025.06.06	02:45:01.472	0.93844	0.93853			6
2025.06.06	02:45:01.780		0.93854			4
2025.06.06	02:45:02.472	0.93845	0.93856			6
2025.06.06	02:45:02.798		0.93855			4
2025.06.06	02:45:03.695		0.93854			4
2025.06.06	02:45:05.294		0.93855			4
2025.06.06	02:45:07.412	0.93844	0.93854			6
2025.06.06	02:45:16.864	0.93845				2
2025.06.06	02:45:17.558	0.93844				2
2025.06.06	02:45:19.795	0.93843	0.93853			6
2025.06.06	02:45:21.159	0.93844				2
2025.06.06	02:45:22.885		0.93854			4
2025.06.06	02:45:24.207	0.93843	0.93853			6
2025.06.06	02:45:28.862	0.93844	0.93854			6
2025.06.06	02:45:31.896	0.93845	0.93857			6
2025.06.06	02:45:35.447		0.93856			4
2025.06.06	02:45:36.056		0.93855			4
2025.06.06	02:45:37.563		0.93856			4
2025.06.06	02:45:40.626	0.93846				2
2025.06.06	02:45:48.095		0.93857			4
2025.06.06	02:45:48.787	0.93847	0.93858			6
2025.06.06	02:45:49.864	0.93846	0.93857			6
2025.06.06	02:45:50.165		0.93858			4
2025.06.06	02:45:51.963		0.93857			4
2025.06.06	02:45:53.766		0.93858			4
2025.06.06	02:45:54.979	0.93845	0.93856			6
2025.06.06	02:45:55.531	0.93844	0.93854			6
2025.06.06	02:45:57.043	0.93845	0.93855			6
2025.06.06	02:45:58.135	0.93844	0.93853			6
2025.06.06	02:46:00.673	0.93844	0.93854			6
2025.06.06	02:46:02.222	0.93843	0.93853			6
2025.06.06	02:46:04.262		0.93852			4
2025.06.06	02:46:05.138	0.93841	0.93851			6
2025.06.06	02:46:07.378	0.93840	0.93850			6
2025.06.06	02:46:30.070	0.93839	0.93849			6
2025.06.06	02:46:30.445	0.93838	0.93848			6
2025.06.06	02:46:33.117	0.93840	0.93850			6
2025.06.06	02:46:33.507		0.93851			4
2025.06.06	02:46:34.547		0.93850			4
2025.06.06	02:46:42.456	0.93839	0.93849			6
2025.06.06	02:46:42.850	0.93840	0.93850			6
2025.06.06	02:46:44.811	0.93841	0.93851			6
2025.06.06	02:46:53.384	0.93840	0.93850			6
2025.06.06	02:46:58.863		0.93851			4
2025.06.06	02:46:59.968	0.93841				2
2025.06.06	02:47:00.424	0.93841				2
2025.06.06	02:47:21.263	0.93840				2
2025.06.06	02:47:30.577	0.93841				2
2025.06.06	02:47:32.387	0.93842	0.93852			6
2025.06.06	02:47:33.655	0.93839	0.93850			6
2025.06.06	02:47:34.635	0.93840				2
2025.06.06	02:47:39.458	0.93841	0.93851			6
2025.06.06	02:47:40.478	0.93839	0.93850			6
2025.06.06	02:47:45.521	0.93840				2
2025.06.06	02:47:51.661		0.93851			4
2025.06.06	02:47:52.132	0.93841				2
2025.06.06	02:47:57.715	0.93840	0.93850			6
2025.06.06	02:48:00.668	0.93840				2
2025.06.06	02:48:01.836		0.93851			4
2025.06.06	02:48:08.098	0.93839	0.93850			6
2025.06.06	02:48:12.969	0.93840				2
2025.06.06	02:48:14.560		0.93851			4
2025.06.06	02:48:15.238		0.93850			4
2025.06.06	02:48:21.473	0.93839				2
2025.06.06	02:48:25.965		0.93849			4
2025.06.06	02:48:26.295		0.93850			4
2025.06.06	02:48:30.965		0.93849			4
2025.06.06	02:48:40.468		0.93850			4
2025.06.06	02:48:43.183	0.93838	0.93848			6
2025.06.06	02:48:46.835		0.93849			4
2025.06.06	02:48:49.850	0.93839				2
2025.06.06	02:49:02.461	0.93839	0.93850			6
2025.06.06	02:49:12.046		0.93849			4
2025.06.06	02:49:16.418		0.93850			4
2025.06.06	02:49:24.729	0.93840				2
2025.06.06	02:49:25.447	0.93839	0.93849			6
2025.06.06	02:49:27.724		0.93850			4
2025.06.06	02:49:29.438	0.93840	0.93851			6
2025.06.06	02:49:42.561	0.93841	0.93852			6
2025.06.06	02:49:43.041	0.93842	0.93853			6
2025.06.06	02:49:45.639		0.93852			4
2025.06.06	02:49:46.285	0.93841				2
2025.06.06	02:49:58.422	0.93842				2
2025.06.06	02:50:00.464	0.93842				2
2025.06.06	02:50:02.416		0.93853			4
2025.06.06	02:50:02.761	0.93843				2
2025.06.06	02:50:03.675	0.93845	0.93855			6
2025.06.06	02:50:04.011	0.93846	0.93856			6
2025.06.06	02:50:04.806	0.93845				2
2025.06.06	02:50:05.916	0.93846				2
2025.06.06	02:50:08.555	0.93845				2
2025.06.06	02:50:12.312		0.93855			4
2025.06.06	02:50:19.360	0.93846	0.93856			6
2025.06.06	02:50:22.772	0.93845				2
2025.06.06	02:50:23.806		0.93855			4
2025.06.06	02:50:26.895	0.93844				2
2025.06.06	02:50:28.449	0.93845				2
2025.06.06	02:50:34.726	0.93844				2
2025.06.06	02:50:37.597	0.93840	0.93852			6
2025.06.06	02:50:40.261		0.93851			4
2025.06.06	02:50:41.167	0.93841				2
2025.06.06	02:50:46.878	0.93842				2
2025.06.06	02:50:52.337	0.93843	0.93854			6
2025.06.06	02:50:53.571	0.93844				2
2025.06.06	02:50:56.062	0.93843				2
2025.06.06	02:50:58.413	0.93844				2
2025.06.06	02:51:00.178	0.93842	0.93852			6
2025.06.06	02:51:01.188		0.93853			4
2025.06.06	02:51:06.078	0.93843				2
