<DATE>	<TIME>	<BID>	<ASK>	<LAST>	<VOLUME>	<FLAGS>
2025.04.30	00:03:30.976	0.93769	0.93846			6
2025.04.30	00:05:02.247	0.93728	0.93913			6
2025.04.30	00:05:02.589		0.93911			4
2025.04.30	00:05:06.338	0.93738	0.93897			6
2025.04.30	00:05:10.339	0.93755	0.93921			6
2025.04.30	00:05:14.342	0.93759	0.93914			6
2025.04.30	00:05:14.884	0.93758	0.93909			6
2025.04.30	00:05:21.958	0.93759				2
2025.04.30	00:06:02.997	0.93762	0.93907			6
2025.04.30	00:06:38.048	0.93736	0.93939			6
2025.04.30	00:06:46.225	0.93739	0.93942			6
2025.04.30	00:06:52.178	0.93725	0.93926			6
2025.04.30	00:06:53.534		0.93927			4
2025.04.30	00:06:55.936	0.93727	0.93930			6
2025.04.30	00:06:57.210	0.93742				2
2025.04.30	00:06:59.541		0.93942			4
2025.04.30	00:07:04.297	0.93742				2
2025.04.30	00:07:46.347	0.93762	0.93944			6
2025.04.30	00:07:50.348	0.93761	0.93931			6
2025.04.30	00:08:06.339	0.93763	0.93938			6
2025.04.30	00:08:07.015		0.93937			4
2025.04.30	00:08:10.337	0.93750	0.93917			6
2025.04.30	00:08:14.338	0.93749	0.93904			6
2025.04.30	00:08:18.349	0.93761	0.93905			6
2025.04.30	00:08:42.188	0.93764	0.93911			6
2025.04.30	00:08:46.894	0.93765	0.93912			6
2025.04.30	00:09:00.457	0.93765				2
2025.04.30	00:09:20.849	0.93740	0.93941			6
2025.04.30	00:09:26.513	0.93742	0.93944			6
2025.04.30	00:09:55.459	0.93739	0.93929			6
2025.04.30	00:09:57.134		0.93928			4
2025.04.30	00:10:01.735	0.93740	0.93941			6
2025.04.30	00:10:03.994	0.93746	0.93950			6
2025.04.30	00:10:04.616	0.93747	0.93948			6
2025.04.30	00:10:06.060	0.93751	0.93926			6
2025.04.30	00:10:07.563	0.93749	0.93922			6
2025.04.30	00:10:07.891	0.93753				2
2025.04.30	00:10:08.800	0.93749	0.93926			6
2025.04.30	00:10:09.628		0.93925			4
2025.04.30	00:10:10.339	0.93753	0.93927			6
2025.04.30	00:10:22.543	0.93756	0.93935			6
2025.04.30	00:10:42.604	0.93753	0.93931			6
2025.04.30	00:10:50.454	0.93740	0.93917			6
2025.04.30	00:11:05.180	0.93753	0.93930			6
2025.04.30	00:11:08.815	0.93752	0.93929			6
2025.04.30	00:11:16.666	0.93751	0.93928			6
2025.04.30	00:11:20.347	0.93742	0.93918			6
2025.04.30	00:11:20.862	0.93761	0.93944			6
2025.04.30	00:11:21.372	0.93760	0.93946			6
2025.04.30	00:13:10.341	0.93760	0.93946			6
2025.04.30	00:13:16.883	0.93753	0.93910			6
2025.04.30	00:13:26.376	0.93749				2
2025.04.30	00:13:26.725	0.93750	0.93909			6
2025.04.30	00:13:31.175	0.93746	0.93905			6
2025.04.30	00:13:47.934	0.93749	0.93908			6
2025.04.30	00:14:00.052	0.93748				2
2025.04.30	00:14:35.659	0.93760	0.93910			6
2025.04.30	00:14:38.871		0.93911			4
2025.04.30	00:14:48.475	0.93761	0.93912			6
2025.04.30	00:14:50.722	0.93760	0.93910			6
2025.04.30	00:15:00.437	0.93760				2
2025.04.30	00:15:20.472	0.93754	0.93964			6
2025.04.30	00:15:24.825		0.93920			4
2025.04.30	00:15:27.521		0.93964			4
2025.04.30	00:15:33.707		0.93989			4
2025.04.30	00:15:35.926	0.93762	0.93958			6
2025.04.30	00:15:37.659	0.93764	0.93938			6
2025.04.30	00:15:43.230		0.93912			4
2025.04.30	00:15:46.509		0.93915			4
2025.04.30	00:15:51.585	0.93768	0.93938			6
2025.04.30	00:16:00.134	0.93768				2
2025.04.30	00:16:06.599	0.93770				2
2025.04.30	00:16:08.196	0.93768				2
2025.04.30	00:16:15.227	0.93764	0.93914			6
2025.04.30	00:16:19.718	0.93751	0.93968			6
2025.04.30	00:16:20.292	0.93745	0.93950			6
2025.04.30	00:16:26.277	0.93751	0.93939			6
2025.04.30	00:17:00.343	0.93751				2
2025.04.30	00:17:03.134	0.93745	0.93913			6
2025.04.30	00:17:03.693	0.93752	0.93985			6
2025.04.30	00:17:04.302	0.93776	0.93908			6
2025.04.30	00:17:04.607	0.93745	0.93915			6
2025.04.30	00:17:05.639	0.93751	0.93919			6
2025.04.30	00:17:06.945	0.93755	0.93945			6
2025.04.30	00:17:07.457	0.93745	0.93921			6
2025.04.30	00:17:53.397	0.93780	0.93924			6
2025.04.30	00:17:53.939	0.93778	0.93935			6
2025.04.30	00:17:55.016	0.93780	0.93923			6
2025.04.30	00:17:57.423	0.93776	0.93921			6
2025.04.30	00:18:00.445	0.93776				2
2025.04.30	00:18:02.135	0.93771	0.93891			6
2025.04.30	00:18:02.602		0.93890			4
2025.04.30	00:18:07.349	0.93775	0.93889			6
2025.04.30	00:18:12.050	0.93777	0.93897			6
2025.04.30	00:18:18.090		0.93899			4
2025.04.30	00:18:22.131	0.93782	0.93898			6
2025.04.30	00:18:23.092		0.93906			4
2025.04.30	00:18:23.398	0.93785				2
2025.04.30	00:18:26.317		0.93905			4
2025.04.30	00:18:28.621	0.93783	0.93892			6
2025.04.30	00:18:33.999	0.93788	0.93905			6
2025.04.30	00:18:35.429	0.93789				2
2025.04.30	00:18:37.097	0.93787	0.93895			6
2025.04.30	00:18:42.336	0.93751	0.93989			6
2025.04.30	00:18:57.543	0.93752	0.93987			6
2025.04.30	00:18:57.845	0.93751	0.93985			6
2025.04.30	00:19:00.267	0.93754	0.93961			6
2025.04.30	00:19:00.978	0.93752	0.93952			6
2025.04.30	00:19:01.463	0.93753	0.93943			6
2025.04.30	00:19:01.964	0.93745	0.93944			6
2025.04.30	00:19:02.966		0.93932			4
2025.04.30	00:19:03.472	0.93749	0.93924			6
2025.04.30	00:19:03.961		0.93921			4
2025.04.30	00:19:04.471	0.93752	0.93971			6
2025.04.30	00:19:04.814	0.93745	0.93924			6
2025.04.30	00:19:05.468	0.93750	0.93940			6
2025.04.30	00:19:06.460	0.93759	0.93919			6
2025.04.30	00:19:06.966	0.93754				2
2025.04.30	00:19:07.284	0.93758	0.93924			6
2025.04.30	00:19:17.940	0.93757	0.93941			6
2025.04.30	00:19:18.440	0.93759	0.93920			6
2025.04.30	00:19:35.064	0.93776				2
2025.04.30	00:19:36.300		0.93942			4
2025.04.30	00:19:36.722		0.93906			4
2025.04.30	00:19:37.569		0.93921			4
2025.04.30	00:19:38.724		0.93909			4
2025.04.30	00:19:47.393	0.93798				2
2025.04.30	00:19:52.246	0.93760				2
2025.04.30	00:20:00.392	0.93760				2
2025.04.30	00:20:24.955	0.93761	0.93890			6
2025.04.30	00:20:58.979	0.93745	0.93894			6
2025.04.30	00:21:03.063	0.93745				2
2025.04.30	00:21:14.703	0.93757	0.93890			6
2025.04.30	00:21:15.318	0.93745	0.93897			6
2025.04.30	00:21:16.161		0.93898			4
2025.04.30	00:21:16.522		0.93911			4
2025.04.30	00:21:18.034	0.93749	0.93934			6
2025.04.30	00:21:18.600	0.93756	0.93920			6
2025.04.30	00:21:19.099	0.93745	0.93931			6
2025.04.30	00:21:19.451	0.93754	0.93934			6
2025.04.30	00:21:20.098	0.93755	0.93914			6
2025.04.30	00:21:20.506	0.93745	0.93932			6
2025.04.30	00:21:20.816		0.93917			4
2025.04.30	00:21:21.509	0.93746	0.93906			6
2025.04.30	00:21:22.366	0.93755	0.93915			6
2025.04.30	00:21:22.882	0.93752	0.93942			6
2025.04.30	00:21:23.558	0.93758	0.93919			6
2025.04.30	00:21:27.618	0.93745	0.93910			6
2025.04.30	00:21:32.923		0.93927			4
2025.04.30	00:21:33.908	0.93755	0.93913			6
2025.04.30	00:21:34.251	0.93752	0.93933			6
2025.04.30	00:21:35.379	0.93756	0.93916			6
2025.04.30	00:21:38.644	0.93745	0.93942			6
2025.04.30	00:21:38.969	0.93755	0.93921			6
2025.04.30	00:21:39.463	0.93752	0.93943			6
2025.04.30	00:21:39.962	0.93750	0.93919			6
2025.04.30	00:21:41.440	0.93745	0.93932			6
2025.04.30	00:21:41.886	0.93755	0.93921			6
2025.04.30	00:21:42.400	0.93747	0.93939			6
2025.04.30	00:21:42.845	0.93756	0.93913			6
2025.04.30	00:21:43.375	0.93755	0.93931			6
2025.04.30	00:21:43.839	0.93757	0.93918			6
2025.04.30	00:21:44.362	0.93747	0.93943			6
2025.04.30	00:21:44.759	0.93756	0.93915			6
2025.04.30	00:21:45.538	0.93755	0.93931			6
2025.04.30	00:21:46.044	0.93757	0.93917			6
2025.04.30	00:21:48.773	0.93754	0.93935			6
2025.04.30	00:21:49.239	0.93756	0.93916			6
2025.04.30	00:21:50.045	0.93755	0.93931			6
2025.04.30	00:21:50.545	0.93757	0.93917			6
2025.04.30	00:21:53.122	0.93755	0.93931			6
2025.04.30	00:21:55.667	0.93748	0.93938			6
2025.04.30	00:21:55.985	0.93750	0.93919			6
2025.04.30	00:22:01.329	0.93750				2
2025.04.30	00:22:05.251	0.93745	0.93894			6
2025.04.30	00:22:35.504		0.93901			4
2025.04.30	00:22:48.701	0.93746	0.93897			6
2025.04.30	00:23:00.091	0.93745	0.93902			6
2025.04.30	00:23:09.503		0.93894			4
2025.04.30	00:23:13.540	0.93750				2
2025.04.30	00:23:14.356	0.93749				2
2025.04.30	00:23:14.657	0.93745				2
2025.04.30	00:23:38.421		0.93951			4
2025.04.30	00:23:46.175	0.93756	0.93947			6
2025.04.30	00:23:47.563	0.93757	0.93952			6
2025.04.30	00:23:55.336	0.93758	0.93940			6
2025.04.30	00:23:56.288	0.93747	0.93951			6
2025.04.30	00:23:56.789	0.93760	0.93930			6
2025.04.30	00:23:57.109	0.93758	0.93950			6
2025.04.30	00:23:57.789		0.93933			4
2025.04.30	00:23:58.287		0.93944			4
2025.04.30	00:23:58.597	0.93757	0.93949			6
2025.04.30	00:23:58.902	0.93764	0.93935			6
2025.04.30	00:23:59.287	0.93749	0.93936			6
2025.04.30	00:23:59.785	0.93765	0.93926			6
2025.04.30	00:24:00.287	0.93748	0.93951			6
2025.04.30	00:24:00.793	0.93759	0.93940			6
2025.04.30	00:24:01.287	0.93750	0.93933			6
2025.04.30	00:24:01.785	0.93765	0.93926			6
2025.04.30	00:24:02.267	0.93747	0.93951			6
2025.04.30	00:24:02.582	0.93759	0.93928			6
2025.04.30	00:24:02.898	0.93751	0.93924			6
2025.04.30	00:24:03.286	0.93749	0.93928			6
2025.04.30	00:24:04.793	0.93750	0.93927			6
2025.04.30	00:24:06.268		0.93919			4
2025.04.30	00:24:06.921	0.93751	0.93910			6
2025.04.30	00:24:07.418	0.93748	0.93890			6
2025.04.30	00:24:07.922	0.93745	0.93921			6
2025.04.30	00:24:08.418		0.93891			4
2025.04.30	00:24:16.535		0.93890			4
2025.04.30	00:24:16.855		0.93895			4
2025.04.30	00:24:17.373		0.93897			4
2025.04.30	00:24:17.847		0.93899			4
2025.04.30	00:24:18.328		0.93898			4
2025.04.30	00:24:22.130		0.93899			4
2025.04.30	00:24:37.436		0.93897			4
2025.04.30	00:24:49.469	0.93734				2
2025.04.30	00:25:00.314	0.93734				2
2025.04.30	00:25:10.360		0.93895			4
2025.04.30	00:25:44.420	0.93745				2
2025.04.30	00:25:46.504		0.93903			4
2025.04.30	00:25:47.084	0.93755	0.93919			6
2025.04.30	00:25:47.440	0.93761	0.93921			6
2025.04.30	00:25:48.205	0.93758	0.93906			6
2025.04.30	00:25:48.701	0.93755	0.93920			6
2025.04.30	00:25:49.202	0.93761	0.93922			6
2025.04.30	00:25:49.709	0.93762	0.93913			6
2025.04.30	00:25:50.200	0.93761	0.93925			6
2025.04.30	00:25:50.700	0.93762	0.93913			6
2025.04.30	00:25:58.206	0.93745	0.93946			6
2025.04.30	00:25:58.514	0.93760	0.93935			6
2025.04.30	00:25:58.933	0.93762	0.93912			6
2025.04.30	00:26:01.805	0.93762				2
2025.04.30	00:26:08.432	0.93761	0.93926			6
2025.04.30	00:26:08.755	0.93751	0.93911			6
2025.04.30	00:26:09.433	0.93748	0.93944			6
2025.04.30	00:26:09.937	0.93749	0.93930			6
2025.04.30	00:26:41.962	0.93752	0.93898			6
2025.04.30	00:26:42.342	0.93745	0.93931			6
2025.04.30	00:26:42.644	0.93761	0.93919			6
2025.04.30	00:26:42.987	0.93762	0.93914			6
2025.04.30	00:26:43.350	0.93761	0.93923			6
2025.04.30	00:26:43.838	0.93762	0.93913			6
2025.04.30	00:26:44.346	0.93760	0.93928			6
2025.04.30	00:26:44.856	0.93761	0.93917			6
2025.04.30	00:26:51.223	0.93762	0.93910			6
2025.04.30	00:26:51.716	0.93756	0.93928			6
2025.04.30	00:26:52.218	0.93759	0.93907			6
2025.04.30	00:26:52.716	0.93761	0.93922			6
2025.04.30	00:26:53.213	0.93760	0.93928			6
2025.04.30	00:26:53.715	0.93762	0.93910			6
2025.04.30	00:26:54.217	0.93761	0.93923			6
2025.04.30	00:26:54.646	0.93762	0.93913			6
2025.04.30	00:26:55.218	0.93760	0.93928			6
2025.04.30	00:26:55.720	0.93761	0.93917			6
2025.04.30	00:26:59.666	0.93745	0.93944			6
2025.04.30	00:27:00.014	0.93745				2
2025.04.30	00:27:02.497	0.93760	0.93919			6
2025.04.30	00:28:00.403	0.93760				2
2025.04.30	00:28:01.426	0.93745	0.93934			6
2025.04.30	00:28:01.740	0.93760	0.93929			6
2025.04.30	00:28:02.172		0.93908			4
2025.04.30	00:28:02.640		0.93931			4
2025.04.30	00:28:03.131	0.93762	0.93911			6
2025.04.30	00:28:03.604	0.93756	0.93927			6
2025.04.30	00:28:04.079	0.93762	0.93914			6
2025.04.30	00:28:04.412	0.93757	0.93929			6
2025.04.30	00:28:04.837	0.93760	0.93920			6
2025.04.30	00:28:05.617	0.93756	0.93932			6
2025.04.30	00:28:06.119	0.93761	0.93922			6
2025.04.30	00:28:06.605	0.93760	0.93930			6
2025.04.30	00:28:07.133	0.93762	0.93910			6
2025.04.30	00:28:07.544	0.93758	0.93933			6
2025.04.30	00:28:08.129	0.93761	0.93918			6
2025.04.30	00:28:08.629	0.93753	0.93933			6
2025.04.30	00:28:09.133	0.93762	0.93910			6
2025.04.30	00:28:09.537	0.93745	0.93936			6
2025.04.30	00:28:09.838	0.93761	0.93922			6
2025.04.30	00:28:10.148		0.93925			4
2025.04.30	00:28:10.505	0.93762	0.93914			6
2025.04.30	00:28:10.838	0.93760	0.93928			6
2025.04.30	00:28:11.631	0.93761	0.93917			6
2025.04.30	00:28:51.318		0.93909			4
2025.04.30	00:28:51.958	0.93752	0.93936			6
2025.04.30	00:28:52.295	0.93762	0.93910			6
2025.04.30	00:28:52.848	0.93756	0.93927			6
2025.04.30	00:28:53.348	0.93762	0.93913			6
2025.04.30	00:28:53.847	0.93758	0.93927			6
2025.04.30	00:28:54.350	0.93760	0.93917			6
2025.04.30	00:28:54.849	0.93756	0.93931			6
2025.04.30	00:28:55.350	0.93760	0.93928			6
2025.04.30	00:28:55.851	0.93762	0.93914			6
2025.04.30	00:28:56.354	0.93761	0.93924			6
2025.04.30	00:28:56.853	0.93762	0.93913			6
2025.04.30	00:28:57.354	0.93761	0.93926			6
2025.04.30	00:28:57.681	0.93762	0.93915			6
2025.04.30	00:29:00.604	0.93762				2
2025.04.30	00:29:04.863	0.93754	0.93931			6
2025.04.30	00:29:05.379	0.93761	0.93924			6
2025.04.30	00:29:06.376	0.93762	0.93914			6
2025.04.30	00:29:06.870	0.93750	0.93925			6
2025.04.30	00:29:07.177	0.93752	0.93904			6
2025.04.30	00:29:07.498	0.93760	0.93921			6
2025.04.30	00:29:07.999	0.93757	0.93929			6
2025.04.30	00:29:08.353	0.93761	0.93909			6
2025.04.30	00:29:08.792	0.93745	0.93932			6
2025.04.30	00:29:09.106	0.93757	0.93928			6
2025.04.30	00:29:09.498	0.93745	0.93907			6
2025.04.30	00:29:10.072	0.93760	0.93912			6
2025.04.30	00:29:10.542	0.93759	0.93927			6
2025.04.30	00:29:11.083	0.93762	0.93913			6
2025.04.30	00:29:11.579	0.93757	0.93929			6
2025.04.30	00:29:12.081	0.93762	0.93913			6
2025.04.30	00:29:12.532	0.93761	0.93922			6
2025.04.30	00:29:13.064	0.93760				2
2025.04.30	00:29:13.533	0.93761	0.93917			6
2025.04.30	00:29:14.188	0.93762	0.93913			6
2025.04.30	00:29:14.652	0.93761	0.93920			6
2025.04.30	00:29:15.167	0.93762	0.93914			6
2025.04.30	00:29:15.668	0.93754	0.93920			6
2025.04.30	00:29:16.169	0.93760	0.93908			6
2025.04.30	00:29:16.587	0.93747	0.93920			6
2025.04.30	00:29:17.080	0.93759	0.93907			6
2025.04.30	00:29:17.572	0.93747	0.93920			6
2025.04.30	00:29:18.039	0.93750	0.93921			6
2025.04.30	00:29:18.483	0.93751	0.93910			6
2025.04.30	00:29:23.434	0.93759	0.93918			6
2025.04.30	00:29:23.741	0.93758				2
2025.04.30	00:29:24.432	0.93761	0.93909			6
2025.04.30	00:29:24.932		0.93918			4
2025.04.30	00:29:25.434	0.93762	0.93913			6
2025.04.30	00:29:25.940	0.93761	0.93918			6
2025.04.30	00:29:26.434	0.93759	0.93908			6
2025.04.30	00:29:26.779	0.93755	0.93917			6
2025.04.30	00:29:27.279	0.93759	0.93907			6
2025.04.30	00:29:27.779	0.93754	0.93918			6
2025.04.30	00:29:28.280	0.93761				2
2025.04.30	00:29:28.784	0.93762	0.93913			6
2025.04.30	00:29:29.277	0.93751	0.93908			6
2025.04.30	00:29:29.589	0.93750	0.93919			6
2025.04.30	00:29:29.964	0.93742				2
2025.04.30	00:29:30.451	0.93741				2
2025.04.30	00:29:30.942	0.93740				2
2025.04.30	00:29:50.143		0.93918			4
2025.04.30	00:29:51.626	0.93741	0.93919			6
2025.04.30	00:29:52.352	0.93750				2
2025.04.30	00:29:52.672	0.93742				2
2025.04.30	00:30:00.319	0.93745	0.93917			6
2025.04.30	00:30:00.640	0.93755	0.93903			6
2025.04.30	00:30:01.237	0.93754	0.93912			6
2025.04.30	00:30:01.868		0.93916			4
2025.04.30	00:30:02.369	0.93751				2
2025.04.30	00:30:04.073	0.93747	0.93922			6
2025.04.30	00:30:04.452	0.93760	0.93916			6
2025.04.30	00:30:04.839	0.93747	0.93917			6
2025.04.30	00:30:05.569	0.93757	0.93906			6
2025.04.30	00:30:06.074	0.93751	0.93916			6
2025.04.30	00:30:06.568	0.93756	0.93904			6
2025.04.30	00:30:07.070	0.93749	0.93914			6
2025.04.30	00:30:07.572	0.93754	0.93896			6
2025.04.30	00:30:07.925	0.93744	0.93914			6
2025.04.30	00:30:08.443	0.93750	0.93896			6
2025.04.30	00:30:09.067	0.93744	0.93913			6
2025.04.30	00:30:09.438	0.93750	0.93896			6
2025.04.30	00:30:09.943	0.93747	0.93907			6
2025.04.30	00:30:10.540	0.93754	0.93899			6
2025.04.30	00:30:11.070	0.93746	0.93907			6
2025.04.30	00:30:11.572	0.93749	0.93888			6
2025.04.30	00:30:11.922	0.93743	0.93902			6
2025.04.30	00:30:12.356	0.93758	0.93900			6
2025.04.30	00:30:13.069	0.93750	0.93901			6
2025.04.30	00:30:13.538	0.93744	0.93902			6
2025.04.30	00:30:20.961		0.93905			4
2025.04.30	00:30:21.620		0.93901			4
2025.04.30	00:30:22.814	0.93745				2
2025.04.30	00:30:25.230	0.93743	0.93900			6
2025.04.30	00:30:26.977		0.93899			4
2025.04.30	00:30:35.917	0.93752	0.93901			6
2025.04.30	00:30:40.314	0.93744	0.93912			6
2025.04.30	00:30:40.807	0.93757	0.93905			6
2025.04.30	00:30:41.139	0.93755				2
2025.04.30	00:30:41.900	0.93748	0.93899			6
2025.04.30	00:30:42.206	0.93762	0.93909			6
2025.04.30	00:30:42.522	0.93760	0.93880			6
2025.04.30	00:30:42.829	0.93747	0.93886			6
2025.04.30	00:30:43.305		0.93884			4
2025.04.30	00:30:43.805	0.93744	0.93881			6
2025.04.30	00:30:45.375		0.93883			4
2025.04.30	00:30:52.724	0.93743	0.93881			6
2025.04.30	00:30:53.038		0.93884			4
2025.04.30	00:31:00.027	0.93743				2
2025.04.30	00:31:26.038	0.93745	0.93883			6
2025.04.30	00:31:26.681	0.93739				2
2025.04.30	00:31:40.406	0.93745				2
2025.04.30	00:31:41.737		0.93882			4
2025.04.30	00:31:54.639	0.93746				2
2025.04.30	00:31:55.408	0.93747				2
2025.04.30	00:31:56.739	0.93750	0.93884			6
2025.04.30	00:31:57.040	0.93748				2
2025.04.30	00:31:57.520	0.93750	0.93883			6
2025.04.30	00:31:57.838	0.93749	0.93884			6
2025.04.30	00:32:00.311	0.93749				2
2025.04.30	00:32:04.353	0.93759	0.93885			6
2025.04.30	00:32:04.661	0.93745	0.93889			6
2025.04.30	00:32:22.418		0.93891			4
2025.04.30	00:32:40.220	0.93760	0.93894			6
2025.04.30	00:32:40.636	0.93775	0.93888			6
2025.04.30	00:32:41.469	0.93770	0.93892			6
2025.04.30	00:32:55.890		0.93889			4
2025.04.30	00:32:59.468	0.93775	0.93888			6
2025.04.30	00:33:01.064	0.93775				2
2025.04.30	00:33:36.327	0.93776	0.93889			6
2025.04.30	00:33:56.351	0.93774	0.93887			6
2025.04.30	00:34:00.938	0.93774				2
2025.04.30	00:34:20.360	0.93766	0.93940			6
2025.04.30	00:34:20.681	0.93776	0.93889			6
2025.04.30	00:34:21.262	0.93775	0.93888			6
2025.04.30	00:34:23.467	0.93771	0.93893			6
2025.04.30	00:34:28.354	0.93770	0.93892			6
2025.04.30	00:34:29.426	0.93775	0.93888			6
2025.04.30	00:34:31.272		0.93884			4
2025.04.30	00:34:31.724		0.93882			4
2025.04.30	00:34:33.614		0.93879			4
2025.04.30	00:34:35.286		0.93888			4
2025.04.30	00:34:37.358		0.93879			4
2025.04.30	00:34:39.342		0.93888			4
2025.04.30	00:35:00.376	0.93775				2
2025.04.30	00:35:03.279	0.93798	0.93866			6
2025.04.30	00:35:04.359	0.93775	0.93888			6
2025.04.30	00:35:20.711	0.93774	0.93887			6
2025.04.30	00:36:00.391	0.93750	0.93953			6
2025.04.30	00:36:01.207		0.93949			4
2025.04.30	00:36:03.035	0.93765	0.93922			6
2025.04.30	00:36:03.337	0.93735	0.93925			6
2025.04.30	00:36:04.534	0.93762	0.93912			6
2025.04.30	00:36:05.037	0.93761	0.93918			6
2025.04.30	00:36:05.535	0.93763	0.93909			6
2025.04.30	00:36:06.033	0.93762	0.93918			6
2025.04.30	00:36:06.536	0.93765	0.93909			6
2025.04.30	00:36:06.864		0.93922			4
2025.04.30	00:36:07.532	0.93762	0.93906			6
2025.04.30	00:36:08.035	0.93743	0.93929			6
2025.04.30	00:36:08.534	0.93763	0.93920			6
2025.04.30	00:36:56.749	0.93762	0.93956			6
2025.04.30	00:36:57.282	0.93763	0.93953			6
2025.04.30	00:36:57.786	0.93752	0.93961			6
2025.04.30	00:36:58.097	0.93748	0.93962			6
2025.04.30	00:36:59.440		0.93961			4
2025.04.30	00:37:00.367	0.93748				2
2025.04.30	00:37:04.255	0.93754	0.93935			6
2025.04.30	00:37:09.278	0.93734	0.93892			6
2025.04.30	00:37:09.616		0.93894			4
2025.04.30	00:37:09.971	0.93733	0.93900			6
2025.04.30	00:37:10.277	0.93732	0.93904			6
2025.04.30	00:37:10.579		0.93906			4
2025.04.30	00:37:11.080	0.93736	0.93894			6
2025.04.30	00:37:12.926	0.93734	0.93891			6
2025.04.30	00:37:13.428	0.93752	0.93897			6
2025.04.30	00:37:13.736	0.93754	0.93903			6
2025.04.30	00:37:21.226	0.93737	0.93881			6
2025.04.30	00:37:28.710	0.93735	0.93882			6
2025.04.30	00:37:29.016	0.93733	0.93866			6
2025.04.30	00:37:29.458		0.93871			4
2025.04.30	00:37:36.870	0.93731	0.93875			6
2025.04.30	00:37:37.439		0.93868			4
2025.04.30	00:37:44.357	0.93761	0.93905			6
2025.04.30	00:37:44.658	0.93768	0.93912			6
2025.04.30	00:37:44.976	0.93760	0.93901			6
2025.04.30	00:37:45.598	0.93759	0.93905			6
2025.04.30	00:37:46.841	0.93763	0.93904			6
2025.04.30	00:37:47.168	0.93761	0.93905			6
2025.04.30	00:37:47.492	0.93762	0.93898			6
2025.04.30	00:37:48.353		0.93896			4
2025.04.30	00:37:51.472	0.93764	0.93892			6
2025.04.30	00:37:54.939	0.93765	0.93891			6
2025.04.30	00:37:55.442		0.93887			4
2025.04.30	00:37:57.467	0.93767				2
2025.04.30	00:38:00.940	0.93767				2
2025.04.30	00:38:05.473	0.93768				2
2025.04.30	00:38:06.608	0.93767	0.93899			6
2025.04.30	00:38:14.378	0.93769	0.93898			6
2025.04.30	00:38:15.117	0.93741	0.93885			6
2025.04.30	00:38:27.647		0.93883			4
2025.04.30	00:38:34.497	0.93738	0.93881			6
2025.04.30	00:38:34.816	0.93742	0.93883			6
2025.04.30	00:38:50.138		0.93886			4
2025.04.30	00:38:51.465		0.93883			4
2025.04.30	00:39:00.358	0.93742				2
2025.04.30	00:39:03.937	0.93745	0.93889			6
2025.04.30	00:39:43.238	0.93734	0.93876			6
2025.04.30	00:39:45.429		0.93878			4
2025.04.30	00:39:46.341	0.93739	0.93883			6
2025.04.30	00:39:53.443	0.93745	0.93889			6
2025.04.30	00:39:57.383	0.93732	0.93877			6
2025.04.30	00:39:58.193		0.93875			4
2025.04.30	00:40:00.942	0.93732				2
2025.04.30	00:40:01.282	0.93744	0.93888			6
2025.04.30	00:40:02.791	0.93750	0.93894			6
2025.04.30	00:40:15.212	0.93756	0.93900			6
2025.04.30	00:40:21.057	0.93758	0.93905			6
2025.04.30	00:40:30.622	0.93754	0.93902			6
2025.04.30	00:40:31.860	0.93755	0.93901			6
2025.04.30	00:40:40.943	0.93758	0.93907			6
2025.04.30	00:40:41.244		0.93918			4
2025.04.30	00:40:41.923	0.93756	0.93925			6
2025.04.30	00:40:42.346	0.93766	0.93916			6
2025.04.30	00:40:42.938	0.93755	0.93928			6
2025.04.30	00:40:43.240	0.93766	0.93917			6
2025.04.30	00:40:57.976	0.93748	0.93929			6
2025.04.30	00:40:58.476	0.93763	0.93918			6
2025.04.30	00:41:00.345	0.93763				2
2025.04.30	00:41:05.480	0.93754	0.93925			6
2025.04.30	00:41:39.559	0.93762	0.93919			6
2025.04.30	00:41:43.434	0.93749	0.93925			6
2025.04.30	00:42:01.242	0.93749				2
2025.04.30	00:42:04.005	0.93755	0.93926			6
2025.04.30	00:42:17.450	0.93757				2
2025.04.30	00:42:17.948		0.93922			4
2025.04.30	00:42:18.280	0.93756	0.93923			6
2025.04.30	00:42:18.945		0.93925			4
2025.04.30	00:42:19.451	0.93757	0.93921			6
2025.04.30	00:42:19.762	0.93754	0.93922			6
2025.04.30	00:42:20.475	0.93749	0.93909			6
2025.04.30	00:42:20.948	0.93750	0.93907			6
2025.04.30	00:42:21.361	0.93752				2
2025.04.30	00:42:21.799	0.93753	0.93921			6
2025.04.30	00:42:22.596	0.93754	0.93914			6
2025.04.30	00:42:23.139	0.93741	0.93918			6
2025.04.30	00:42:23.462	0.93755	0.93915			6
2025.04.30	00:42:23.954	0.93763	0.93914			6
2025.04.30	00:42:24.340	0.93740	0.93918			6
2025.04.30	00:42:25.026	0.93764	0.93914			6
2025.04.30	00:42:25.336	0.93756	0.93915			6
2025.04.30	00:42:27.450	0.93760				2
2025.04.30	00:42:29.874	0.93759	0.93913			6
2025.04.30	00:42:38.352	0.93756	0.93929			6
2025.04.30	00:42:38.951	0.93766	0.93920			6
2025.04.30	00:42:55.060	0.93758	0.93932			6
2025.04.30	00:42:55.554	0.93766	0.93923			6
2025.04.30	00:42:56.155	0.93758	0.93933			6
2025.04.30	00:42:56.722	0.93766	0.93926			6
2025.04.30	00:43:00.357	0.93766				2
2025.04.30	00:43:04.172	0.93759	0.93921			6
2025.04.30	00:43:05.304	0.93761	0.93916			6
2025.04.30	00:43:06.183	0.93751	0.93914			6
2025.04.30	00:43:07.307	0.93757	0.93916			6
2025.04.30	00:43:15.074	0.93744	0.93927			6
2025.04.30	00:43:15.763		0.93925			4
2025.04.30	00:43:16.268	0.93757	0.93926			6
2025.04.30	00:43:32.643	0.93727	0.93927			6
2025.04.30	00:43:34.007	0.93754	0.93908			6
2025.04.30	00:43:35.020	0.93752				2
2025.04.30	00:43:35.522	0.93734	0.93903			6
2025.04.30	00:43:35.837	0.93727	0.93912			6
2025.04.30	00:43:43.159	0.93737	0.93898			6
2025.04.30	00:43:43.818	0.93741	0.93891			6
2025.04.30	00:43:44.277	0.93742	0.93888			6
2025.04.30	00:43:46.037	0.93756	0.93900			6
2025.04.30	00:43:46.658	0.93732	0.93946			6
2025.04.30	00:43:46.959	0.93730	0.93968			6
2025.04.30	00:43:48.897	0.93766	0.93926			6
2025.04.30	00:44:00.040	0.93766				2
2025.04.30	00:44:02.397	0.93745	0.93925			6
2025.04.30	00:44:18.440	0.93744				2
2025.04.30	00:44:21.898	0.93737	0.93927			6
2025.04.30	00:44:22.200	0.93736	0.93930			6
2025.04.30	00:44:22.528	0.93739	0.93925			6
2025.04.30	00:44:22.837	0.93736	0.93945			6
2025.04.30	00:44:23.562	0.93737	0.93933			6
2025.04.30	00:44:28.435	0.93739	0.93907			6
2025.04.30	00:44:28.786	0.93738	0.93923			6
2025.04.30	00:44:29.432	0.93737	0.93932			6
2025.04.30	00:44:29.765	0.93734	0.93942			6
2025.04.30	00:44:30.419	0.93736	0.93919			6
2025.04.30	00:44:30.732	0.93735	0.93938			6
2025.04.30	00:44:31.366	0.93738	0.93924			6
2025.04.30	00:44:31.688	0.93737	0.93940			6
2025.04.30	00:44:32.326	0.93735	0.93947			6
2025.04.30	00:44:32.637	0.93736	0.93944			6
2025.04.30	00:44:32.939		0.93926			4
2025.04.30	00:44:42.188	0.93740	0.93908			6
2025.04.30	00:44:42.817	0.93739	0.93923			6
2025.04.30	00:44:43.434	0.93738	0.93932			6
2025.04.30	00:44:43.784	0.93739	0.93915			6
2025.04.30	00:44:44.115		0.93910			4
2025.04.30	00:44:44.435	0.93738	0.93920			6
2025.04.30	00:44:44.933	0.93737	0.93931			6
2025.04.30	00:44:45.419	0.93733	0.93939			6
2025.04.30	00:44:45.934	0.93739	0.93909			6
2025.04.30	00:44:46.390		0.93913			4
2025.04.30	00:44:46.898	0.93738	0.93922			6
2025.04.30	00:44:47.392	0.93740	0.93924			6
2025.04.30	00:44:47.713	0.93731	0.93939			6
2025.04.30	00:44:48.891	0.93743	0.93907			6
2025.04.30	00:44:49.201	0.93733	0.93935			6
2025.04.30	00:44:50.268	0.93743	0.93928			6
2025.04.30	00:44:50.581	0.93748	0.93908			6
2025.04.30	00:44:50.892	0.93742	0.93928			6
2025.04.30	00:44:51.892	0.93729	0.93914			6
2025.04.30	00:44:52.197	0.93735	0.93929			6
2025.04.30	00:44:52.513	0.93728	0.93917			6
2025.04.30	00:45:02.130	0.93762	0.93904			6
2025.04.30	00:45:02.970	0.93760	0.93894			6
2025.04.30	00:45:03.348		0.93891			4
2025.04.30	00:45:04.419	0.93736	0.93920			6
2025.04.30	00:45:04.862	0.93735	0.93929			6
2025.04.30	00:45:05.355	0.93736	0.93906			6
2025.04.30	00:45:05.853	0.93735	0.93921			6
2025.04.30	00:45:06.368	0.93734	0.93930			6
2025.04.30	00:45:08.643	0.93752	0.93899			6
2025.04.30	00:45:09.203	0.93751	0.93908			6
2025.04.30	00:45:09.700	0.93745	0.93903			6
2025.04.30	00:45:10.161	0.93752	0.93915			6
2025.04.30	00:45:10.697	0.93755	0.93896			6
2025.04.30	00:45:11.160	0.93749	0.93919			6
2025.04.30	00:45:11.700	0.93766	0.93902			6
2025.04.30	00:45:14.015		0.93900			4
2025.04.30	00:45:15.164		0.93898			4
2025.04.30	00:45:19.558		0.93899			4
2025.04.30	00:45:20.817	0.93759				2
2025.04.30	00:45:21.347	0.93758	0.93902			6
2025.04.30	00:45:23.896		0.93908			4
2025.04.30	00:45:24.354	0.93745	0.93896			6
2025.04.30	00:45:24.891	0.93757	0.93910			6
2025.04.30	00:45:25.391	0.93759	0.93900			6
2025.04.30	00:45:25.726	0.93752	0.93899			6
2025.04.30	00:45:26.357	0.93758	0.93910			6
2025.04.30	00:45:26.891	0.93754	0.93887			6
2025.04.30	00:45:27.391		0.93901			4
2025.04.30	00:45:27.896	0.93759	0.93900			6
2025.04.30	00:45:28.915	0.93758	0.93904			6
2025.04.30	00:45:29.392		0.93911			4
2025.04.30	00:45:29.724	0.93763	0.93891			6
2025.04.30	00:45:30.047	0.93753	0.93890			6
2025.04.30	00:45:30.392	0.93754	0.93899			6
2025.04.30	00:45:31.415	0.93755	0.93893			6
2025.04.30	00:45:34.432		0.93894			4
2025.04.30	00:45:34.740	0.93754	0.93902			6
2025.04.30	00:45:48.282	0.93755	0.93894			6
2025.04.30	00:45:53.438	0.93754	0.93902			6
2025.04.30	00:46:00.358	0.93754				2
2025.04.30	00:46:03.919		0.93900			4
2025.04.30	00:46:30.403	0.93758				2
2025.04.30	00:46:34.540	0.93757	0.93902			6
2025.04.30	00:46:34.863	0.93758	0.93900			6
2025.04.30	00:46:35.315		0.93898			4
2025.04.30	00:46:43.339	0.93757	0.93902			6
2025.04.30	00:46:58.885		0.93900			4
2025.04.30	00:46:59.197	0.93758	0.93898			6
2025.04.30	00:47:00.238	0.93758				2
2025.04.30	00:47:02.154	0.93785	0.93882			6
2025.04.30	00:47:03.042		0.93854			4
2025.04.30	00:47:03.483		0.93855			4
2025.04.30	00:47:04.061		0.93883			4
2025.04.30	00:47:04.382	0.93758	0.93898			6
2025.04.30	00:47:06.297		0.93900			4
2025.04.30	00:47:06.920	0.93757	0.93902			6
2025.04.30	00:47:36.432	0.93758	0.93904			6
2025.04.30	00:47:36.921		0.93912			4
2025.04.30	00:47:46.502	0.93759	0.93900			6
2025.04.30	00:47:46.827	0.93758	0.93903			6
2025.04.30	00:47:47.144	0.93762				2
2025.04.30	00:47:51.448	0.93783	0.93868			6
2025.04.30	00:47:51.919		0.93867			4
2025.04.30	00:47:54.040	0.93778	0.93870			6
2025.04.30	00:47:54.368	0.93779	0.93874			6
2025.04.30	00:47:54.690	0.93756	0.93945			6
2025.04.30	00:48:00.306	0.93756				2
2025.04.30	00:48:02.168		0.93940			4
2025.04.30	00:48:23.847	0.93757	0.93938			6
2025.04.30	00:48:34.342	0.93754	0.93911			6
2025.04.30	00:48:41.780	0.93756	0.93893			6
2025.04.30	00:48:46.494	0.93752				2
2025.04.30	00:48:47.744	0.93759	0.93879			6
2025.04.30	00:49:00.639	0.93759				2
2025.04.30	00:49:38.125	0.93747	0.93880			6
2025.04.30	00:49:47.842	0.93757	0.93882			6
2025.04.30	00:49:57.610	0.93752	0.93872			6
2025.04.30	00:49:58.231	0.93748	0.93886			6
2025.04.30	00:49:58.783	0.93755	0.93867			6
2025.04.30	00:49:59.099	0.93753	0.93875			6
2025.04.30	00:49:59.421	0.93749				2
2025.04.30	00:49:59.740	0.93746	0.93879			6
2025.04.30	00:50:00.065	0.93746				2
2025.04.30	00:50:00.387	0.93750	0.93883			6
2025.04.30	00:50:00.778	0.93738	0.93895			6
2025.04.30	00:50:01.444	0.93742	0.93868			6
2025.04.30	00:50:01.951	0.93741	0.93876			6
2025.04.30	00:50:02.317	0.93737	0.93889			6
2025.04.30	00:50:02.952	0.93751	0.93885			6
2025.04.30	00:50:03.282	0.93752	0.93884			6
2025.04.30	00:50:03.595		0.93889			4
2025.04.30	00:50:20.074	0.93745	0.93898			6
2025.04.30	00:50:20.570	0.93758	0.93879			6
2025.04.30	00:50:30.166	0.93753	0.93861			6
2025.04.30	00:50:30.552	0.93751	0.93873			6
2025.04.30	00:50:30.875	0.93745	0.93880			6
2025.04.30	00:50:31.529	0.93757	0.93877			6
2025.04.30	00:50:31.865	0.93759	0.93874			6
2025.04.30	00:50:40.288	0.93744	0.93888			6
2025.04.30	00:50:40.650	0.93754	0.93879			6
2025.04.30	00:50:42.272	0.93757	0.93865			6
2025.04.30	00:50:42.602	0.93748	0.93875			6
2025.04.30	00:50:58.332	0.93746	0.93884			6
2025.04.30	00:50:58.814	0.93753	0.93877			6
2025.04.30	00:51:00.341	0.93753	0.93861			6
2025.04.30	00:51:00.957	0.93752	0.93880			6
2025.04.30	00:51:01.419	0.93753	0.93877			6
2025.04.30	00:51:02.607		0.93881			4
2025.04.30	00:51:03.106	0.93729	0.93891			6
2025.04.30	00:51:03.613	0.93754	0.93868			6
2025.04.30	00:51:04.107	0.93747	0.93882			6
2025.04.30	00:51:04.607	0.93754	0.93867			6
2025.04.30	00:51:05.107	0.93752	0.93886			6
2025.04.30	00:51:05.817	0.93753	0.93877			6
2025.04.30	00:51:10.302	0.93734	0.93875			6
2025.04.30	00:51:10.914	0.93747	0.93866			6
2025.04.30	00:51:11.417	0.93725	0.93871			6
2025.04.30	00:51:11.915	0.93747	0.93875			6
2025.04.30	00:51:12.421		0.93870			4
2025.04.30	00:51:14.062		0.93875			4
2025.04.30	00:51:14.563	0.93746	0.93886			6
2025.04.30	00:51:15.065		0.93881			4
2025.04.30	00:51:15.419	0.93745	0.93888			6
2025.04.30	00:51:15.957	0.93751	0.93870			6
2025.04.30	00:51:16.485	0.93750	0.93877			6
2025.04.30	00:51:24.146	0.93727	0.93879			6
2025.04.30	00:51:29.649	0.93733				2
2025.04.30	00:51:31.111	0.93747	0.93881			6
2025.04.30	00:51:31.716	0.93751	0.93883			6
2025.04.30	00:51:34.049	0.93763	0.93876			6
2025.04.30	00:51:34.784	0.93752				2
2025.04.30	00:51:35.146	0.93727	0.93873			6
2025.04.30	00:51:35.782	0.93750	0.93871			6
2025.04.30	00:51:41.659	0.93748	0.93887			6
2025.04.30	00:51:42.043	0.93753	0.93864			6
2025.04.30	00:51:42.471	0.93752	0.93870			6
2025.04.30	00:51:42.817		0.93874			4
2025.04.30	00:51:50.938	0.93743	0.93875			6
2025.04.30	00:51:51.239	0.93726	0.93877			6
2025.04.30	00:51:51.859	0.93703	0.93879			6
2025.04.30	00:51:55.859		0.93877			4
2025.04.30	00:51:56.179	0.93742	0.93874			6
2025.04.30	00:51:56.659	0.93733	0.93869			6
2025.04.30	00:51:56.967	0.93726	0.93871			6
2025.04.30	00:51:57.277	0.93706	0.93872			6
2025.04.30	00:52:00.259	0.93706				2
2025.04.30	00:52:05.440	0.93727	0.93871			6
2025.04.30	00:52:06.038	0.93732	0.93878			6
2025.04.30	00:52:07.946	0.93750	0.93883			6
2025.04.30	00:52:11.137	0.93763	0.93881			6
2025.04.30	00:52:11.894	0.93735	0.93883			6
2025.04.30	00:52:12.212	0.93732				2
2025.04.30	00:52:12.517	0.93738	0.93871			6
2025.04.30	00:52:13.139	0.93763	0.93881			6
2025.04.30	00:52:13.442	0.93744	0.93877			6
2025.04.30	00:52:15.917	0.93750	0.93876			6
2025.04.30	00:52:21.462	0.93746	0.93878			6
2025.04.30	00:52:22.077	0.93750	0.93876			6
2025.04.30	00:52:23.618	0.93749				2
2025.04.30	00:52:26.083	0.93750	0.93874			6
2025.04.30	00:52:29.499	0.93748				2
2025.04.30	00:52:35.359	0.93746	0.93864			6
2025.04.30	00:52:35.669	0.93748	0.93862			6
2025.04.30	00:52:36.094	0.93746	0.93864			6
2025.04.30	00:52:37.302		0.93857			4
2025.04.30	00:52:41.722		0.93859			4
2025.04.30	00:52:46.459		0.93861			4
2025.04.30	00:52:56.626		0.93872			4
2025.04.30	00:52:57.127	0.93748	0.93883			6
2025.04.30	00:52:57.430	0.93751	0.93876			6
2025.04.30	00:52:58.978	0.93746	0.93889			6
2025.04.30	00:52:59.627	0.93754	0.93869			6
2025.04.30	00:53:00.129	0.93746	0.93884			6
2025.04.30	00:53:00.627	0.93754	0.93862			6
2025.04.30	00:53:01.127	0.93746	0.93877			6
2025.04.30	00:53:01.631	0.93754	0.93867			6
2025.04.30	00:53:02.128	0.93749	0.93881			6
2025.04.30	00:53:02.630	0.93763	0.93877			6
2025.04.30	00:53:03.127	0.93749	0.93881			6
2025.04.30	00:53:03.628	0.93763	0.93877			6
2025.04.30	00:53:03.937	0.93750	0.93881			6
2025.04.30	00:53:04.627	0.93753	0.93878			6
2025.04.30	00:53:06.478	0.93746	0.93879			6
2025.04.30	00:53:07.098	0.93753	0.93877			6
2025.04.30	00:53:08.021	0.93746	0.93879			6
2025.04.30	00:53:08.338	0.93751	0.93877			6
2025.04.30	00:53:08.640	0.93753				2
2025.04.30	00:53:08.959	0.93746	0.93879			6
2025.04.30	00:53:09.577	0.93753	0.93876			6
2025.04.30	00:53:09.878	0.93746	0.93879			6
2025.04.30	00:53:10.497	0.93753	0.93877			6
2025.04.30	00:53:11.419	0.93763				2
2025.04.30	00:53:18.198	0.93753				2
2025.04.30	00:53:21.600	0.93752				2
2025.04.30	00:53:22.840	0.93749	0.93886			6
2025.04.30	00:53:23.158	0.93752	0.93877			6
2025.04.30	00:53:23.795	0.93751	0.93882			6
2025.04.30	00:53:24.297	0.93747	0.93879			6
2025.04.30	00:53:24.598	0.93763				2
2025.04.30	00:53:32.001	0.93752	0.93880			6
2025.04.30	00:53:32.354	0.93751	0.93887			6
2025.04.30	00:53:32.973	0.93752	0.93879			6
2025.04.30	00:53:34.797	0.93747	0.93880			6
2025.04.30	00:53:41.663	0.93763				2
2025.04.30	00:53:41.977	0.93746	0.93890			6
2025.04.30	00:53:42.351		0.93867			4
2025.04.30	00:53:42.905		0.93879			4
2025.04.30	00:53:43.461		0.93886			4
2025.04.30	00:53:43.963		0.93866			4
2025.04.30	00:53:44.461		0.93887			4
2025.04.30	00:53:44.962	0.93753	0.93881			6
2025.04.30	00:53:52.003	0.93763				2
2025.04.30	00:54:00.434	0.93752	0.93884			6
2025.04.30	00:54:00.936		0.93887			4
2025.04.30	00:54:01.434	0.93754	0.93866			6
2025.04.30	00:54:01.843	0.93749	0.93880			6
2025.04.30	00:54:02.656	0.93753				2
2025.04.30	00:54:03.434	0.93752	0.93886			6
2025.04.30	00:54:03.935	0.93753	0.93879			6
2025.04.30	00:54:04.432	0.93752	0.93886			6
2025.04.30	00:54:04.832	0.93748	0.93881			6
2025.04.30	00:54:05.432	0.93746	0.93887			6
2025.04.30	00:54:05.934	0.93748	0.93881			6
2025.04.30	00:54:06.432	0.93746	0.93887			6
2025.04.30	00:54:06.937	0.93748	0.93881			6
2025.04.30	00:54:07.435	0.93746	0.93887			6
2025.04.30	00:54:07.932	0.93749	0.93881			6
2025.04.30	00:54:08.433	0.93746	0.93887			6
2025.04.30	00:54:08.935	0.93749	0.93881			6
2025.04.30	00:54:09.434	0.93746	0.93887			6
2025.04.30	00:54:09.942	0.93749	0.93881			6
2025.04.30	00:54:10.434	0.93746	0.93887			6
2025.04.30	00:54:10.934	0.93749	0.93881			6
2025.04.30	00:54:11.434	0.93746	0.93887			6
2025.04.30	00:54:11.932	0.93749	0.93881			6
2025.04.30	00:54:12.434	0.93746	0.93887			6
2025.04.30	00:54:12.932		0.93883			4
2025.04.30	00:54:13.432		0.93885			4
2025.04.30	00:54:13.933		0.93887			4
2025.04.30	00:54:14.435	0.93750	0.93886			6
2025.04.30	00:54:34.936	0.93736	0.93887			6
2025.04.30	00:54:35.440	0.93749	0.93886			6
2025.04.30	00:54:35.936	0.93736	0.93887			6
2025.04.30	00:54:36.437	0.93749	0.93886			6
2025.04.30	00:54:36.934	0.93736	0.93887			6
2025.04.30	00:54:37.439	0.93749	0.93886			6
2025.04.30	00:54:37.869	0.93736	0.93887			6
2025.04.30	00:54:38.352	0.93749	0.93886			6
2025.04.30	00:54:38.935	0.93736	0.93887			6
2025.04.30	00:54:39.441	0.93749	0.93886			6
2025.04.30	00:54:39.941	0.93736	0.93887			6
2025.04.30	00:54:40.436	0.93749	0.93886			6
2025.04.30	00:54:40.934	0.93736	0.93887			6
2025.04.30	00:54:41.434	0.93749	0.93886			6
2025.04.30	00:54:41.937	0.93736	0.93887			6
2025.04.30	00:54:42.441	0.93749	0.93886			6
2025.04.30	00:54:42.936	0.93736	0.93887			6
2025.04.30	00:54:43.439	0.93749	0.93886			6
2025.04.30	00:54:43.935	0.93736	0.93887			6
2025.04.30	00:54:44.433	0.93751	0.93886			6
2025.04.30	00:55:00.436	0.93763	0.93891			6
2025.04.30	00:55:04.738		0.93892			4
2025.04.30	00:55:14.401		0.93891			4
2025.04.30	00:55:21.246	0.93747	0.93914			6
2025.04.30	00:55:21.546	0.93745	0.93919			6
2025.04.30	00:55:22.260	0.93760	0.93943			6
2025.04.30	00:55:22.573	0.93758	0.93953			6
2025.04.30	00:55:24.647	0.93759	0.93950			6
2025.04.30	00:55:28.375		0.93939			4
2025.04.30	00:55:31.487	0.93762	0.93908			6
2025.04.30	00:55:33.757		0.93906			4
2025.04.30	00:55:43.031		0.93910			4
2025.04.30	00:55:46.892	0.93763	0.93964			6
2025.04.30	00:55:52.295		0.93951			4
2025.04.30	00:56:01.909	0.93763				2
2025.04.30	00:56:02.903	0.93759	0.93933			6
2025.04.30	00:56:03.219	0.93763	0.93962			6
2025.04.30	00:56:04.225		0.93946			4
2025.04.30	00:56:12.905		0.93922			4
2025.04.30	00:56:35.705		0.93924			4
2025.04.30	00:56:37.869		0.93926			4
2025.04.30	00:56:41.526		0.93930			4
2025.04.30	00:56:45.846		0.93911			4
2025.04.30	00:56:49.738		0.93906			4
2025.04.30	00:56:57.647		0.93903			4
2025.04.30	00:57:00.361	0.93763				2
2025.04.30	00:57:32.374		0.93894			4
2025.04.30	00:57:34.349		0.93895			4
2025.04.30	00:57:45.457		0.93887			4
2025.04.30	00:57:53.405	0.93757				2
2025.04.30	00:58:00.231	0.93757				2
2025.04.30	00:58:13.444		0.93895			4
2025.04.30	00:58:22.137	0.93740				2
2025.04.30	00:59:00.290	0.93740				2
2025.04.30	00:59:15.344		0.93895			4
2025.04.30	00:59:20.352	0.93758				2
2025.04.30	00:59:20.818	0.93740				2
2025.04.30	00:59:22.250	0.93757	0.93886			6
2025.04.30	00:59:36.618	0.93745	0.93937			6
2025.04.30	01:00:00.309	0.93746	0.93936			6
2025.04.30	01:00:00.642		0.93944			4
2025.04.30	01:00:01.111		0.93924			4
2025.04.30	01:00:01.466		0.93906			4
2025.04.30	01:00:01.886		0.93900			4
2025.04.30	01:00:02.212		0.93895			4
2025.04.30	01:00:02.518	0.93756	0.93906			6
2025.04.30	01:00:02.866	0.93749	0.93914			6
2025.04.30	01:00:03.171	0.93761	0.93896			6
2025.04.30	01:00:03.522	0.93763	0.93894			6
2025.04.30	01:00:03.848	0.93777	0.93878			6
2025.04.30	01:00:04.176		0.93879			4
2025.04.30	01:00:04.487		0.93882			4
2025.04.30	01:00:04.916		0.93881			4
2025.04.30	01:00:05.236		0.93880			4
2025.04.30	01:00:05.540		0.93876			4
2025.04.30	01:00:05.933		0.93881			4
2025.04.30	01:00:06.336		0.93877			4
2025.04.30	01:00:06.775		0.93884			4
2025.04.30	01:00:07.126	0.93773	0.93873			6
2025.04.30	01:00:07.448	0.93771	0.93874			6
2025.04.30	01:00:07.824	0.93770	0.93880			6
2025.04.30	01:00:08.380	0.93761	0.93874			6
2025.04.30	01:00:08.710	0.93773	0.93879			6
2025.04.30	01:00:09.130		0.93872			4
2025.04.30	01:00:09.446	0.93744	0.93928			6
2025.04.30	01:00:11.131	0.93773	0.93861			6
2025.04.30	01:00:11.440		0.93860			4
2025.04.30	01:00:11.748		0.93862			4
2025.04.30	01:00:12.226		0.93867			4
2025.04.30	01:00:12.642		0.93870			4
2025.04.30	01:00:13.035		0.93872			4
2025.04.30	01:00:13.479		0.93873			4
2025.04.30	01:00:13.993		0.93870			4
2025.04.30	01:00:15.122		0.93867			4
2025.04.30	01:00:15.681		0.93868			4
2025.04.30	01:00:16.114	0.93747				2
2025.04.30	01:00:16.431		0.93869			4
2025.04.30	01:00:16.778	0.93754	0.93867			6
2025.04.30	01:00:17.459	0.93759	0.93862			6
2025.04.30	01:00:17.784	0.93761	0.93859			6
2025.04.30	01:00:18.557	0.93766	0.93861			6
2025.04.30	01:00:19.285	0.93762	0.93864			6
2025.04.30	01:00:20.096	0.93764	0.93862			6
2025.04.30	01:00:20.574	0.93751	0.93861			6
2025.04.30	01:00:20.877	0.93761	0.93835			6
2025.04.30	01:00:42.200	0.93771	0.93836			6
2025.04.30	01:00:50.670	0.93775				2
2025.04.30	01:00:53.214	0.93771				2
2025.04.30	01:00:59.440	0.93765	0.93839			6
2025.04.30	01:01:00.310	0.93765				2
2025.04.30	01:01:02.117	0.93773				2
2025.04.30	01:01:17.697	0.93777				2
2025.04.30	01:01:20.877	0.93784				2
2025.04.30	01:01:21.280	0.93785				2
2025.04.30	01:01:21.976	0.93784				2
2025.04.30	01:01:40.282	0.93779				2
2025.04.30	01:01:43.349	0.93769				2
2025.04.30	01:01:44.353	0.93786				2
2025.04.30	01:01:47.303	0.93783	0.93852			6
2025.04.30	01:01:47.737		0.93851			4
2025.04.30	01:01:49.238	0.93778	0.93846			6
2025.04.30	01:01:49.657		0.93835			4
2025.04.30	01:01:50.319	0.93766				2
2025.04.30	01:01:53.261	0.93783	0.93848			6
2025.04.30	01:01:54.384		0.93847			4
2025.04.30	01:01:57.039		0.93846			4
2025.04.30	01:01:58.844		0.93845			4
2025.04.30	01:01:59.295		0.93846			4
2025.04.30	01:01:59.739	0.93782	0.93843			6
2025.04.30	01:02:00.078	0.93780				2
2025.04.30	01:02:00.399		0.93840			4
2025.04.30	01:02:00.938		0.93836			4
2025.04.30	01:02:01.270		0.93835			4
2025.04.30	01:02:02.352		0.93834			4
2025.04.30	01:02:02.897		0.93832			4
2025.04.30	01:02:03.265	0.93768				2
2025.04.30	01:02:05.740		0.93831			4
2025.04.30	01:02:08.475		0.93832			4
2025.04.30	01:02:11.008	0.93778	0.93835			6
2025.04.30	01:02:16.396	0.93768				2
2025.04.30	01:02:17.741		0.93834			4
2025.04.30	01:02:23.140		0.93837			4
2025.04.30	01:02:24.640		0.93836			4
2025.04.30	01:02:28.839	0.93776	0.93839			6
2025.04.30	01:02:29.955		0.93838			4
2025.04.30	01:02:33.639		0.93836			4
2025.04.30	01:02:33.946		0.93837			4
2025.04.30	01:02:34.896		0.93836			4
2025.04.30	01:02:35.509		0.93826			4
2025.04.30	01:02:38.264	0.93781	0.93830			6
2025.04.30	01:02:39.245	0.93776				2
2025.04.30	01:02:40.239		0.93829			4
2025.04.30	01:02:44.442		0.93830			4
2025.04.30	01:02:45.620		0.93834			4
2025.04.30	01:02:49.398	0.93778				2
2025.04.30	01:02:49.840		0.93832			4
2025.04.30	01:02:50.742	0.93791	0.93838			6
2025.04.30	01:02:54.007		0.93835			4
2025.04.30	01:02:55.248		0.93833			4
2025.04.30	01:02:56.246	0.93784	0.93830			6
2025.04.30	01:02:57.757	0.93777				2
2025.04.30	01:02:58.239		0.93827			4
2025.04.30	01:02:59.109		0.93826			4
2025.04.30	01:03:00.344	0.93777				2
2025.04.30	01:03:01.556		0.93825			4
2025.04.30	01:03:02.420		0.93819			4
2025.04.30	01:03:10.368		0.93818			4
2025.04.30	01:03:24.589		0.93805			4
2025.04.30	01:03:25.137		0.93816			4
2025.04.30	01:03:32.438		0.93815			4
2025.04.30	01:03:34.250	0.93765	0.93808			6
2025.04.30	01:03:34.576		0.93806			4
2025.04.30	01:03:34.905		0.93805			4
2025.04.30	01:03:35.377		0.93810			4
2025.04.30	01:03:36.076		0.93805			4
2025.04.30	01:03:37.839		0.93804			4
2025.04.30	01:03:54.740		0.93809			4
2025.04.30	01:03:55.242		0.93807			4
2025.04.30	01:03:55.641		0.93812			4
2025.04.30	01:03:56.751		0.93814			4
2025.04.30	01:03:57.091	0.93772				2
2025.04.30	01:03:57.942	0.93766	0.93818			6
2025.04.30	01:03:58.402	0.93765	0.93817			6
2025.04.30	01:03:59.272	0.93766	0.93815			6
2025.04.30	01:03:59.740		0.93813			4
2025.04.30	01:04:00.943	0.93766				2
2025.04.30	01:04:15.728	0.93765	0.93806			6
2025.04.30	01:04:23.438		0.93805			4
2025.04.30	01:04:28.425	0.93763	0.93799			6
2025.04.30	01:04:31.239	0.93757				2
2025.04.30	01:04:32.732	0.93762	0.93801			6
2025.04.30	01:04:38.701		0.93804			4
2025.04.30	01:04:39.026		0.93801			4
2025.04.30	01:04:42.340		0.93800			4
2025.04.30	01:04:52.494		0.93805			4
2025.04.30	01:04:52.798		0.93809			4
2025.04.30	01:05:00.219	0.93762	0.93810			6
2025.04.30	01:05:03.896		0.93809			4
2025.04.30	01:05:11.094	0.93764	0.93811			6
2025.04.30	01:05:15.759	0.93772	0.93815			6
2025.04.30	01:05:17.658	0.93773	0.93818			6
2025.04.30	01:05:20.255	0.93778	0.93822			6
2025.04.30	01:05:21.038		0.93818			4
2025.04.30	01:05:21.940	0.93791				2
2025.04.30	01:05:22.801		0.93822			4
2025.04.30	01:05:23.140		0.93826			4
2025.04.30	01:05:24.722		0.93827			4
2025.04.30	01:05:25.090		0.93825			4
2025.04.30	01:05:26.838		0.93826			4
2025.04.30	01:05:27.405		0.93825			4
2025.04.30	01:05:31.067	0.93778	0.93818			6
2025.04.30	01:05:31.378		0.93819			4
2025.04.30	01:05:33.121	0.93790				2
2025.04.30	01:05:33.886		0.93826			4
2025.04.30	01:05:40.219		0.93827			4
2025.04.30	01:05:56.021		0.93824			4
2025.04.30	01:06:01.041	0.93778	0.93813			6
2025.04.30	01:06:10.056		0.93814			4
2025.04.30	01:06:19.839		0.93817			4
2025.04.30	01:06:23.440		0.93815			4
2025.04.30	01:06:44.039	0.93793				2
2025.04.30	01:06:54.288		0.93816			4
2025.04.30	01:06:54.638		0.93819			4
2025.04.30	01:07:00.701	0.93793	0.93810			6
2025.04.30	01:07:10.238		0.93809			4
2025.04.30	01:07:15.210		0.93810			4
2025.04.30	01:07:21.942	0.93778				2
2025.04.30	01:07:22.357		0.93809			4
2025.04.30	01:07:25.309	0.93788	0.93812			6
2025.04.30	01:07:25.838		0.93810			4
2025.04.30	01:07:56.873		0.93816			4
2025.04.30	01:07:57.340		0.93819			4
2025.04.30	01:07:57.776	0.93796				2
2025.04.30	01:08:00.338	0.93796				2
2025.04.30	01:08:06.501	0.93798	0.93828			6
2025.04.30	01:08:07.840		0.93827			4
2025.04.30	01:08:10.940		0.93829			4
2025.04.30	01:08:14.971	0.93801				2
2025.04.30	01:08:17.793	0.93807	0.93812			6
2025.04.30	01:08:18.707	0.93813	0.93818			6
2025.04.30	01:08:20.228	0.93803	0.93835			6
2025.04.30	01:08:23.810		0.93829			4
2025.04.30	01:08:35.145		0.93830			4
2025.04.30	01:08:38.796		0.93832			4
2025.04.30	01:08:39.344		0.93831			4
2025.04.30	01:08:40.873		0.93822			4
2025.04.30	01:08:41.355		0.93830			4
2025.04.30	01:08:42.309		0.93822			4
2025.04.30	01:08:42.957		0.93832			4
2025.04.30	01:08:43.259		0.93830			4
2025.04.30	01:08:44.270		0.93832			4
2025.04.30	01:09:00.640	0.93803				2
2025.04.30	01:09:01.316		0.93830			4
2025.04.30	01:09:01.844		0.93828			4
2025.04.30	01:09:17.238		0.93833			4
2025.04.30	01:09:17.556		0.93830			4
2025.04.30	01:09:18.358	0.93794	0.93819			6
2025.04.30	01:09:19.375		0.93814			4
2025.04.30	01:09:20.716		0.93817			4
2025.04.30	01:09:21.056		0.93819			4
2025.04.30	01:09:43.056	0.93796	0.93820			6
2025.04.30	01:09:43.467		0.93818			4
2025.04.30	01:09:49.844		0.93817			4
2025.04.30	01:09:50.155		0.93816			4
2025.04.30	01:10:01.838	0.93796				2
2025.04.30	01:10:17.835		0.93817			4
2025.04.30	01:10:18.637		0.93819			4
2025.04.30	01:10:22.540		0.93816			4
2025.04.30	01:10:24.359		0.93819			4
2025.04.30	01:10:26.117		0.93823			4
2025.04.30	01:10:27.645		0.93822			4
2025.04.30	01:10:28.232		0.93820			4
2025.04.30	01:10:28.841		0.93818			4
2025.04.30	01:10:34.357		0.93811			4
2025.04.30	01:10:36.353		0.93817			4
2025.04.30	01:10:37.603		0.93818			4
2025.04.30	01:10:46.242		0.93813			4
2025.04.30	01:10:46.559		0.93814			4
2025.04.30	01:10:47.848	0.93793				2
2025.04.30	01:10:50.366		0.93813			4
2025.04.30	01:11:00.359	0.93793	0.93810			6
2025.04.30	01:11:08.360		0.93812			4
2025.04.30	01:11:10.358		0.93810			4
2025.04.30	01:11:17.847		0.93811			4
2025.04.30	01:11:18.388		0.93809			4
2025.04.30	01:11:49.336		0.93811			4
2025.04.30	01:11:58.387	0.93784	0.93799			6
2025.04.30	01:11:59.476		0.93797			4
2025.04.30	01:12:00.368	0.93784	0.93806			6
2025.04.30	01:12:00.671		0.93803			4
2025.04.30	01:12:01.411		0.93804			4
2025.04.30	01:12:10.363		0.93800			4
2025.04.30	01:12:17.374		0.93802			4
2025.04.30	01:12:18.310		0.93803			4
2025.04.30	01:12:20.440		0.93807			4
2025.04.30	01:12:24.460		0.93808			4
2025.04.30	01:12:35.387		0.93804			4
2025.04.30	01:12:41.212		0.93803			4
2025.04.30	01:12:42.640		0.93804			4
2025.04.30	01:12:43.840		0.93803			4
2025.04.30	01:12:47.220	0.93781	0.93801			6
2025.04.30	01:12:47.640		0.93802			4
2025.04.30	01:12:48.357	0.93775				2
2025.04.30	01:12:50.750	0.93772				2
2025.04.30	01:12:51.258		0.93801			4
2025.04.30	01:12:52.541	0.93769				2
2025.04.30	01:12:52.997		0.93800			4
2025.04.30	01:12:53.383	0.93773				2
2025.04.30	01:12:54.077	0.93792	0.93812			6
2025.04.30	01:12:54.380	0.93782	0.93811			6
2025.04.30	01:12:54.833	0.93785				2
2025.04.30	01:12:55.399	0.93787				2
2025.04.30	01:12:56.072	0.93789				2
2025.04.30	01:12:56.449	0.93794	0.93813			6
2025.04.30	01:12:56.909		0.93811			4
2025.04.30	01:12:57.814		0.93813			4
2025.04.30	01:12:58.287		0.93814			4
2025.04.30	01:13:01.239	0.93794	0.93816			6
2025.04.30	01:13:03.947		0.93815			4
2025.04.30	01:13:09.632		0.93811			4
2025.04.30	01:13:09.942		0.93812			4
2025.04.30	01:13:13.840		0.93816			4
2025.04.30	01:13:14.177		0.93812			4
2025.04.30	01:13:18.087		0.93821			4
2025.04.30	01:13:18.397		0.93818			4
2025.04.30	01:13:20.437		0.93819			4
2025.04.30	01:13:27.338		0.93820			4
2025.04.30	01:13:31.541		0.93818			4
2025.04.30	01:13:35.139		0.93819			4
2025.04.30	01:13:36.039		0.93818			4
2025.04.30	01:13:37.957		0.93820			4
2025.04.30	01:13:43.136	0.93801	0.93818			6
2025.04.30	01:13:45.639		0.93819			4
2025.04.30	01:13:50.139	0.93802	0.93824			6
2025.04.30	01:13:50.748		0.93825			4
2025.04.30	01:13:51.605		0.93824			4
2025.04.30	01:13:54.609	0.93801				2
2025.04.30	01:13:57.717	0.93794	0.93818			6
2025.04.30	01:13:58.239		0.93819			4
2025.04.30	01:13:59.758		0.93818			4
2025.04.30	01:14:00.648	0.93794	0.93819			6
2025.04.30	01:14:03.340	0.93801	0.93822			6
2025.04.30	01:14:13.341		0.93823			4
2025.04.30	01:14:13.841		0.93825			4
2025.04.30	01:14:14.889		0.93824			4
2025.04.30	01:14:16.356		0.93823			4
2025.04.30	01:14:18.040		0.93820			4
2025.04.30	01:14:18.352		0.93818			4
2025.04.30	01:14:20.013		0.93823			4
2025.04.30	01:14:22.242		0.93822			4
2025.04.30	01:14:23.631		0.93821			4
2025.04.30	01:14:24.678		0.93820			4
2025.04.30	01:14:26.584		0.93822			4
2025.04.30	01:14:27.172		0.93820			4
2025.04.30	01:14:27.482		0.93825			4
2025.04.30	01:14:27.938		0.93824			4
2025.04.30	01:14:28.840		0.93825			4
2025.04.30	01:14:29.550		0.93823			4
2025.04.30	01:14:33.871		0.93820			4
2025.04.30	01:14:34.241		0.93821			4
2025.04.30	01:14:38.356		0.93819			4
2025.04.30	01:14:39.941		0.93816			4
2025.04.30	01:14:42.352		0.93814			4
2025.04.30	01:14:46.069		0.93815			4
2025.04.30	01:14:51.403		0.93816			4
2025.04.30	01:14:52.757		0.93817			4
2025.04.30	01:14:58.496	0.93796				2
2025.04.30	01:15:00.375	0.93803	0.93834			6
2025.04.30	01:15:00.987		0.93835			4
2025.04.30	01:15:01.341	0.93808	0.93833			6
2025.04.30	01:15:01.737		0.93837			4
2025.04.30	01:15:02.038	0.93809	0.93843			6
2025.04.30	01:15:02.358		0.93842			4
2025.04.30	01:15:02.686		0.93841			4
2025.04.30	01:15:03.318	0.93801	0.93832			6
2025.04.30	01:15:03.718		0.93836			4
2025.04.30	01:15:04.032		0.93833			4
2025.04.30	01:15:04.338	0.93797	0.93814			6
2025.04.30	01:15:04.873	0.93792	0.93808			6
2025.04.30	01:15:05.175	0.93790	0.93809			6
2025.04.30	01:15:05.484		0.93803			4
2025.04.30	01:15:11.739	0.93785	0.93801			6
2025.04.30	01:15:13.405	0.93794	0.93808			6
2025.04.30	01:15:13.823	0.93795				2
2025.04.30	01:15:14.591	0.93788	0.93801			6
2025.04.30	01:15:18.758	0.93786				2
2025.04.30	01:15:23.657	0.93784	0.93800			6
2025.04.30	01:15:30.598		0.93808			4
2025.04.30	01:15:40.476		0.93807			4
2025.04.30	01:15:41.957		0.93808			4
2025.04.30	01:15:42.283		0.93807			4
2025.04.30	01:15:50.539	0.93778				2
2025.04.30	01:15:51.597	0.93783	0.93811			6
2025.04.30	01:15:51.928	0.93784				2
2025.04.30	01:15:52.239	0.93783				2
2025.04.30	01:15:53.681		0.93809			4
2025.04.30	01:15:56.285	0.93786	0.93811			6
2025.04.30	01:15:56.600		0.93809			4
2025.04.30	01:15:58.329		0.93810			4
2025.04.30	01:16:00.290	0.93789	0.93814			6
2025.04.30	01:16:01.202		0.93812			4
2025.04.30	01:16:03.033	0.93790				2
2025.04.30	01:16:03.471	0.93792				2
2025.04.30	01:16:08.906	0.93790	0.93813			6
2025.04.30	01:16:12.204	0.93786	0.93809			6
2025.04.30	01:16:15.119	0.93789	0.93812			6
2025.04.30	01:16:32.203		0.93817			4
2025.04.30	01:16:37.769	0.93792	0.93819			6
2025.04.30	01:16:40.890	0.93793				2
2025.04.30	01:16:42.894	0.93788	0.93812			6
2025.04.30	01:16:43.219	0.93787	0.93815			6
2025.04.30	01:16:43.535	0.93788				2
2025.04.30	01:16:44.049	0.93787	0.93816			6
2025.04.30	01:16:44.352		0.93817			4
2025.04.30	01:16:45.019	0.93788				2
2025.04.30	01:16:45.475	0.93787	0.93816			6
2025.04.30	01:16:46.658		0.93817			4
2025.04.30	01:16:47.619		0.93812			4
2025.04.30	01:16:48.656		0.93817			4
2025.04.30	01:16:49.468		0.93816			4
2025.04.30	01:16:50.720	0.93788				2
2025.04.30	01:16:51.095	0.93787				2
2025.04.30	01:16:51.433	0.93788	0.93817			6
2025.04.30	01:16:51.735	0.93787	0.93813			6
2025.04.30	01:16:52.751	0.93788	0.93817			6
2025.04.30	01:16:53.497	0.93787	0.93816			6
2025.04.30	01:16:54.781	0.93788				2
2025.04.30	01:16:55.541	0.93787				2
2025.04.30	01:16:56.685	0.93789				2
2025.04.30	01:16:57.051	0.93788				2
2025.04.30	01:16:57.828	0.93787				2
2025.04.30	01:16:58.844	0.93789				2
2025.04.30	01:16:59.226	0.93788				2
2025.04.30	01:16:59.859	0.93789	0.93813			6
2025.04.30	01:17:00.187	0.93789	0.93817			6
2025.04.30	01:17:00.491	0.93787	0.93813			6
2025.04.30	01:17:01.028	0.93789				2
2025.04.30	01:17:01.958	0.93785	0.93810			6
2025.04.30	01:17:03.299		0.93807			4
2025.04.30	01:17:03.693	0.93783				2
2025.04.30	01:17:04.395	0.93782				2
2025.04.30	01:17:04.696	0.93783				2
2025.04.30	01:17:05.000	0.93784				2
2025.04.30	01:17:05.780	0.93785				2
2025.04.30	01:17:06.822	0.93779	0.93804			6
2025.04.30	01:17:07.137	0.93782				2
2025.04.30	01:17:09.254	0.93779				2
2025.04.30	01:17:09.585	0.93782	0.93807			6
2025.04.30	01:17:10.688	0.93780				2
2025.04.30	01:17:11.140		0.93805			4
2025.04.30	01:17:11.762	0.93781				2
2025.04.30	01:17:12.703	0.93780				2
2025.04.30	01:17:13.401	0.93781				2
2025.04.30	01:17:13.717	0.93780				2
2025.04.30	01:17:14.138	0.93779				2
2025.04.30	01:17:14.487	0.93780				2
2025.04.30	01:17:15.623		0.93804			4
2025.04.30	01:17:17.304	0.93781				2
2025.04.30	01:17:17.787	0.93779				2
2025.04.30	01:17:18.117	0.93782				2
2025.04.30	01:17:18.446	0.93780				2
2025.04.30	01:17:18.810	0.93781				2
2025.04.30	01:17:20.233	0.93782	0.93807			6
2025.04.30	01:17:22.239	0.93783				2
2025.04.30	01:17:24.037	0.93782				2
2025.04.30	01:17:24.340	0.93783				2
2025.04.30	01:17:24.683	0.93782				2
2025.04.30	01:17:25.131	0.93784				2
2025.04.30	01:17:25.467	0.93783				2
2025.04.30	01:17:27.819	0.93782				2
2025.04.30	01:17:28.539	0.93783				2
2025.04.30	01:17:29.649	0.93781				2
2025.04.30	01:17:30.002	0.93783				2
2025.04.30	01:17:31.777	0.93781				2
2025.04.30	01:17:32.080	0.93783				2
2025.04.30	01:17:32.821	0.93782				2
2025.04.30	01:17:33.137	0.93783				2
2025.04.30	01:17:33.489	0.93782				2
2025.04.30	01:17:34.179	0.93783				2
2025.04.30	01:17:35.677	0.93784				2
2025.04.30	01:17:36.845	0.93783				2
2025.04.30	01:17:37.234	0.93784				2
2025.04.30	01:17:38.784	0.93783				2
2025.04.30	01:17:40.858	0.93784				2
2025.04.30	01:17:42.218	0.93783				2
2025.04.30	01:17:42.571	0.93784				2
2025.04.30	01:17:42.930	0.93783				2
2025.04.30	01:17:43.584	0.93784				2
2025.04.30	01:17:43.966	0.93782				2
2025.04.30	01:17:44.316	0.93784				2
2025.04.30	01:17:45.646	0.93783				2
2025.04.30	01:17:46.327	0.93784				2
2025.04.30	01:17:49.530	0.93785				2
2025.04.30	01:17:49.922	0.93784				2
2025.04.30	01:17:51.230	0.93783				2
2025.04.30	01:17:51.586	0.93784				2
2025.04.30	01:17:52.239	0.93782				2
2025.04.30	01:17:52.556	0.93783				2
2025.04.30	01:17:53.197	0.93785				2
2025.04.30	01:17:54.170	0.93784				2
2025.04.30	01:17:54.751	0.93786				2
2025.04.30	01:17:55.146	0.93784				2
2025.04.30	01:17:55.844	0.93785				2
2025.04.30	01:17:57.907	0.93784				2
2025.04.30	01:17:58.610	0.93785				2
2025.04.30	01:17:59.226	0.93783				2
2025.04.30	01:18:00.152	0.93782				2
2025.04.30	01:18:00.528	0.93784				2
2025.04.30	01:18:02.234	0.93783				2
2025.04.30	01:18:02.537	0.93784				2
2025.04.30	01:18:02.886	0.93782	0.93806			6
2025.04.30	01:18:03.286	0.93783				2
2025.04.30	01:18:03.628	0.93782	0.93804			6
2025.04.30	01:18:05.952	0.93781				2
2025.04.30	01:18:06.298	0.93782				2
2025.04.30	01:18:08.845	0.93780	0.93802			6
2025.04.30	01:18:09.377	0.93779				2
2025.04.30	01:18:09.738	0.93780				2
2025.04.30	01:18:14.064		0.93801			4
2025.04.30	01:18:15.851		0.93800			4
2025.04.30	01:18:16.620	0.93779	0.93801			6
2025.04.30	01:18:17.913	0.93780				2
2025.04.30	01:18:18.258	0.93778				2
2025.04.30	01:18:18.588	0.93779				2
2025.04.30	01:18:26.276	0.93782	0.93805			6
2025.04.30	01:18:27.360	0.93781	0.93806			6
2025.04.30	01:18:27.710		0.93804			4
2025.04.30	01:18:28.617	0.93786	0.93811			6
2025.04.30	01:18:28.921	0.93792	0.93816			6
2025.04.30	01:18:29.293	0.93795	0.93817			6
2025.04.30	01:18:31.517	0.93793				2
2025.04.30	01:18:36.078	0.93792				2
2025.04.30	01:18:37.089		0.93818			4
2025.04.30	01:18:37.461	0.93795	0.93817			6
2025.04.30	01:18:37.777	0.93796				2
2025.04.30	01:18:38.103	0.93795				2
2025.04.30	01:18:38.881	0.93792	0.93815			6
2025.04.30	01:18:39.188	0.93791	0.93813			6
2025.04.30	01:18:39.586		0.93814			4
2025.04.30	01:18:40.286	0.93792				2
2025.04.30	01:18:40.794	0.93791	0.93813			6
2025.04.30	01:18:55.393	0.93790				2
2025.04.30	01:18:55.701	0.93791				2
2025.04.30	01:19:00.376	0.93791				2
2025.04.30	01:19:02.513	0.93792				2
2025.04.30	01:19:03.373		0.93811			4
2025.04.30	01:19:03.746		0.93814			4
2025.04.30	01:19:04.392		0.93813			4
2025.04.30	01:19:06.149		0.93812			4
2025.04.30	01:19:06.818		0.93811			4
2025.04.30	01:19:08.058	0.93793	0.93813			6
2025.04.30	01:19:11.177		0.93815			4
2025.04.30	01:19:11.484	0.93788	0.93811			6
2025.04.30	01:19:12.846	0.93792	0.93814			6
2025.04.30	01:19:13.160	0.93793	0.93816			6
2025.04.30	01:19:13.527		0.93818			4
2025.04.30	01:19:14.483	0.93794	0.93814			6
2025.04.30	01:19:14.798	0.93793				2
2025.04.30	01:19:15.623	0.93788	0.93811			6
2025.04.30	01:19:16.711	0.93790	0.93812			6
2025.04.30	01:19:17.030	0.93789	0.93813			6
2025.04.30	01:19:22.793		0.93814			4
2025.04.30	01:19:23.175	0.93791	0.93812			6
2025.04.30	01:19:23.945	0.93792				2
2025.04.30	01:19:24.335	0.93791				2
2025.04.30	01:19:25.723	0.93789				2
2025.04.30	01:19:26.359	0.93795				2
2025.04.30	01:19:27.829	0.93792				2
2025.04.30	01:19:32.282	0.93790				2
2025.04.30	01:19:35.364	0.93788				2
2025.04.30	01:19:39.417	0.93786	0.93810			6
2025.04.30	01:19:39.717		0.93809			4
2025.04.30	01:19:40.036	0.93787				2
2025.04.30	01:19:40.526	0.93784				2
2025.04.30	01:19:42.476	0.93787				2
2025.04.30	01:19:44.180	0.93788	0.93808			6
2025.04.30	01:19:51.371	0.93787	0.93809			6
2025.04.30	01:19:52.947	0.93788				2
2025.04.30	01:19:54.058	0.93792	0.93810			6
2025.04.30	01:19:55.892	0.93788	0.93809			6
2025.04.30	01:19:57.043	0.93789	0.93808			6
2025.04.30	01:19:58.091	0.93794	0.93814			6
2025.04.30	01:19:58.949	0.93792	0.93813			6
2025.04.30	01:20:00.144	0.93792	0.93814			6
2025.04.30	01:20:00.650		0.93812			4
2025.04.30	01:20:01.191		0.93814			4
2025.04.30	01:20:01.494	0.93794	0.93812			6
2025.04.30	01:20:01.829		0.93813			4
2025.04.30	01:20:02.446	0.93788				2
2025.04.30	01:20:03.775	0.93789				2
2025.04.30	01:20:04.842	0.93788				2
2025.04.30	01:20:05.433	0.93787	0.93812			6
2025.04.30	01:20:05.740	0.93789	0.93813			6
2025.04.30	01:20:06.637	0.93788	0.93814			6
2025.04.30	01:20:06.952	0.93789	0.93813			6
2025.04.30	01:20:07.538		0.93812			4
2025.04.30	01:20:07.843	0.93788	0.93813			6
2025.04.30	01:20:09.641	0.93789	0.93812			6
2025.04.30	01:20:09.959		0.93813			4
2025.04.30	01:20:10.690	0.93790	0.93812			6
2025.04.30	01:20:11.003	0.93789	0.93813			6
2025.04.30	01:20:12.258	0.93788				2
2025.04.30	01:20:13.467	0.93789				2
2025.04.30	01:20:16.747	0.93788	0.93814			6
2025.04.30	01:20:18.606	0.93789	0.93813			6
2025.04.30	01:20:22.279		0.93810			4
2025.04.30	01:20:23.546	0.93788				2
2025.04.30	01:20:23.951	0.93794				2
2025.04.30	01:20:26.020	0.93788	0.93813			6
2025.04.30	01:20:26.764	0.93794				2
2025.04.30	01:20:30.398	0.93791				2
2025.04.30	01:20:31.317	0.93787	0.93811			6
2025.04.30	01:20:31.619	0.93788				2
2025.04.30	01:20:33.566	0.93787				2
2025.04.30	01:20:35.729		0.93812			4
2025.04.30	01:20:37.686	0.93786	0.93811			6
2025.04.30	01:20:38.742		0.93812			4
2025.04.30	01:20:41.910	0.93787	0.93810			6
2025.04.30	01:20:42.219	0.93789	0.93812			6
2025.04.30	01:20:43.276	0.93787				2
2025.04.30	01:20:43.646	0.93789				2
2025.04.30	01:20:44.411		0.93811			4
2025.04.30	01:20:44.720	0.93788	0.93812			6
2025.04.30	01:20:45.041	0.93791				2
2025.04.30	01:20:46.255	0.93789				2
2025.04.30	01:20:46.767	0.93788	0.93811			6
2025.04.30	01:20:47.942		0.93810			4
2025.04.30	01:20:48.260	0.93787				2
2025.04.30	01:20:49.586	0.93786				2
2025.04.30	01:20:49.899	0.93784	0.93809			6
2025.04.30	01:20:51.023	0.93789	0.93812			6
2025.04.30	01:20:54.458	0.93790				2
2025.04.30	01:20:54.760		0.93813			4
2025.04.30	01:20:55.123		0.93814			4
2025.04.30	01:20:55.569	0.93789	0.93812			6
2025.04.30	01:20:55.900	0.93793				2
2025.04.30	01:20:58.698		0.93811			4
2025.04.30	01:20:59.087		0.93812			4
2025.04.30	01:21:00.646	0.93793	0.93811			6
2025.04.30	01:21:01.724		0.93812			4
2025.04.30	01:21:02.068	0.93789	0.93810			6
2025.04.30	01:21:03.335	0.93791				2
2025.04.30	01:21:04.538	0.93790				2
2025.04.30	01:21:05.615	0.93789				2
2025.04.30	01:21:06.438	0.93791	0.93811			6
2025.04.30	01:21:06.783	0.93788				2
2025.04.30	01:21:07.100	0.93787	0.93810			6
2025.04.30	01:21:09.162		0.93811			4
2025.04.30	01:21:10.541		0.93810			4
2025.04.30	01:21:15.549	0.93786	0.93809			6
2025.04.30	01:21:16.587	0.93793	0.93813			6
2025.04.30	01:21:16.891	0.93790	0.93809			6
2025.04.30	01:21:17.985	0.93791				2
2025.04.30	01:21:18.939	0.93790				2
2025.04.30	01:21:21.038		0.93811			4
2025.04.30	01:21:21.927		0.93808			4
2025.04.30	01:21:23.138	0.93788				2
2025.04.30	01:21:23.486	0.93789				2
2025.04.30	01:21:26.291		0.93811			4
2025.04.30	01:21:27.455	0.93790				2
2025.04.30	01:21:28.885	0.93789				2
2025.04.30	01:21:30.352	0.93787	0.93810			6
2025.04.30	01:21:30.887	0.93790				2
2025.04.30	01:21:31.839	0.93791				2
2025.04.30	01:21:34.954	0.93789				2
2025.04.30	01:21:35.497	0.93791				2
2025.04.30	01:21:57.553		0.93811			4
2025.04.30	01:22:00.337	0.93791				2
2025.04.30	01:22:07.522	0.93792				2
2025.04.30	01:22:15.337	0.93791				2
2025.04.30	01:22:17.879	0.93792				2
2025.04.30	01:22:18.697		0.93810			4
2025.04.30	01:22:20.138	0.93791	0.93811			6
2025.04.30	01:22:23.061	0.93792	0.93810			6
2025.04.30	01:22:27.640	0.93791				2
2025.04.30	01:22:30.313	0.93792				2
2025.04.30	01:22:31.529	0.93789				2
2025.04.30	01:22:33.812	0.93790	0.93811			6
2025.04.30	01:22:34.975	0.93791				2
2025.04.30	01:22:38.000	0.93790	0.93808			6
2025.04.30	01:22:40.126		0.93809			4
2025.04.30	01:22:41.142	0.93791	0.93810			6
2025.04.30	01:22:42.358	0.93795	0.93812			6
2025.04.30	01:22:42.695		0.93814			4
2025.04.30	01:22:44.050	0.93796				2
2025.04.30	01:22:46.649	0.93795				2
2025.04.30	01:22:47.711	0.93796	0.93816			6
2025.04.30	01:22:49.216	0.93800	0.93818			6
2025.04.30	01:22:49.552	0.93799				2
2025.04.30	01:22:52.977	0.93803	0.93822			6
2025.04.30	01:22:53.657	0.93802	0.93821			6
2025.04.30	01:22:55.562		0.93819			4
2025.04.30	01:22:56.686	0.93800	0.93817			6
2025.04.30	01:22:57.898	0.93799				2
2025.04.30	01:23:00.358	0.93799				2
2025.04.30	01:23:18.948	0.93800	0.93819			6
2025.04.30	01:23:19.538	0.93798	0.93817			6
2025.04.30	01:23:20.844	0.93802	0.93820			6
2025.04.30	01:23:25.237	0.93801	0.93819			6
2025.04.30	01:23:26.543		0.93820			4
2025.04.30	01:23:27.376		0.93819			4
2025.04.30	01:23:27.716		0.93820			4
2025.04.30	01:23:29.630		0.93819			4
2025.04.30	01:23:47.931		0.93820			4
2025.04.30	01:23:48.280		0.93819			4
2025.04.30	01:23:48.959		0.93820			4
2025.04.30	01:23:49.315	0.93798	0.93815			6
2025.04.30	01:23:50.350	0.93802	0.93818			6
2025.04.30	01:23:50.997	0.93799	0.93817			6
2025.04.30	01:23:51.428		0.93818			4
2025.04.30	01:23:53.739		0.93817			4
2025.04.30	01:23:54.645		0.93818			4
2025.04.30	01:23:55.238		0.93817			4
2025.04.30	01:23:58.112	0.93797	0.93815			6
2025.04.30	01:23:58.414	0.93799				2
2025.04.30	01:23:58.763	0.93797				2
2025.04.30	01:24:00.409	0.93797				2
2025.04.30	01:24:00.775		0.93814			4
2025.04.30	01:24:01.521	0.93802	0.93815			6
2025.04.30	01:24:03.199		0.93816			4
2025.04.30	01:24:06.342		0.93820			4
2025.04.30	01:24:09.186		0.93819			4
2025.04.30	01:24:09.520		0.93820			4
2025.04.30	01:24:10.687		0.93819			4
2025.04.30	01:24:11.261		0.93820			4
2025.04.30	01:24:12.076	0.93801	0.93819			6
2025.04.30	01:24:12.450		0.93818			4
2025.04.30	01:24:12.850		0.93819			4
2025.04.30	01:24:13.168	0.93802				2
2025.04.30	01:24:16.059	0.93803				2
2025.04.30	01:24:16.365		0.93820			4
2025.04.30	01:24:17.833		0.93819			4
2025.04.30	01:24:18.140		0.93820			4
2025.04.30	01:24:18.956		0.93819			4
2025.04.30	01:24:20.523	0.93804				2
2025.04.30	01:24:28.545	0.93807	0.93822			6
2025.04.30	01:24:30.338		0.93823			4
2025.04.30	01:24:31.840		0.93822			4
2025.04.30	01:24:32.151	0.93806	0.93821			6
2025.04.30	01:24:34.334		0.93822			4
2025.04.30	01:24:36.353	0.93804	0.93821			6
2025.04.30	01:24:41.603	0.93810	0.93822			6
2025.04.30	01:24:42.380	0.93809	0.93823			6
2025.04.30	01:24:42.716	0.93806				2
2025.04.30	01:24:43.801		0.93822			4
2025.04.30	01:24:44.830		0.93823			4
2025.04.30	01:24:45.803	0.93802	0.93821			6
2025.04.30	01:24:46.129	0.93809	0.93825			6
2025.04.30	01:24:46.457	0.93808				2
2025.04.30	01:24:48.537	0.93807				2
2025.04.30	01:24:48.939	0.93808				2
2025.04.30	01:24:51.330	0.93813	0.93827			6
2025.04.30	01:24:51.646	0.93811	0.93829			6
2025.04.30	01:24:51.960	0.93812	0.93828			6
2025.04.30	01:24:56.355	0.93811				2
2025.04.30	01:25:00.547	0.93811				2
2025.04.30	01:25:07.325	0.93810	0.93827			6
2025.04.30	01:25:08.771		0.93828			4
2025.04.30	01:25:11.440	0.93811				2
2025.04.30	01:25:15.051	0.93810				2
2025.04.30	01:25:20.272	0.93811				2
2025.04.30	01:25:21.658	0.93810				2
2025.04.30	01:25:31.219	0.93809	0.93827			6
2025.04.30	01:25:35.138	0.93810				2
2025.04.30	01:25:37.545		0.93825			4
2025.04.30	01:25:38.956	0.93806	0.93822			6
2025.04.30	01:25:39.309	0.93807				2
2025.04.30	01:25:53.428	0.93806				2
2025.04.30	01:25:53.739	0.93807				2
2025.04.30	01:25:57.852	0.93808				2
2025.04.30	01:25:59.366	0.93806	0.93823			6
2025.04.30	01:26:00.538	0.93806				2
2025.04.30	01:26:22.874	0.93809	0.93827			6
2025.04.30	01:26:23.192	0.93810				2
2025.04.30	01:26:24.338	0.93809				2
2025.04.30	01:26:26.935		0.93826			4
2025.04.30	01:26:30.683		0.93827			4
2025.04.30	01:26:34.749	0.93810				2
2025.04.30	01:26:37.730		0.93825			4
2025.04.30	01:26:38.137	0.93809	0.93827			6
2025.04.30	01:26:38.753	0.93811	0.93826			6
2025.04.30	01:26:41.440	0.93808				2
2025.04.30	01:26:52.728		0.93827			4
2025.04.30	01:26:53.337		0.93826			4
2025.04.30	01:26:55.196		0.93827			4
2025.04.30	01:27:00.111	0.93808				2
2025.04.30	01:27:02.738		0.93826			4
2025.04.30	01:27:03.157		0.93827			4
2025.04.30	01:27:04.556		0.93826			4
2025.04.30	01:27:05.187		0.93827			4
2025.04.30	01:27:05.688		0.93826			4
2025.04.30	01:27:06.201		0.93827			4
2025.04.30	01:27:06.941		0.93826			4
2025.04.30	01:27:12.687	0.93809				2
2025.04.30	01:27:15.637		0.93825			4
2025.04.30	01:27:15.939		0.93826			4
2025.04.30	01:27:21.022		0.93825			4
2025.04.30	01:27:22.109		0.93824			4
2025.04.30	01:27:23.144	0.93807				2
2025.04.30	01:27:24.299	0.93811	0.93828			6
2025.04.30	01:27:24.939		0.93827			4
2025.04.30	01:27:27.928	0.93808	0.93826			6
2025.04.30	01:27:30.030	0.93811	0.93827			6
2025.04.30	01:27:31.372		0.93826			4
2025.04.30	01:27:32.747		0.93824			4
2025.04.30	01:27:35.204	0.93808	0.93822			6
2025.04.30	01:27:47.708	0.93803	0.93821			6
2025.04.30	01:27:51.349		0.93820			4
2025.04.30	01:27:51.672	0.93806				2
2025.04.30	01:27:52.008	0.93804				2
2025.04.30	01:27:56.877	0.93807	0.93821			6
2025.04.30	01:27:57.337		0.93822			4
2025.04.30	01:27:59.741		0.93824			4
2025.04.30	01:28:00.106	0.93807				2
2025.04.30	01:28:03.026		0.93825			4
2025.04.30	01:28:09.156		0.93823			4
2025.04.30	01:28:14.120		0.93822			4
2025.04.30	01:28:14.667	0.93803	0.93820			6
2025.04.30	01:28:15.144	0.93802				2
2025.04.30	01:28:15.638	0.93803	0.93821			6
2025.04.30	01:28:15.966		0.93822			4
2025.04.30	01:28:16.310		0.93821			4
2025.04.30	01:28:16.630	0.93806	0.93824			6
2025.04.30	01:28:18.833		0.93823			4
2025.04.30	01:28:21.939		0.93824			4
2025.04.30	01:28:22.723		0.93823			4
2025.04.30	01:28:23.031	0.93812	0.93828			6
2025.04.30	01:28:24.036		0.93827			4
2025.04.30	01:28:26.437	0.93810	0.93826			6
2025.04.30	01:28:26.770		0.93827			4
2025.04.30	01:28:27.341	0.93812				2
2025.04.30	01:28:54.949	0.93815	0.93832			6
2025.04.30	01:28:55.278	0.93814	0.93833			6
2025.04.30	01:28:55.586	0.93815	0.93831			6
2025.04.30	01:29:00.269	0.93815				2
2025.04.30	01:29:01.674	0.93813	0.93829			6
2025.04.30	01:29:02.799		0.93830			4
2025.04.30	01:29:03.319	0.93812	0.93828			6
2025.04.30	01:29:06.356	0.93813	0.93831			6
2025.04.30	01:29:13.867	0.93817	0.93833			6
2025.04.30	01:29:20.746		0.93832			4
2025.04.30	01:29:24.844	0.93816				2
2025.04.30	01:29:26.557	0.93815				2
2025.04.30	01:29:33.944		0.93831			4
2025.04.30	01:29:40.744	0.93814	0.93830			6
2025.04.30	01:29:42.037	0.93813				2
2025.04.30	01:29:43.500	0.93814				2
2025.04.30	01:29:59.910		0.93831			4
2025.04.30	01:30:00.307	0.93814				2
2025.04.30	01:30:00.857	0.93813	0.93828			6
2025.04.30	01:30:01.665	0.93814	0.93829			6
2025.04.30	01:30:02.079	0.93818	0.93825			6
2025.04.30	01:30:03.022	0.93817	0.93824			6
2025.04.30	01:30:03.322	0.93819	0.93827			6
2025.04.30	01:30:03.629	0.93817	0.93825			6
2025.04.30	01:30:04.538	0.93813	0.93829			6
2025.04.30	01:30:06.801	0.93812	0.93828			6
2025.04.30	01:30:08.696		0.93827			4
2025.04.30	01:30:11.929	0.93811				2
2025.04.30	01:30:17.440	0.93812				2
2025.04.30	01:30:24.344		0.93828			4
2025.04.30	01:30:25.541	0.93811	0.93827			6
2025.04.30	01:30:25.905	0.93810	0.93826			6
2025.04.30	01:30:27.040		0.93825			4
2025.04.30	01:30:27.886	0.93812	0.93827			6
2025.04.30	01:30:29.452	0.93809	0.93824			6
2025.04.30	01:30:30.661	0.93808				2
2025.04.30	01:30:31.537		0.93823			4
2025.04.30	01:30:37.538	0.93812	0.93827			6
2025.04.30	01:30:37.892		0.93828			4
2025.04.30	01:30:38.213		0.93827			4
2025.04.30	01:30:41.922	0.93811				2
2025.04.30	01:30:44.126	0.93812				2
2025.04.30	01:30:45.641	0.93811				2
2025.04.30	01:30:47.740	0.93810	0.93826			6
2025.04.30	01:30:57.742	0.93809				2
2025.04.30	01:31:01.838	0.93809				2
2025.04.30	01:31:04.447	0.93808	0.93824			6
2025.04.30	01:31:05.317	0.93810	0.93826			6
2025.04.30	01:31:05.864	0.93809	0.93825			6
2025.04.30	01:31:11.439		0.93826			4
2025.04.30	01:31:12.466		0.93825			4
2025.04.30	01:31:17.633	0.93810	0.93826			6
2025.04.30	01:31:18.042		0.93825			4
2025.04.30	01:31:18.691		0.93826			4
2025.04.30	01:31:24.428	0.93808	0.93824			6
2025.04.30	01:31:25.473	0.93809	0.93825			6
2025.04.30	01:31:35.300	0.93808	0.93824			6
2025.04.30	01:31:37.036	0.93809	0.93825			6
2025.04.30	01:31:38.035	0.93810	0.93826			6
2025.04.30	01:31:38.424	0.93808	0.93824			6
2025.04.30	01:31:39.587	0.93807				2
2025.04.30	01:31:41.445	0.93808				2
2025.04.30	01:31:43.239	0.93809				2
2025.04.30	01:31:45.040	0.93808				2
2025.04.30	01:31:46.240	0.93809				2
2025.04.30	01:31:55.390	0.93808				2
2025.04.30	01:31:56.132		0.93823			4
2025.04.30	01:31:56.490	0.93807				2
2025.04.30	01:31:58.415	0.93808	0.93824			6
2025.04.30	01:31:59.142		0.93823			4
2025.04.30	01:32:00.112	0.93808				2
2025.04.30	01:32:00.525		0.93824			4
2025.04.30	01:32:01.092		0.93825			4
2025.04.30	01:32:03.600		0.93824			4
2025.04.30	01:32:04.695		0.93823			4
2025.04.30	01:32:05.571	0.93810	0.93826			6
2025.04.30	01:32:06.980		0.93825			4
2025.04.30	01:32:08.445		0.93826			4
2025.04.30	01:32:14.375	0.93811				2
2025.04.30	01:32:15.642		0.93827			4
2025.04.30	01:32:22.539	0.93810	0.93826			6
2025.04.30	01:32:24.744		0.93825			4
2025.04.30	01:32:26.876	0.93812	0.93826			6
2025.04.30	01:32:27.340		0.93827			4
2025.04.30	01:32:37.749	0.93809	0.93824			6
2025.04.30	01:32:38.106	0.93808				2
2025.04.30	01:32:49.665	0.93810				2
2025.04.30	01:33:00.208	0.93810				2
2025.04.30	01:33:02.192		0.93823			4
2025.04.30	01:33:06.044	0.93806				2
2025.04.30	01:33:07.118	0.93807				2
2025.04.30	01:33:08.589	0.93806	0.93822			6
2025.04.30	01:33:09.672	0.93807				2
2025.04.30	01:33:12.270	0.93806	0.93821			6
2025.04.30	01:33:12.685	0.93805	0.93819			6
2025.04.30	01:33:12.987	0.93804				2
2025.04.30	01:33:14.951	0.93803	0.93818			6
2025.04.30	01:33:22.091	0.93804	0.93819			6
2025.04.30	01:33:25.235		0.93814			4
2025.04.30	01:33:26.730	0.93803				2
2025.04.30	01:33:28.925	0.93802	0.93813			6
2025.04.30	01:33:29.329		0.93812			4
2025.04.30	01:33:37.167	0.93801	0.93810			6
2025.04.30	01:33:38.654		0.93816			4
2025.04.30	01:33:46.604		0.93815			4
2025.04.30	01:33:46.956		0.93816			4
2025.04.30	01:33:57.173		0.93815			4
2025.04.30	01:33:57.523	0.93799	0.93814			6
2025.04.30	01:34:00.462	0.93799				2
2025.04.30	01:34:06.045	0.93801				2
2025.04.30	01:34:13.121	0.93806	0.93820			6
2025.04.30	01:34:13.838	0.93809	0.93821			6
2025.04.30	01:34:14.198		0.93822			4
2025.04.30	01:34:15.969	0.93808	0.93820			6
2025.04.30	01:34:27.792	0.93807				2
2025.04.30	01:34:33.553	0.93806				2
2025.04.30	01:34:34.379	0.93807				2
2025.04.30	01:34:42.638	0.93804	0.93819			6
2025.04.30	01:34:42.972		0.93818			4
2025.04.30	01:34:56.155	0.93807	0.93820			6
2025.04.30	01:34:58.176	0.93806				2
2025.04.30	01:34:58.483		0.93819			4
2025.04.30	01:34:59.993	0.93807	0.93821			6
2025.04.30	01:35:00.643	0.93806	0.93820			6
2025.04.30	01:35:01.842		0.93821			4
2025.04.30	01:35:03.346		0.93820			4
2025.04.30	01:35:03.874	0.93807				2
2025.04.30	01:35:04.977		0.93821			4
2025.04.30	01:35:18.469	0.93806	0.93820			6
2025.04.30	01:35:21.569	0.93807	0.93821			6
2025.04.30	01:35:22.155		0.93819			4
2025.04.30	01:35:23.000		0.93820			4
2025.04.30	01:35:24.039		0.93819			4
2025.04.30	01:35:24.944		0.93820			4
2025.04.30	01:35:26.744		0.93819			4
2025.04.30	01:35:32.171	0.93806				2
2025.04.30	01:35:37.030	0.93808	0.93822			6
2025.04.30	01:35:37.347	0.93807	0.93821			6
2025.04.30	01:35:38.013	0.93808				2
2025.04.30	01:35:41.307		0.93822			4
2025.04.30	01:35:45.154	0.93806				2
2025.04.30	01:35:53.176		0.93823			4
2025.04.30	01:35:55.541		0.93822			4
2025.04.30	01:35:58.968	0.93807	0.93821			6
2025.04.30	01:35:59.286	0.93806				2
2025.04.30	01:36:00.639	0.93806	0.93820			6
2025.04.30	01:36:01.346	0.93810	0.93823			6
2025.04.30	01:36:03.037		0.93824			4
2025.04.30	01:36:04.384	0.93811				2
2025.04.30	01:36:18.757	0.93808				2
2025.04.30	01:36:19.237		0.93823			4
2025.04.30	01:36:21.902	0.93807	0.93822			6
2025.04.30	01:36:22.240		0.93821			4
2025.04.30	01:36:29.139	0.93808				2
2025.04.30	01:36:39.635	0.93806	0.93818			6
2025.04.30	01:36:43.199	0.93807				2
2025.04.30	01:36:43.761	0.93806				2
2025.04.30	01:36:49.160	0.93805				2
2025.04.30	01:36:56.787	0.93806				2
2025.04.30	01:37:00.342	0.93806				2
2025.04.30	01:37:01.153	0.93808	0.93820			6
2025.04.30	01:37:01.981		0.93819			4
2025.04.30	01:37:02.842		0.93821			4
2025.04.30	01:37:15.721		0.93822			4
2025.04.30	01:37:19.571	0.93810				2
2025.04.30	01:37:20.338	0.93809				2
2025.04.30	01:37:22.239	0.93810				2
2025.04.30	01:37:29.896	0.93809				2
2025.04.30	01:37:30.992	0.93810				2
2025.04.30	01:37:34.657	0.93811	0.93823			6
2025.04.30	01:37:34.967		0.93821			4
2025.04.30	01:37:35.276		0.93823			4
2025.04.30	01:37:51.643		0.93824			4
2025.04.30	01:38:00.574	0.93811				2
2025.04.30	01:38:07.216	0.93810				2
2025.04.30	01:38:08.544	0.93809				2
2025.04.30	01:38:09.040	0.93810	0.93823			6
2025.04.30	01:38:09.641		0.93824			4
2025.04.30	01:38:14.407	0.93811				2
2025.04.30	01:38:29.000	0.93814	0.93827			6
2025.04.30	01:38:29.729	0.93813	0.93826			6
2025.04.30	01:38:30.040		0.93825			4
2025.04.30	01:38:31.350		0.93826			4
2025.04.30	01:38:33.194	0.93814				2
2025.04.30	01:38:33.594	0.93812	0.93825			6
2025.04.30	01:38:33.909		0.93824			4
2025.04.30	01:38:42.683	0.93813	0.93826			6
2025.04.30	01:38:43.080		0.93825			4
2025.04.30	01:38:43.996	0.93812	0.93824			6
2025.04.30	01:38:51.434	0.93813	0.93826			6
2025.04.30	01:39:01.105	0.93813				2
2025.04.30	01:39:07.874	0.93815				2
2025.04.30	01:39:08.441		0.93827			4
2025.04.30	01:39:11.385	0.93814	0.93826			6
2025.04.30	01:39:13.939	0.93816	0.93827			6
2025.04.30	01:39:18.639		0.93826			4
2025.04.30	01:39:20.438		0.93827			4
2025.04.30	01:39:31.501	0.93814				2
2025.04.30	01:39:39.390	0.93815				2
2025.04.30	01:39:51.589	0.93814				2
2025.04.30	01:39:52.238		0.93826			4
2025.04.30	01:39:54.133		0.93825			4
2025.04.30	01:40:03.076	0.93814				2
2025.04.30	01:40:06.481	0.93811				2
2025.04.30	01:40:13.073	0.93813				2
2025.04.30	01:40:16.338	0.93812	0.93824			6
2025.04.30	01:40:16.655		0.93823			4
2025.04.30	01:40:17.360	0.93811				2
2025.04.30	01:40:25.872	0.93805	0.93816			6
2025.04.30	01:40:27.329	0.93807	0.93818			6
2025.04.30	01:40:28.315	0.93806	0.93820			6
2025.04.30	01:40:28.997	0.93808	0.93822			6
2025.04.30	01:40:31.238	0.93807	0.93821			6
2025.04.30	01:40:33.351	0.93808				2
2025.04.30	01:40:36.000		0.93822			4
2025.04.30	01:40:47.582		0.93821			4
2025.04.30	01:40:48.611	0.93807				2
2025.04.30	01:40:49.000		0.93818			4
2025.04.30	01:40:49.573		0.93817			4
2025.04.30	01:40:51.339		0.93818			4
2025.04.30	01:40:54.621	0.93810	0.93821			6
2025.04.30	01:40:55.006	0.93809	0.93820			6
2025.04.30	01:40:55.539	0.93810	0.93821			6
2025.04.30	01:40:55.906		0.93822			4
2025.04.30	01:41:00.446	0.93812				2
2025.04.30	01:41:13.829		0.93823			4
2025.04.30	01:41:18.006	0.93813	0.93824			6
2025.04.30	01:41:30.242	0.93812	0.93822			6
2025.04.30	01:41:33.864	0.93810				2
2025.04.30	01:41:38.739		0.93821			4
2025.04.30	01:41:42.002	0.93809				2
2025.04.30	01:41:42.332	0.93808				2
2025.04.30	01:41:42.823		0.93820			4
2025.04.30	01:41:45.048		0.93821			4
2025.04.30	01:41:46.248	0.93809				2
2025.04.30	01:41:51.348	0.93810				2
2025.04.30	01:41:54.233		0.93822			4
2025.04.30	01:41:57.787	0.93816	0.93828			6
2025.04.30	01:42:00.014	0.93813	0.93825			6
2025.04.30	01:42:00.330	0.93812				2
2025.04.30	01:42:01.947	0.93816	0.93828			6
2025.04.30	01:42:12.805		0.93829			4
2025.04.30	01:42:13.545		0.93828			4
2025.04.30	01:42:18.470	0.93814	0.93827			6
2025.04.30	01:42:29.476	0.93813	0.93825			6
2025.04.30	01:42:30.037		0.93824			4
2025.04.30	01:42:30.719		0.93825			4
2025.04.30	01:42:31.733		0.93824			4
2025.04.30	01:42:36.708	0.93811	0.93823			6
2025.04.30	01:42:38.380		0.93824			4
2025.04.30	01:42:42.797	0.93813	0.93825			6
2025.04.30	01:42:43.687		0.93826			4
2025.04.30	01:42:45.103	0.93814	0.93825			6
2025.04.30	01:42:45.639		0.93826			4
2025.04.30	01:42:52.427	0.93817	0.93828			6
2025.04.30	01:42:52.803		0.93829			4
2025.04.30	01:43:01.990	0.93817				2
2025.04.30	01:43:03.043		0.93828			4
2025.04.30	01:43:05.160		0.93829			4
2025.04.30	01:43:05.634		0.93828			4
2025.04.30	01:43:06.042	0.93822	0.93834			6
2025.04.30	01:43:08.458	0.93823				2
2025.04.30	01:43:09.564	0.93824	0.93835			6
2025.04.30	01:43:12.642	0.93826	0.93839			6
2025.04.30	01:43:14.738	0.93828	0.93840			6
2025.04.30	01:43:15.345		0.93841			4
2025.04.30	01:43:18.195	0.93834	0.93846			6
2025.04.30	01:43:18.498	0.93835	0.93847			6
2025.04.30	01:43:20.500	0.93834				2
2025.04.30	01:43:21.040	0.93836	0.93848			6
2025.04.30	01:43:24.354	0.93829	0.93841			6
2025.04.30	01:43:24.670	0.93830	0.93844			6
2025.04.30	01:43:25.454		0.93842			4
2025.04.30	01:43:28.193	0.93829				2
2025.04.30	01:43:28.538		0.93840			4
2025.04.30	01:43:28.981	0.93828				2
2025.04.30	01:43:30.579	0.93824	0.93837			6
2025.04.30	01:43:31.741		0.93836			4
2025.04.30	01:43:33.058	0.93823				2
2025.04.30	01:43:34.839		0.93835			4
2025.04.30	01:43:39.616	0.93822	0.93834			6
2025.04.30	01:43:42.131	0.93821	0.93835			6
2025.04.30	01:43:42.672		0.93833			4
2025.04.30	01:43:46.550	0.93822				2
2025.04.30	01:43:47.320	0.93823	0.93835			6
2025.04.30	01:43:48.162	0.93822	0.93833			6
2025.04.30	01:43:50.417	0.93818	0.93831			6
2025.04.30	01:43:55.068	0.93822	0.93833			6
2025.04.30	01:43:56.668	0.93823	0.93834			6
2025.04.30	01:43:58.237		0.93836			4
2025.04.30	01:43:59.787		0.93834			4
2025.04.30	01:44:03.472	0.93823				2
2025.04.30	01:44:04.031	0.93824	0.93836			6
2025.04.30	01:44:04.653	0.93821	0.93834			6
2025.04.30	01:44:05.004	0.93826	0.93837			6
2025.04.30	01:44:07.137	0.93825				2
2025.04.30	01:44:07.910	0.93823	0.93833			6
2025.04.30	01:44:10.356		0.93829			4
2025.04.30	01:44:13.559		0.93834			4
2025.04.30	01:44:20.357	0.93829	0.93840			6
2025.04.30	01:44:20.665		0.93839			4
2025.04.30	01:44:22.353	0.93827				2
2025.04.30	01:44:22.656		0.93838			4
2025.04.30	01:44:24.040		0.93839			4
2025.04.30	01:44:24.356		0.93838			4
2025.04.30	01:44:25.113	0.93825				2
2025.04.30	01:44:26.441		0.93837			4
2025.04.30	01:44:30.605	0.93828	0.93839			6
2025.04.30	01:44:30.943		0.93840			4
2025.04.30	01:44:34.538		0.93839			4
2025.04.30	01:44:42.530	0.93830	0.93841			6
2025.04.30	01:44:42.872	0.93831				2
2025.04.30	01:44:43.647	0.93826	0.93838			6
2025.04.30	01:44:43.959	0.93825	0.93837			6
2025.04.30	01:44:48.927	0.93826				2
2025.04.30	01:44:54.167	0.93827	0.93839			6
2025.04.30	01:44:57.906	0.93830	0.93841			6
2025.04.30	01:44:58.927	0.93828	0.93840			6
2025.04.30	01:44:59.354	0.93827				2
2025.04.30	01:45:00.039	0.93827				2
2025.04.30	01:45:07.434	0.93825				2
2025.04.30	01:45:07.840		0.93837			4
2025.04.30	01:45:12.101	0.93826	0.93839			6
2025.04.30	01:45:12.781		0.93838			4
2025.04.30	01:45:13.129	0.93825	0.93837			6
2025.04.30	01:45:14.273		0.93836			4
2025.04.30	01:45:15.154	0.93828	0.93839			6
2025.04.30	01:45:15.597		0.93840			4
2025.04.30	01:45:16.133	0.93827	0.93839			6
2025.04.30	01:45:36.220	0.93820	0.93831			6
2025.04.30	01:45:36.538	0.93819	0.93832			6
2025.04.30	01:45:40.357	0.93818	0.93831			6
2025.04.30	01:45:41.576		0.93830			4
2025.04.30	01:45:56.513	0.93817				2
2025.04.30	01:45:58.979	0.93816	0.93829			6
2025.04.30	01:45:59.294		0.93828			4
2025.04.30	01:46:00.366	0.93816	0.93829			6
2025.04.30	01:46:03.364	0.93812	0.93824			6
2025.04.30	01:46:06.401	0.93811				2
2025.04.30	01:46:09.532	0.93814	0.93827			6
2025.04.30	01:46:10.061	0.93815				2
2025.04.30	01:46:21.688	0.93811	0.93824			6
2025.04.30	01:46:22.239		0.93823			4
2025.04.30	01:46:22.628	0.93808	0.93819			6
2025.04.30	01:46:23.170	0.93809	0.93822			6
2025.04.30	01:46:35.510	0.93807	0.93820			6
2025.04.30	01:46:36.600	0.93808				2
2025.04.30	01:46:37.368	0.93806	0.93821			6
2025.04.30	01:46:39.953		0.93820			4
2025.04.30	01:46:40.448	0.93811	0.93825			6
2025.04.30	01:46:42.998	0.93812				2
2025.04.30	01:46:44.679		0.93824			4
2025.04.30	01:46:50.293		0.93825			4
2025.04.30	01:46:51.643	0.93811				2
2025.04.30	01:46:59.702	0.93810	0.93823			6
2025.04.30	01:47:00.218	0.93810				2
2025.04.30	01:47:01.850	0.93809				2
2025.04.30	01:47:02.858	0.93810	0.93825			6
2025.04.30	01:47:05.307	0.93809	0.93824			6
2025.04.30	01:47:06.362	0.93808	0.93822			6
2025.04.30	01:47:07.839	0.93809				2
2025.04.30	01:47:08.518	0.93808				2
2025.04.30	01:47:12.082	0.93805	0.93819			6
2025.04.30	01:47:12.753	0.93803				2
2025.04.30	01:47:13.239	0.93804	0.93820			6
2025.04.30	01:47:14.722	0.93802	0.93816			6
2025.04.30	01:47:15.339	0.93808	0.93820			6
2025.04.30	01:47:15.759		0.93821			4
2025.04.30	01:47:19.803	0.93807				2
2025.04.30	01:47:24.521		0.93822			4
2025.04.30	01:47:24.826		0.93821			4
2025.04.30	01:47:25.517		0.93822			4
2025.04.30	01:47:26.663	0.93809				2
2025.04.30	01:47:40.550	0.93808				2
2025.04.30	01:47:42.660	0.93809	0.93823			6
2025.04.30	01:47:51.339	0.93812	0.93825			6
2025.04.30	01:47:57.790	0.93813	0.93827			6
2025.04.30	01:47:59.780	0.93814				2
2025.04.30	01:48:01.012	0.93814				2
2025.04.30	01:48:02.504	0.93809	0.93823			6
2025.04.30	01:48:03.726		0.93822			4
2025.04.30	01:48:07.541	0.93814	0.93825			6
2025.04.30	01:48:07.859		0.93826			4
2025.04.30	01:48:08.288	0.93813	0.93825			6
2025.04.30	01:48:09.217	0.93812				2
2025.04.30	01:48:09.885	0.93814	0.93826			6
2025.04.30	01:48:11.556		0.93825			4
2025.04.30	01:48:12.194	0.93812				2
2025.04.30	01:48:14.355	0.93813	0.93826			6
2025.04.30	01:48:15.305		0.93825			4
2025.04.30	01:48:15.685		0.93826			4
2025.04.30	01:48:16.207	0.93812	0.93825			6
2025.04.30	01:48:18.414	0.93816	0.93828			6
2025.04.30	01:48:26.180	0.93811	0.93824			6
2025.04.30	01:48:29.321		0.93823			4
2025.04.30	01:48:30.410		0.93824			4
2025.04.30	01:48:33.864	0.93810	0.93823			6
2025.04.30	01:48:48.158	0.93811	0.93824			6
2025.04.30	01:48:51.290	0.93813	0.93826			6
2025.04.30	01:48:52.335		0.93827			4
2025.04.30	01:48:53.140		0.93826			4
2025.04.30	01:48:53.484		0.93827			4
2025.04.30	01:48:53.955		0.93826			4
2025.04.30	01:48:56.390	0.93811	0.93823			6
2025.04.30	01:48:56.719	0.93810				2
2025.04.30	01:48:57.458	0.93812	0.93825			6
2025.04.30	01:48:57.803		0.93824			4
2025.04.30	01:49:03.812	0.93812	0.93825			6
2025.04.30	01:49:07.179		0.93824			4
2025.04.30	01:49:13.278		0.93825			4
2025.04.30	01:49:14.809		0.93826			4
2025.04.30	01:49:16.048		0.93825			4
2025.04.30	01:49:20.848		0.93826			4
2025.04.30	01:49:26.478		0.93825			4
2025.04.30	01:49:27.161	0.93810	0.93823			6
2025.04.30	01:49:27.479		0.93824			4
2025.04.30	01:49:29.073		0.93823			4
2025.04.30	01:49:30.135	0.93811	0.93825			6
2025.04.30	01:49:33.467		0.93824			4
2025.04.30	01:49:33.777	0.93817	0.93829			6
2025.04.30	01:49:52.940	0.93816				2
2025.04.30	01:49:58.358		0.93828			4
2025.04.30	01:49:59.004	0.93817	0.93830			6
2025.04.30	01:50:01.416	0.93817				2
2025.04.30	01:50:06.806	0.93816				2
2025.04.30	01:50:07.668	0.93811	0.93824			6
2025.04.30	01:50:08.361	0.93809				2
2025.04.30	01:50:09.502	0.93813	0.93825			6
2025.04.30	01:50:19.549	0.93812				2
2025.04.30	01:50:20.636	0.93809	0.93822			6
2025.04.30	01:50:21.486	0.93810				2
2025.04.30	01:50:23.626	0.93805	0.93819			6
2025.04.30	01:50:24.712	0.93806				2
2025.04.30	01:50:26.385		0.93818			4
2025.04.30	01:50:26.727	0.93808	0.93819			6
2025.04.30	01:50:28.075		0.93820			4
2025.04.30	01:50:38.519	0.93805	0.93819			6
2025.04.30	01:50:39.777	0.93808	0.93821			6
2025.04.30	01:51:00.048	0.93808				2
2025.04.30	01:51:00.451		0.93822			4
2025.04.30	01:51:02.127		0.93821			4
2025.04.30	01:51:03.291		0.93822			4
2025.04.30	01:51:05.239		0.93821			4
2025.04.30	01:51:06.037		0.93822			4
2025.04.30	01:51:07.304		0.93821			4
2025.04.30	01:51:07.812		0.93822			4
2025.04.30	01:51:09.380		0.93821			4
2025.04.30	01:51:10.545		0.93822			4
2025.04.30	01:51:12.489		0.93821			4
2025.04.30	01:51:21.128	0.93803	0.93816			6
2025.04.30	01:51:21.450	0.93805	0.93819			6
2025.04.30	01:51:29.363		0.93817			4
2025.04.30	01:51:34.506		0.93819			4
2025.04.30	01:51:35.011		0.93817			4
2025.04.30	01:51:35.327		0.93819			4
2025.04.30	01:51:35.672		0.93817			4
2025.04.30	01:51:36.057		0.93819			4
2025.04.30	01:51:36.704		0.93817			4
2025.04.30	01:51:37.733		0.93818			4
2025.04.30	01:51:38.139		0.93817			4
2025.04.30	01:51:40.665	0.93806	0.93820			6
2025.04.30	01:51:50.021		0.93819			4
2025.04.30	01:51:50.472		0.93820			4
2025.04.30	01:51:51.723	0.93805	0.93817			6
2025.04.30	01:52:00.069	0.93805				2
2025.04.30	01:52:06.820		0.93818			4
2025.04.30	01:52:07.899		0.93817			4
2025.04.30	01:52:10.021	0.93801	0.93813			6
2025.04.30	01:52:13.762		0.93812			4
2025.04.30	01:52:21.437		0.93814			4
2025.04.30	01:52:24.167	0.93800				2
2025.04.30	01:52:26.187	0.93799				2
2025.04.30	01:52:28.187	0.93800				2
2025.04.30	01:52:31.840	0.93799				2
2025.04.30	01:52:44.653	0.93798	0.93811			6
2025.04.30	01:53:00.675	0.93798				2
2025.04.30	01:53:10.839		0.93812			4
2025.04.30	01:53:16.239		0.93811			4
2025.04.30	01:53:17.692	0.93800	0.93812			6
2025.04.30	01:53:20.683		0.93813			4
2025.04.30	01:53:23.688		0.93812			4
2025.04.30	01:53:35.819	0.93795	0.93807			6
2025.04.30	01:53:37.372	0.93796	0.93808			6
2025.04.30	01:53:39.458	0.93794	0.93809			6
2025.04.30	01:53:40.050		0.93808			4
2025.04.30	01:53:43.184	0.93792	0.93807			6
2025.04.30	01:53:44.649	0.93794	0.93808			6
2025.04.30	01:53:45.338	0.93796	0.93807			6
2025.04.30	01:53:47.332	0.93794				2
2025.04.30	01:53:49.253		0.93806			4
2025.04.30	01:53:54.149		0.93807			4
2025.04.30	01:54:00.038	0.93794	0.93806			6
2025.04.30	01:54:01.582	0.93797	0.93808			6
2025.04.30	01:54:01.883	0.93798	0.93810			6
2025.04.30	01:54:17.915		0.93811			4
2025.04.30	01:54:24.981		0.93812			4
2025.04.30	01:54:26.110		0.93811			4
2025.04.30	01:54:30.148		0.93812			4
2025.04.30	01:54:32.556		0.93813			4
2025.04.30	01:54:33.435	0.93796				2
2025.04.30	01:54:34.559	0.93799				2
2025.04.30	01:54:36.565	0.93795	0.93808			6
2025.04.30	01:54:36.879	0.93780	0.93793			6
2025.04.30	01:54:37.200	0.93794	0.93809			6
2025.04.30	01:54:37.514	0.93796	0.93812			6
2025.04.30	01:54:37.824		0.93811			4
2025.04.30	01:54:38.140		0.93812			4
2025.04.30	01:54:38.487	0.93795	0.93809			6
2025.04.30	01:54:39.617		0.93812			4
2025.04.30	01:54:39.922	0.93798	0.93813			6
2025.04.30	01:54:41.129	0.93800	0.93815			6
2025.04.30	01:54:41.855	0.93798	0.93812			6
2025.04.30	01:54:43.697	0.93803	0.93814			6
2025.04.30	01:54:44.702	0.93802	0.93813			6
2025.04.30	01:54:46.883	0.93798	0.93811			6
2025.04.30	01:54:50.431		0.93810			4
2025.04.30	01:54:50.735	0.93795	0.93811			6
2025.04.30	01:54:51.891	0.93797				2
2025.04.30	01:54:52.522	0.93795				2
2025.04.30	01:54:52.878	0.93798				2
2025.04.30	01:54:53.731		0.93810			4
2025.04.30	01:54:54.354	0.93800	0.93812			6
2025.04.30	01:54:55.623	0.93795	0.93811			6
2025.04.30	01:54:56.373		0.93810			4
2025.04.30	01:55:00.173	0.93797				2
2025.04.30	01:55:08.239	0.93791	0.93806			6
2025.04.30	01:55:08.843		0.93805			4
2025.04.30	01:55:11.660	0.93790				2
2025.04.30	01:55:11.968		0.93804			4
2025.04.30	01:55:12.636	0.93787	0.93802			6
2025.04.30	01:55:15.136		0.93800			4
2025.04.30	01:55:15.440		0.93801			4
2025.04.30	01:55:15.829		0.93800			4
2025.04.30	01:55:16.198	0.93788	0.93801			6
2025.04.30	01:55:21.333	0.93790	0.93802			6
2025.04.30	01:55:21.641		0.93805			4
2025.04.30	01:55:22.032	0.93786	0.93803			6
2025.04.30	01:55:23.267	0.93790				2
2025.04.30	01:55:24.091		0.93804			4
2025.04.30	01:55:34.531		0.93803			4
2025.04.30	01:55:34.841		0.93801			4
2025.04.30	01:55:41.220		0.93802			4
2025.04.30	01:55:43.542		0.93801			4
2025.04.30	01:55:44.715	0.93792	0.93803			6
2025.04.30	01:55:45.054		0.93804			4
2025.04.30	01:55:49.377	0.93793				2
2025.04.30	01:55:51.374	0.93792				2
2025.04.30	01:55:55.511	0.93790				2
2025.04.30	01:55:58.180	0.93791	0.93805			6
2025.04.30	01:55:58.565	0.93789				2
2025.04.30	01:56:01.392	0.93789				2
2025.04.30	01:56:09.037	0.93810	0.93822			6
2025.04.30	01:56:09.342		0.93823			4
2025.04.30	01:56:13.138	0.93809				2
2025.04.30	01:56:13.487		0.93824			4
2025.04.30	01:56:15.051		0.93823			4
2025.04.30	01:56:18.340		0.93822			4
2025.04.30	01:56:21.320	0.93810				2
2025.04.30	01:56:28.536	0.93809				2
2025.04.30	01:56:32.638	0.93810				2
2025.04.30	01:56:37.719	0.93809	0.93821			6
2025.04.30	01:56:42.884	0.93810				2
2025.04.30	01:56:46.841		0.93822			4
2025.04.30	01:57:00.098	0.93804	0.93816			6
2025.04.30	01:57:08.441	0.93805	0.93819			6
2025.04.30	01:57:09.644		0.93818			4
2025.04.30	01:57:10.241		0.93817			4
2025.04.30	01:57:11.250	0.93806	0.93821			6
2025.04.30	01:57:12.982	0.93805				2
2025.04.30	01:57:14.280	0.93810	0.93822			6
2025.04.30	01:57:15.432		0.93823			4
2025.04.30	01:57:20.720		0.93822			4
2025.04.30	01:57:22.689		0.93823			4
2025.04.30	01:57:24.536		0.93824			4
2025.04.30	01:57:27.071	0.93806	0.93822			6
2025.04.30	01:57:27.397	0.93807				2
2025.04.30	01:57:28.014		0.93823			4
2025.04.30	01:57:29.078	0.93808				2
2025.04.30	01:57:29.380	0.93811	0.93824			6
2025.04.30	01:57:32.203	0.93809	0.93825			6
2025.04.30	01:57:35.012	0.93811	0.93824			6
2025.04.30	01:57:35.646	0.93809				2
2025.04.30	01:57:36.831	0.93811				2
2025.04.30	01:57:37.138		0.93823			4
2025.04.30	01:57:37.595	0.93806				2
2025.04.30	01:57:37.913		0.93824			4
2025.04.30	01:57:38.869		0.93822			4
2025.04.30	01:57:40.262	0.93805				2
2025.04.30	01:57:40.586	0.93809	0.93823			6
2025.04.30	01:57:41.139		0.93822			4
2025.04.30	01:57:42.087	0.93814	0.93826			6
2025.04.30	01:57:42.447	0.93811	0.93825			6
2025.04.30	01:57:58.201	0.93809	0.93824			6
2025.04.30	01:57:58.516		0.93823			4
2025.04.30	01:58:00.376	0.93818	0.93828			6
2025.04.30	01:58:00.679	0.93820	0.93835			6
2025.04.30	01:58:01.002		0.93834			4
2025.04.30	01:58:01.392	0.93822	0.93835			6
2025.04.30	01:58:05.888		0.93836			4
2025.04.30	01:58:06.440	0.93817	0.93831			6
2025.04.30	01:58:07.545		0.93830			4
2025.04.30	01:58:09.149		0.93831			4
2025.04.30	01:58:10.148		0.93832			4
2025.04.30	01:58:10.937		0.93831			4
2025.04.30	01:58:27.349	0.93807	0.93824			6
2025.04.30	01:58:29.330	0.93806	0.93821			6
2025.04.30	01:58:29.741		0.93819			4
2025.04.30	01:58:30.673	0.93811	0.93824			6
2025.04.30	01:58:32.001	0.93808				2
2025.04.30	01:58:33.624	0.93807	0.93820			6
2025.04.30	01:58:33.939		0.93822			4
2025.04.30	01:58:35.937		0.93821			4
2025.04.30	01:58:38.383	0.93804				2
2025.04.30	01:58:39.809	0.93807				2
2025.04.30	01:59:00.938	0.93807	0.93822			6
2025.04.30	01:59:06.937		0.93821			4
2025.04.30	01:59:19.839		0.93822			4
2025.04.30	01:59:21.299	0.93817	0.93831			6
2025.04.30	01:59:21.614		0.93832			4
2025.04.30	01:59:22.385	0.93822	0.93836			6
2025.04.30	01:59:35.402	0.93817	0.93830			6
2025.04.30	01:59:35.716	0.93810	0.93827			6
2025.04.30	01:59:37.963		0.93826			4
2025.04.30	01:59:38.445	0.93817	0.93830			6
2025.04.30	01:59:38.961		0.93831			4
2025.04.30	01:59:40.337		0.93830			4
2025.04.30	01:59:41.634		0.93831			4
2025.04.30	01:59:44.838	0.93816				2
2025.04.30	01:59:45.143	0.93814	0.93829			6
2025.04.30	01:59:50.937	0.93813	0.93828			6
2025.04.30	02:00:00.385	0.93812	0.93824			6
2025.04.30	02:00:00.700	0.93814	0.93828			6
2025.04.30	02:00:01.253		0.93827			4
2025.04.30	02:00:02.847	0.93812	0.93826			6
2025.04.30	02:00:03.878	0.93813	0.93827			6
2025.04.30	02:00:05.378		0.93826			4
2025.04.30	02:00:06.168	0.93811	0.93825			6
2025.04.30	02:00:07.769	0.93813	0.93827			6
2025.04.30	02:00:09.549	0.93812	0.93826			6
2025.04.30	02:00:09.938	0.93811	0.93825			6
2025.04.30	02:00:10.603	0.93808	0.93822			6
2025.04.30	02:00:10.990	0.93806	0.93823			6
2025.04.30	02:00:11.663	0.93810	0.93824			6
2025.04.30	02:00:12.359	0.93809	0.93823			6
2025.04.30	02:00:18.950		0.93822			4
2025.04.30	02:00:21.368	0.93806	0.93819			6
2025.04.30	02:00:22.711	0.93803				2
2025.04.30	02:00:23.659	0.93811	0.93825			6
2025.04.30	02:00:25.513	0.93810	0.93823			6
2025.04.30	02:00:28.667	0.93811	0.93824			6
2025.04.30	02:00:36.872	0.93810	0.93823			6
2025.04.30	02:00:37.359	0.93808	0.93821			6
2025.04.30	02:00:39.319		0.93820			4
2025.04.30	02:00:39.767	0.93807				2
2025.04.30	02:00:40.707	0.93808				2
2025.04.30	02:00:41.337	0.93807				2
2025.04.30	02:00:43.632	0.93814	0.93827			6
2025.04.30	02:00:44.648	0.93812	0.93825			6
2025.04.30	02:00:45.660	0.93813				2
2025.04.30	02:00:47.717	0.93811	0.93824			6
2025.04.30	02:00:48.095	0.93812				2
2025.04.30	02:00:48.836		0.93825			4
2025.04.30	02:00:54.691	0.93811	0.93824			6
2025.04.30	02:00:57.474	0.93810	0.93823			6
2025.04.30	02:00:58.400	0.93808	0.93822			6
2025.04.30	02:00:58.708	0.93807	0.93820			6
2025.04.30	02:00:59.802	0.93806	0.93819			6
2025.04.30	02:01:01.318	0.93806				2
2025.04.30	02:01:03.728	0.93807	0.93820			6
2025.04.30	02:01:04.921	0.93808				2
2025.04.30	02:01:13.970	0.93807	0.93823			6
2025.04.30	02:01:15.234		0.93820			4
2025.04.30	02:01:20.442		0.93823			4
2025.04.30	02:01:22.375		0.93820			4
2025.04.30	02:01:24.640	0.93806				2
2025.04.30	02:01:27.841		0.93819			4
2025.04.30	02:01:30.376		0.93820			4
2025.04.30	02:01:34.615	0.93807				2
2025.04.30	02:01:36.775	0.93809	0.93824			6
2025.04.30	02:01:37.225	0.93807	0.93823			6
2025.04.30	02:01:39.376	0.93809	0.93824			6
2025.04.30	02:01:40.714	0.93808	0.93825			6
2025.04.30	02:01:41.115	0.93816	0.93832			6
2025.04.30	02:01:42.073	0.93815	0.93830			6
2025.04.30	02:01:42.735		0.93828			4
2025.04.30	02:01:46.883	0.93819	0.93832			6
2025.04.30	02:01:47.189	0.93818	0.93830			6
2025.04.30	02:01:52.358	0.93815	0.93827			6
2025.04.30	02:01:53.473	0.93812	0.93824			6
2025.04.30	02:01:53.778	0.93813	0.93826			6
2025.04.30	02:01:57.092		0.93827			4
2025.04.30	02:01:58.508		0.93826			4
2025.04.30	02:01:59.393	0.93812	0.93825			6
2025.04.30	02:02:00.513	0.93812				2
2025.04.30	02:02:11.509	0.93808	0.93822			6
2025.04.30	02:02:21.122	0.93804	0.93820			6
2025.04.30	02:02:21.436	0.93803	0.93818			6
2025.04.30	02:02:21.739	0.93802				2
2025.04.30	02:02:23.589		0.93817			4
2025.04.30	02:02:24.786	0.93808	0.93821			6
2025.04.30	02:02:26.528	0.93809	0.93819			6
2025.04.30	02:02:27.473	0.93808	0.93818			6
2025.04.30	02:02:28.688	0.93809	0.93819			6
2025.04.30	02:02:28.991	0.93806	0.93820			6
2025.04.30	02:02:31.827		0.93821			4
2025.04.30	02:02:43.189	0.93807				2
2025.04.30	02:02:44.695	0.93805	0.93819			6
2025.04.30	02:02:50.396	0.93807	0.93820			6
2025.04.30	02:02:50.702		0.93819			4
2025.04.30	02:02:51.036	0.93805				2
2025.04.30	02:02:52.291		0.93818			4
2025.04.30	02:02:53.573		0.93819			4
2025.04.30	02:02:54.783	0.93809	0.93823			6
2025.04.30	02:02:57.185	0.93807	0.93821			6
2025.04.30	02:02:57.794	0.93810	0.93824			6
2025.04.30	02:03:01.424	0.93810				2
2025.04.30	02:03:03.039		0.93823			4
2025.04.30	02:03:07.171	0.93809				2
2025.04.30	02:03:15.389		0.93822			4
2025.04.30	02:03:16.481		0.93823			4
2025.04.30	02:03:21.711		0.93822			4
2025.04.30	02:03:23.168	0.93808				2
2025.04.30	02:03:24.388	0.93807	0.93821			6
2025.04.30	02:03:33.233	0.93809	0.93822			6
2025.04.30	02:03:35.458	0.93808	0.93821			6
2025.04.30	02:03:37.378		0.93822			4
2025.04.30	02:03:39.064	0.93806	0.93823			6
2025.04.30	02:03:40.077	0.93808	0.93822			6
2025.04.30	02:03:42.174	0.93809	0.93823			6
2025.04.30	02:03:42.491		0.93822			4
2025.04.30	02:03:43.016	0.93806	0.93823			6
2025.04.30	02:03:45.035	0.93810	0.93824			6
2025.04.30	02:03:52.828	0.93809	0.93823			6
2025.04.30	02:03:53.828	0.93810	0.93824			6
2025.04.30	02:03:54.298	0.93808	0.93822			6
2025.04.30	02:03:54.599	0.93809	0.93823			6
2025.04.30	02:03:55.297	0.93808	0.93821			6
2025.04.30	02:04:00.018	0.93808				2
2025.04.30	02:04:01.408	0.93807	0.93824			6
2025.04.30	02:04:01.808	0.93808	0.93822			6
2025.04.30	02:04:02.262	0.93809	0.93823			6
