<DATE>	<TIME>	<BID>	<ASK>	<LAST>	<VOLUME>	<FLAGS>
2025.04.02	00:03:31.139	0.95335	0.95393			6
2025.04.02	00:05:09.470	0.95270	0.95407			6
2025.04.02	00:05:15.747	0.95245	0.95390			6
2025.04.02	00:05:29.412	0.95243	0.95391			6
2025.04.02	00:05:30.699	0.95244	0.95392			6
2025.04.02	00:05:31.682	0.95246	0.95382			6
2025.04.02	00:05:36.493	0.95241	0.95383			6
2025.04.02	00:05:42.908	0.95240				2
2025.04.02	00:05:44.391	0.95248	0.95386			6
2025.04.02	00:05:46.211	0.95249				2
2025.04.02	00:05:47.750	0.95247	0.95437			6
2025.04.02	00:06:00.399	0.95247				2
2025.04.02	00:06:47.210	0.95233	0.95434			6
2025.04.02	00:06:59.975		0.95425			4
2025.04.02	00:07:08.156	0.95209				2
2025.04.02	00:07:44.461	0.95293	0.95422			6
2025.04.02	00:08:00.370	0.95293				2
2025.04.02	00:08:44.620	0.95294	0.95422			6
2025.04.02	00:09:00.365	0.95294				2
2025.04.02	00:09:44.629	0.95291	0.95422			6
2025.04.02	00:10:00.358	0.95291				2
2025.04.02	00:10:02.895	0.95274	0.95432			6
2025.04.02	00:10:03.723	0.95292	0.95421			6
2025.04.02	00:10:11.068	0.95314	0.95435			6
2025.04.02	00:10:34.720	0.95315	0.95436			6
2025.04.02	00:10:54.444	0.95313	0.95434			6
2025.04.02	00:10:56.267	0.95312	0.95433			6
2025.04.02	00:11:00.205	0.95312				2
2025.04.02	00:11:17.496	0.95293	0.95416			6
2025.04.02	00:11:18.601	0.95312	0.95433			6
2025.04.02	00:11:19.215	0.95293	0.95416			6
2025.04.02	00:11:25.378	0.95312	0.95433			6
2025.04.02	00:11:25.990	0.95293	0.95416			6
2025.04.02	00:11:26.341	0.95292	0.95421			6
2025.04.02	00:11:31.798	0.95312	0.95433			6
2025.04.02	00:11:32.713	0.95292	0.95421			6
2025.04.02	00:11:38.621	0.95312	0.95433			6
2025.04.02	00:11:39.232	0.95292	0.95421			6
2025.04.02	00:11:45.270	0.95312	0.95433			6
2025.04.02	00:11:45.907	0.95292	0.95421			6
2025.04.02	00:12:00.611	0.95292				2
2025.04.02	00:12:03.724	0.95293				2
2025.04.02	00:12:47.324		0.95421			4
2025.04.02	00:13:02.595	0.95293				2
2025.04.02	00:13:48.502		0.95421			4
2025.04.02	00:14:01.397	0.95293				2
2025.04.02	00:14:51.517		0.95421			4
2025.04.02	00:15:00.324	0.95293				2
2025.04.02	00:16:01.127	0.95293	0.95421			6
2025.04.02	00:16:03.721		0.95422			4
2025.04.02	00:17:01.486	0.95293				2
2025.04.02	00:17:03.727		0.95421			4
2025.04.02	00:18:08.448	0.95293	0.95421			6
2025.04.02	00:19:06.213	0.95293				2
2025.04.02	00:19:10.597		0.95421			4
2025.04.02	00:20:05.693	0.95293				2
2025.04.02	00:20:11.298		0.95421			4
2025.04.02	00:21:00.693	0.95293				2
2025.04.02	00:21:13.702		0.95421			4
2025.04.02	00:22:01.485	0.95293				2
2025.04.02	00:22:03.524		0.95422			4
2025.04.02	00:22:04.422	0.95288				2
2025.04.02	00:23:00.195	0.95288				2
2025.04.02	00:23:03.722		0.95421			4
2025.04.02	00:24:17.301	0.95288	0.95421			6
2025.04.02	00:25:00.307	0.95288				2
2025.04.02	00:25:12.314	0.95305	0.95417			6
2025.04.02	00:25:14.601	0.95291	0.95422			6
2025.04.02	00:25:17.894	0.95300	0.95419			6
2025.04.02	00:25:37.536		0.95418			4
2025.04.02	00:25:44.081		0.95417			4
2025.04.02	00:25:44.596		0.95418			4
2025.04.02	00:25:54.347		0.95416			4
2025.04.02	00:25:58.811		0.95415			4
2025.04.02	00:26:01.361	0.95300				2
2025.04.02	00:26:02.596		0.95416			4
2025.04.02	00:26:07.160		0.95418			4
2025.04.02	00:26:17.896	0.95298	0.95417			6
2025.04.02	00:27:02.497	0.95298				2
2025.04.02	00:27:25.698		0.95417			4
2025.04.02	00:27:52.648	0.95291	0.95419			6
2025.04.02	00:27:55.733	0.95299	0.95417			6
2025.04.02	00:27:59.007		0.95415			4
2025.04.02	00:28:00.495	0.95299	0.95416			6
2025.04.02	00:28:36.800		0.95417			4
2025.04.02	00:28:54.943	0.95288	0.95397			6
2025.04.02	00:29:01.754	0.95288				2
2025.04.02	00:29:54.941	0.95289				2
2025.04.02	00:30:00.312	0.95289	0.95397			6
2025.04.02	00:31:01.659	0.95289	0.95397			6
2025.04.02	00:31:04.415		0.95398			4
2025.04.02	00:31:19.595	0.95290	0.95397			6
2025.04.02	00:32:00.381	0.95291				2
2025.04.02	00:32:19.861		0.95397			4
2025.04.02	00:33:01.873	0.95290	0.95391			6
2025.04.02	00:33:08.596	0.95284	0.95393			6
2025.04.02	00:33:33.917	0.95288	0.95398			6
2025.04.02	00:33:36.914	0.95296	0.95397			6
2025.04.02	00:33:39.749	0.95294	0.95392			6
2025.04.02	00:33:49.304	0.95296	0.95397			6
2025.04.02	00:34:00.613	0.95296				2
2025.04.02	00:34:49.296		0.95396			4
2025.04.02	00:35:00.388	0.95296				2
2025.04.02	00:35:19.588		0.95392			4
2025.04.02	00:35:19.907		0.95396			4
2025.04.02	00:35:21.417	0.95271	0.95397			6
2025.04.02	00:35:28.511		0.95401			4
2025.04.02	00:35:29.453	0.95297				2
2025.04.02	00:35:30.326	0.95308	0.95396			6
2025.04.02	00:36:00.613	0.95308				2
2025.04.02	00:36:30.612		0.95396			4
2025.04.02	00:37:00.479	0.95308				2
2025.04.02	00:37:30.459		0.95397			4
2025.04.02	00:38:00.617	0.95308				2
2025.04.02	00:38:30.460		0.95396			4
2025.04.02	00:39:01.695	0.95308				2
2025.04.02	00:39:30.613		0.95396			4
2025.04.02	00:40:02.754	0.95308				2
2025.04.02	00:40:30.618		0.95396			4
2025.04.02	00:41:00.612	0.95308				2
2025.04.02	00:41:32.103		0.95396			4
2025.04.02	00:42:00.496	0.95308				2
2025.04.02	00:42:33.496		0.95396			4
2025.04.02	00:42:53.430	0.95290	0.95432			6
2025.04.02	00:43:00.502	0.95290				2
2025.04.02	00:43:08.376	0.95295				2
2025.04.02	00:43:12.675	0.95290				2
2025.04.02	00:43:14.075		0.95431			4
2025.04.02	00:43:15.195		0.95430			4
2025.04.02	00:43:16.392		0.95429			4
2025.04.02	00:43:17.264		0.95428			4
2025.04.02	00:43:17.942		0.95425			4
2025.04.02	00:43:18.473	0.95294	0.95426			6
2025.04.02	00:43:18.868		0.95425			4
2025.04.02	00:43:19.625		0.95424			4
2025.04.02	00:43:21.200		0.95423			4
2025.04.02	00:43:21.597	0.95291	0.95432			6
2025.04.02	00:43:23.740	0.95309	0.95442			6
2025.04.02	00:43:24.195		0.95441			4
2025.04.02	00:43:25.096		0.95440			4
2025.04.02	00:43:25.413		0.95443			4
2025.04.02	00:43:26.637		0.95439			4
2025.04.02	00:43:26.942		0.95437			4
2025.04.02	00:43:27.797		0.95436			4
2025.04.02	00:43:28.368	0.95291	0.95434			6
2025.04.02	00:43:29.004		0.95433			4
2025.04.02	00:43:29.596		0.95432			4
2025.04.02	00:43:30.357		0.95431			4
2025.04.02	00:43:30.669		0.95432			4
2025.04.02	00:43:31.095		0.95430			4
2025.04.02	00:43:31.888	0.95318	0.95429			6
2025.04.02	00:43:32.898		0.95423			4
2025.04.02	00:43:33.820		0.95425			4
2025.04.02	00:43:35.950	0.95335	0.95433			6
2025.04.02	00:43:36.352		0.95435			4
2025.04.02	00:43:36.847	0.95333				2
2025.04.02	00:43:41.299		0.95434			4
2025.04.02	00:43:41.727	0.95337	0.95429			6
2025.04.02	00:43:42.203		0.95428			4
2025.04.02	00:43:43.149	0.95335				2
2025.04.02	00:43:43.636	0.95338				2
2025.04.02	00:43:50.599		0.95435			4
2025.04.02	00:43:50.957		0.95440			4
2025.04.02	00:43:51.599		0.95435			4
2025.04.02	00:43:55.467		0.95440			4
2025.04.02	00:43:59.453	0.95337	0.95433			6
2025.04.02	00:44:00.395	0.95337				2
2025.04.02	00:44:04.043		0.95432			4
2025.04.02	00:44:09.976		0.95431			4
2025.04.02	00:44:22.176	0.95345	0.95433			6
2025.04.02	00:44:23.838		0.95434			4
2025.04.02	00:44:24.155		0.95433			4
2025.04.02	00:44:27.495	0.95339				2
2025.04.02	00:44:28.390		0.95432			4
2025.04.02	00:44:33.437		0.95438			4
2025.04.02	00:44:41.415	0.95340				2
2025.04.02	00:44:49.733	0.95338	0.95436			6
2025.04.02	00:44:50.642		0.95435			4
2025.04.02	00:44:51.309		0.95433			4
2025.04.02	00:45:00.395	0.95338	0.95436			6
2025.04.02	00:45:01.978	0.95337	0.95458			6
2025.04.02	00:45:04.409	0.95338	0.95436			6
2025.04.02	00:45:09.627	0.95356	0.95418			6
2025.04.02	00:45:23.044		0.95413			4
2025.04.02	00:45:23.463		0.95432			4
2025.04.02	00:45:25.464	0.95306	0.95440			6
2025.04.02	00:45:26.471		0.95426			4
2025.04.02	00:45:29.008	0.95373				2
2025.04.02	00:45:29.704		0.95436			4
2025.04.02	00:45:30.136	0.95371				2
2025.04.02	00:45:35.545		0.95417			4
2025.04.02	00:45:37.188		0.95416			4
2025.04.02	00:45:42.235		0.95417			4
2025.04.02	00:45:46.341		0.95418			4
2025.04.02	00:45:55.130	0.95373	0.95419			6
2025.04.02	00:45:59.598		0.95420			4
2025.04.02	00:46:00.622	0.95373				2
2025.04.02	00:46:16.523		0.95421			4
2025.04.02	00:46:26.820		0.95436			4
2025.04.02	00:46:29.006		0.95422			4
2025.04.02	00:46:29.427		0.95428			4
2025.04.02	00:46:30.014		0.95427			4
2025.04.02	00:46:55.039		0.95424			4
2025.04.02	00:46:59.112		0.95425			4
2025.04.02	00:46:59.726		0.95428			4
2025.04.02	00:47:00.026	0.95373				2
2025.04.02	00:47:02.083	0.95361	0.95446			6
2025.04.02	00:47:04.200	0.95373	0.95428			6
2025.04.02	00:47:04.507		0.95422			4
2025.04.02	00:47:04.981		0.95417			4
2025.04.02	00:47:08.444		0.95418			4
2025.04.02	00:47:09.915		0.95417			4
2025.04.02	00:47:10.362	0.95306	0.95416			6
2025.04.02	00:47:10.769		0.95417			4
2025.04.02	00:47:15.691		0.95416			4
2025.04.02	00:47:18.736		0.95418			4
2025.04.02	00:47:33.795		0.95417			4
2025.04.02	00:47:39.137		0.95411			4
2025.04.02	00:47:39.464		0.95410			4
2025.04.02	00:47:42.236		0.95409			4
2025.04.02	00:48:00.798	0.95306	0.95408			6
2025.04.02	00:48:01.702		0.95410			4
2025.04.02	00:48:17.133		0.95409			4
2025.04.02	00:48:24.695		0.95408			4
2025.04.02	00:48:25.717	0.95301				2
2025.04.02	00:48:44.234		0.95407			4
2025.04.02	00:48:49.848		0.95408			4
2025.04.02	00:49:01.695	0.95301				2
2025.04.02	00:49:09.496	0.95306	0.95410			6
2025.04.02	00:49:10.296		0.95409			4
2025.04.02	00:49:13.096		0.95408			4
2025.04.02	00:49:22.935		0.95409			4
2025.04.02	00:49:27.244		0.95408			4
2025.04.02	00:49:31.119		0.95409			4
2025.04.02	00:49:32.706		0.95408			4
2025.04.02	00:49:47.599		0.95409			4
2025.04.02	00:49:53.071		0.95407			4
2025.04.02	00:50:00.427	0.95306				2
2025.04.02	00:50:06.526		0.95408			4
2025.04.02	00:50:08.356		0.95407			4
2025.04.02	00:50:14.300		0.95408			4
2025.04.02	00:50:21.672		0.95398			4
2025.04.02	00:50:33.530		0.95400			4
2025.04.02	00:50:48.628		0.95401			4
2025.04.02	00:50:49.420		0.95402			4
2025.04.02	00:50:53.566		0.95400			4
2025.04.02	00:50:58.385		0.95403			4
2025.04.02	00:50:58.753		0.95404			4
2025.04.02	00:51:07.043	0.95306				2
2025.04.02	00:51:10.096		0.95405			4
2025.04.02	00:51:11.378		0.95404			4
2025.04.02	00:51:13.067		0.95405			4
2025.04.02	00:51:14.553		0.95403			4
2025.04.02	00:51:18.139		0.95401			4
2025.04.02	00:51:18.520		0.95400			4
2025.04.02	00:51:24.466		0.95403			4
2025.04.02	00:51:25.706		0.95404			4
2025.04.02	00:51:28.633		0.95403			4
2025.04.02	00:51:31.354		0.95404			4
2025.04.02	00:51:39.478		0.95402			4
2025.04.02	00:51:39.986		0.95400			4
2025.04.02	00:51:46.868		0.95404			4
2025.04.02	00:51:48.440	0.95295				2
2025.04.02	00:51:48.832	0.95306				2
2025.04.02	00:51:51.576	0.95296				2
2025.04.02	00:51:53.397	0.95306				2
2025.04.02	00:51:55.457	0.95296				2
2025.04.02	00:51:57.800		0.95405			4
2025.04.02	00:52:05.342	0.95296	0.95404			6
2025.04.02	00:52:16.996		0.95405			4
2025.04.02	00:52:19.231		0.95404			4
2025.04.02	00:52:34.327		0.95401			4
2025.04.02	00:52:37.350		0.95402			4
2025.04.02	00:52:37.751		0.95403			4
2025.04.02	00:52:40.570		0.95402			4
2025.04.02	00:52:47.968		0.95403			4
2025.04.02	00:52:53.413	0.95306	0.95405			6
2025.04.02	00:52:58.053	0.95298	0.95404			6
2025.04.02	00:52:58.635		0.95405			4
2025.04.02	00:53:00.328	0.95298				2
2025.04.02	00:53:12.408		0.95402			4
2025.04.02	00:53:13.095		0.95401			4
2025.04.02	00:53:17.270		0.95402			4
2025.04.02	00:53:21.278		0.95404			4
2025.04.02	00:53:22.519		0.95405			4
2025.04.02	00:53:30.727		0.95404			4
2025.04.02	00:53:36.679	0.95306	0.95403			6
2025.04.02	00:53:37.776		0.95404			4
2025.04.02	00:53:50.598		0.95405			4
2025.04.02	00:53:52.346	0.95295				2
2025.04.02	00:54:00.782	0.95295				2
2025.04.02	00:54:11.693		0.95406			4
2025.04.02	00:54:12.511		0.95405			4
2025.04.02	00:54:21.708	0.95294				2
2025.04.02	00:54:23.379	0.95295				2
2025.04.02	00:54:28.771		0.95404			4
2025.04.02	00:54:34.698	0.95300				2
2025.04.02	00:54:36.138	0.95295				2
2025.04.02	00:54:38.609		0.95403			4
2025.04.02	00:54:40.698		0.95402			4
2025.04.02	00:54:42.074	0.95305	0.95403			6
2025.04.02	00:54:43.166		0.95404			4
2025.04.02	00:54:44.517	0.95295				2
2025.04.02	00:54:57.577	0.95306	0.95405			6
2025.04.02	00:55:00.620	0.95306				2
2025.04.02	00:55:17.898		0.95406			4
2025.04.02	00:55:26.409		0.95407			4
2025.04.02	00:55:30.969		0.95409			4
2025.04.02	00:55:32.691		0.95406			4
2025.04.02	00:55:33.724		0.95405			4
2025.04.02	00:55:34.995		0.95406			4
2025.04.02	00:55:46.996		0.95405			4
2025.04.02	00:55:55.397		0.95406			4
2025.04.02	00:55:57.196		0.95405			4
2025.04.02	00:56:00.798	0.95306				2
2025.04.02	00:56:07.781		0.95404			4
2025.04.02	00:56:15.723		0.95403			4
2025.04.02	00:56:30.721	0.95293	0.95392			6
2025.04.02	00:56:34.451		0.95394			4
2025.04.02	00:56:36.762	0.95284	0.95392			6
2025.04.02	00:56:42.607		0.95393			4
2025.04.02	00:56:42.911	0.95292	0.95403			6
2025.04.02	00:56:53.896		0.95404			4
2025.04.02	00:57:01.355	0.95292				2
2025.04.02	00:57:02.597		0.95403			4
2025.04.02	00:57:03.110	0.95299				2
2025.04.02	00:57:04.150		0.95407			4
2025.04.02	00:57:07.321	0.95301				2
2025.04.02	00:57:08.260	0.95298				2
2025.04.02	00:57:13.483		0.95406			4
2025.04.02	00:57:19.401		0.95407			4
2025.04.02	00:57:27.197		0.95406			4
2025.04.02	00:57:28.275		0.95407			4
2025.04.02	00:57:30.722		0.95408			4
2025.04.02	00:57:32.295		0.95407			4
2025.04.02	00:57:43.360		0.95405			4
2025.04.02	00:57:44.510		0.95404			4
2025.04.02	00:57:46.351		0.95405			4
2025.04.02	00:57:53.137		0.95404			4
2025.04.02	00:57:53.445	0.95291	0.95396			6
2025.04.02	00:57:53.855		0.95395			4
2025.04.02	00:57:54.361	0.95282	0.95394			6
2025.04.02	00:58:01.348	0.95282	0.95393			6
2025.04.02	00:58:07.755		0.95403			4
2025.04.02	00:58:16.309		0.95402			4
2025.04.02	00:58:23.699		0.95401			4
2025.04.02	00:58:24.798		0.95402			4
2025.04.02	00:58:25.530	0.95296	0.95403			6
2025.04.02	00:58:42.431	0.95284	0.95404			6
2025.04.02	00:58:43.097		0.95405			4
2025.04.02	00:58:57.495	0.95290				2
2025.04.02	00:59:00.424	0.95290	0.95406			6
2025.04.02	00:59:02.896		0.95405			4
2025.04.02	00:59:08.899		0.95407			4
2025.04.02	00:59:10.700		0.95408			4
2025.04.02	00:59:29.599	0.95300				2
2025.04.02	00:59:32.504		0.95409			4
2025.04.02	00:59:33.733		0.95405			4
2025.04.02	00:59:36.020		0.95404			4
2025.04.02	00:59:43.492		0.95405			4
2025.04.02	00:59:49.109		0.95404			4
2025.04.02	00:59:50.416		0.95405			4
2025.04.02	00:59:53.115		0.95404			4
2025.04.02	00:59:56.477		0.95403			4
2025.04.02	00:59:57.805		0.95404			4
2025.04.02	00:59:58.106		0.95403			4
2025.04.02	01:00:00.034	0.95318				2
2025.04.02	01:00:00.378	0.95313	0.95401			6
2025.04.02	01:00:00.687	0.95320	0.95402			6
2025.04.02	01:00:01.157	0.95319	0.95401			6
2025.04.02	01:00:01.763	0.95324	0.95399			6
2025.04.02	01:00:02.135	0.95327	0.95402			6
2025.04.02	01:00:02.447	0.95334	0.95403			6
2025.04.02	01:00:02.749	0.95332	0.95401			6
2025.04.02	01:00:03.355	0.95335	0.95404			6
2025.04.02	01:00:03.658	0.95344	0.95412			6
2025.04.02	01:00:03.962	0.95335	0.95403			6
2025.04.02	01:00:04.568	0.95336	0.95402			6
2025.04.02	01:00:05.482	0.95329				2
2025.04.02	01:00:07.245	0.95334	0.95403			6
2025.04.02	01:00:08.295	0.95322				2
2025.04.02	01:00:08.906	0.95327	0.95400			6
2025.04.02	01:00:09.207	0.95330				2
2025.04.02	01:00:10.252		0.95392			4
2025.04.02	01:00:10.996	0.95332				2
2025.04.02	01:00:11.394		0.95384			4
2025.04.02	01:00:12.803	0.95333				2
2025.04.02	01:00:14.901	0.95335				2
2025.04.02	01:00:19.005	0.95332	0.95392			6
2025.04.02	01:00:19.646	0.95331				2
2025.04.02	01:00:20.754		0.95386			4
2025.04.02	01:00:21.066	0.95344	0.95384			6
2025.04.02	01:00:21.752	0.95337	0.95395			6
2025.04.02	01:00:22.397		0.95399			4
2025.04.02	01:00:22.716		0.95400			4
2025.04.02	01:00:23.430		0.95405			4
2025.04.02	01:00:23.758		0.95403			4
2025.04.02	01:00:24.120	0.95338				2
2025.04.02	01:00:26.299	0.95364				2
2025.04.02	01:00:27.265	0.95366				2
2025.04.02	01:00:28.354	0.95354				2
2025.04.02	01:00:28.840	0.95350				2
2025.04.02	01:00:29.400	0.95351				2
2025.04.02	01:00:30.075	0.95343				2
2025.04.02	01:00:30.391		0.95402			4
2025.04.02	01:00:32.136	0.95337	0.95394			6
2025.04.02	01:00:32.448	0.95327	0.95392			6
2025.04.02	01:00:32.756	0.95334				2
2025.04.02	01:00:33.083	0.95336	0.95394			6
2025.04.02	01:00:34.079	0.95347				2
2025.04.02	01:00:34.385	0.95348				2
2025.04.02	01:00:34.697	0.95351	0.95395			6
2025.04.02	01:00:35.336	0.95350				2
2025.04.02	01:00:37.468		0.95403			4
2025.04.02	01:00:38.120	0.95349				2
2025.04.02	01:00:38.888	0.95344	0.95399			6
2025.04.02	01:00:42.355	0.95350				2
2025.04.02	01:00:43.440	0.95356	0.95403			6
2025.04.02	01:00:43.759		0.95402			4
2025.04.02	01:00:44.725	0.95358	0.95403			6
2025.04.02	01:00:45.044	0.95353	0.95402			6
2025.04.02	01:00:45.444	0.95351	0.95400			6
2025.04.02	01:00:46.770	0.95353				2
2025.04.02	01:00:52.565	0.95354				2
2025.04.02	01:00:53.597		0.95399			4
2025.04.02	01:00:53.910	0.95357	0.95402			6
2025.04.02	01:00:54.228	0.95356	0.95403			6
2025.04.02	01:00:54.552	0.95359				2
2025.04.02	01:00:54.872	0.95358				2
2025.04.02	01:00:56.603	0.95359				2
2025.04.02	01:00:57.402	0.95354				2
2025.04.02	01:00:59.897	0.95356	0.95402			6
2025.04.02	01:01:00.282	0.95356				2
2025.04.02	01:01:00.712	0.95357				2
2025.04.02	01:01:02.373	0.95352	0.95396			6
2025.04.02	01:01:02.740	0.95349				2
2025.04.02	01:01:09.363		0.95392			4
2025.04.02	01:01:10.354	0.95347				2
2025.04.02	01:01:11.600	0.95346				2
2025.04.02	01:01:12.873		0.95397			4
2025.04.02	01:01:13.256		0.95382			4
2025.04.02	01:01:14.956	0.95347				2
2025.04.02	01:01:15.397	0.95346				2
2025.04.02	01:01:16.094	0.95345				2
2025.04.02	01:01:17.016	0.95346				2
2025.04.02	01:01:17.651		0.95383			4
2025.04.02	01:01:18.374		0.95384			4
2025.04.02	01:01:18.690		0.95383			4
2025.04.02	01:01:19.399		0.95382			4
2025.04.02	01:01:20.248	0.95349	0.95381			6
2025.04.02	01:01:20.594	0.95348	0.95382			6
2025.04.02	01:01:21.799	0.95353	0.95387			6
2025.04.02	01:01:23.596	0.95352				2
2025.04.02	01:01:24.098		0.95386			4
2025.04.02	01:01:24.452		0.95385			4
2025.04.02	01:01:25.030	0.95354	0.95386			6
2025.04.02	01:01:27.152		0.95385			4
2025.04.02	01:01:27.510		0.95404			4
2025.04.02	01:01:27.826	0.95355	0.95403			6
2025.04.02	01:01:30.565	0.95359				2
2025.04.02	01:01:30.870	0.95361				2
2025.04.02	01:01:31.177	0.95358				2
2025.04.02	01:01:32.599	0.95360				2
2025.04.02	01:01:32.906	0.95362				2
2025.04.02	01:01:36.198	0.95360	0.95402			6
2025.04.02	01:01:36.943	0.95358				2
2025.04.02	01:01:41.896		0.95401			4
2025.04.02	01:01:42.353	0.95360				2
2025.04.02	01:01:50.232	0.95362				2
2025.04.02	01:01:54.083	0.95354	0.95399			6
2025.04.02	01:01:57.400		0.95398			4
2025.04.02	01:02:00.186	0.95355	0.95399			6
2025.04.02	01:02:00.504	0.95356				2
2025.04.02	01:02:06.554		0.95400			4
2025.04.02	01:02:09.502		0.95399			4
2025.04.02	01:02:12.485	0.95355				2
2025.04.02	01:02:13.136	0.95356	0.95398			6
2025.04.02	01:02:13.505	0.95363	0.95399			6
2025.04.02	01:02:16.213	0.95360				2
2025.04.02	01:02:16.577	0.95361				2
2025.04.02	01:02:18.681	0.95354	0.95395			6
2025.04.02	01:02:20.764	0.95356	0.95398			6
2025.04.02	01:02:26.349	0.95357				2
2025.04.02	01:02:34.996		0.95397			4
2025.04.02	01:02:41.717	0.95358				2
2025.04.02	01:02:42.142	0.95362	0.95399			6
2025.04.02	01:02:48.197		0.95400			4
2025.04.02	01:02:50.357	0.95355	0.95393			6
2025.04.02	01:02:51.009	0.95356				2
2025.04.02	01:02:52.738		0.95392			4
2025.04.02	01:02:55.697	0.95355				2
2025.04.02	01:02:56.079		0.95396			4
2025.04.02	01:02:56.385		0.95395			4
2025.04.02	01:02:58.021	0.95356	0.95396			6
2025.04.02	01:02:58.995		0.95395			4
2025.04.02	01:03:00.568	0.95356				2
2025.04.02	01:03:06.259		0.95393			4
2025.04.02	01:03:06.772		0.95394			4
2025.04.02	01:03:08.304		0.95392			4
2025.04.02	01:03:11.443		0.95395			4
2025.04.02	01:03:14.644		0.95394			4
2025.04.02	01:03:16.739		0.95392			4
2025.04.02	01:03:19.447	0.95357				2
2025.04.02	01:03:20.315		0.95390			4
2025.04.02	01:03:22.007		0.95393			4
2025.04.02	01:03:27.017		0.95391			4
2025.04.02	01:03:32.427		0.95392			4
2025.04.02	01:03:37.121		0.95391			4
2025.04.02	01:03:39.209	0.95355	0.95388			6
2025.04.02	01:03:39.580		0.95391			4
2025.04.02	01:03:41.778		0.95392			4
2025.04.02	01:03:45.497	0.95357	0.95391			6
2025.04.02	01:03:47.002	0.95356				2
2025.04.02	01:03:51.274	0.95357	0.95392			6
2025.04.02	01:03:51.671	0.95368	0.95394			6
2025.04.02	01:03:52.082	0.95359				2
2025.04.02	01:03:53.053	0.95358	0.95395			6
2025.04.02	01:03:55.057	0.95357				2
2025.04.02	01:03:56.172		0.95394			4
2025.04.02	01:04:00.395	0.95357				2
2025.04.02	01:04:07.492	0.95366	0.95397			6
2025.04.02	01:04:16.400	0.95363				2
2025.04.02	01:04:16.733	0.95358	0.95393			6
2025.04.02	01:04:18.172	0.95356	0.95392			6
2025.04.02	01:04:20.708		0.95391			4
2025.04.02	01:04:22.462	0.95358	0.95393			6
2025.04.02	01:04:25.123	0.95356	0.95395			6
2025.04.02	01:04:25.524		0.95390			4
2025.04.02	01:04:25.851	0.95357	0.95391			6
2025.04.02	01:04:26.181		0.95393			4
2025.04.02	01:04:27.795	0.95356				2
2025.04.02	01:04:30.320		0.95395			4
2025.04.02	01:04:34.309	0.95358	0.95392			6
2025.04.02	01:04:35.171		0.95393			4
2025.04.02	01:04:40.095		0.95392			4
2025.04.02	01:04:49.997	0.95359				2
2025.04.02	01:04:51.656	0.95358				2
2025.04.02	01:04:53.895	0.95359				2
2025.04.02	01:04:55.709		0.95393			4
2025.04.02	01:05:00.391	0.95363	0.95403			6
2025.04.02	01:05:03.044	0.95362				2
2025.04.02	01:05:06.376	0.95361				2
2025.04.02	01:05:07.134	0.95368	0.95402			6
2025.04.02	01:05:07.630	0.95365	0.95403			6
2025.04.02	01:05:07.964	0.95364				2
2025.04.02	01:05:08.596	0.95363	0.95397			6
2025.04.02	01:05:13.793	0.95364	0.95403			6
2025.04.02	01:05:19.234	0.95365				2
2025.04.02	01:05:20.396	0.95364				2
2025.04.02	01:05:24.416	0.95365				2
2025.04.02	01:05:30.190		0.95404			4
2025.04.02	01:05:31.982	0.95367	0.95403			6
2025.04.02	01:05:35.901		0.95402			4
2025.04.02	01:05:36.901	0.95365	0.95392			6
2025.04.02	01:05:37.226	0.95369	0.95402			6
2025.04.02	01:05:40.613	0.95370				2
2025.04.02	01:05:46.147	0.95369				2
2025.04.02	01:06:00.613	0.95369				2
2025.04.02	01:06:01.562	0.95370				2
2025.04.02	01:06:06.796	0.95371				2
2025.04.02	01:06:11.717	0.95372				2
2025.04.02	01:06:16.097	0.95371				2
2025.04.02	01:06:17.901	0.95372				2
2025.04.02	01:06:33.244	0.95373				2
2025.04.02	01:06:37.722		0.95402			4
2025.04.02	01:06:38.597	0.95378				2
2025.04.02	01:06:38.924	0.95375				2
2025.04.02	01:06:43.540	0.95376				2
2025.04.02	01:07:00.616	0.95377				2
2025.04.02	01:07:02.466	0.95372	0.95400			6
2025.04.02	01:07:02.940	0.95374	0.95402			6
2025.04.02	01:07:04.098	0.95373				2
2025.04.02	01:07:05.474	0.95374				2
2025.04.02	01:07:23.000		0.95401			4
2025.04.02	01:07:24.074	0.95375				2
2025.04.02	01:07:25.759	0.95378	0.95402			6
2025.04.02	01:07:55.699	0.95375	0.95401			6
2025.04.02	01:08:00.614	0.95375				2
2025.04.02	01:08:03.796		0.95400			4
2025.04.02	01:08:06.149		0.95401			4
2025.04.02	01:08:10.096		0.95400			4
2025.04.02	01:08:14.641	0.95379	0.95402			6
2025.04.02	01:08:15.464	0.95381	0.95405			6
2025.04.02	01:08:16.024	0.95377	0.95402			6
2025.04.02	01:08:17.896		0.95400			4
2025.04.02	01:08:19.454	0.95375	0.95399			6
2025.04.02	01:08:21.148	0.95371	0.95373			6
2025.04.02	01:08:21.468	0.95343	0.95380			6
2025.04.02	01:08:21.785	0.95348	0.95390			6
2025.04.02	01:08:22.089	0.95336	0.95393			6
2025.04.02	01:08:22.418	0.95341	0.95392			6
2025.04.02	01:08:22.726	0.95348	0.95393			6
2025.04.02	01:08:23.046	0.95342	0.95392			6
2025.04.02	01:08:23.450	0.95352				2
2025.04.02	01:08:25.076	0.95356				2
2025.04.02	01:08:27.188	0.95342	0.95395			6
2025.04.02	01:08:28.234	0.95356				2
2025.04.02	01:08:29.056	0.95346				2
2025.04.02	01:08:29.572	0.95347				2
2025.04.02	01:08:31.570		0.95394			4
2025.04.02	01:08:32.261		0.95391			4
2025.04.02	01:08:33.145	0.95361				2
2025.04.02	01:08:34.868	0.95362				2
2025.04.02	01:08:36.257	0.95352	0.95388			6
2025.04.02	01:08:36.584	0.95351	0.95389			6
2025.04.02	01:08:39.906	0.95352				2
2025.04.02	01:08:40.244	0.95354	0.95390			6
2025.04.02	01:08:40.545		0.95389			4
2025.04.02	01:08:40.912	0.95359	0.95388			6
2025.04.02	01:08:41.319	0.95366	0.95389			6
2025.04.02	01:08:42.197		0.95388			4
2025.04.02	01:08:42.505	0.95350	0.95389			6
2025.04.02	01:08:43.695		0.95388			4
2025.04.02	01:08:44.075		0.95386			4
2025.04.02	01:08:45.210	0.95357	0.95385			6
2025.04.02	01:08:46.853		0.95386			4
2025.04.02	01:08:47.297	0.95366				2
2025.04.02	01:08:51.206	0.95358				2
2025.04.02	01:08:51.850		0.95388			4
2025.04.02	01:08:53.175	0.95346	0.95386			6
2025.04.02	01:08:56.150		0.95384			4
2025.04.02	01:08:56.605	0.95362				2
2025.04.02	01:08:57.144	0.95348				2
2025.04.02	01:08:57.728	0.95346	0.95386			6
2025.04.02	01:08:58.046		0.95381			4
2025.04.02	01:08:58.396	0.95347	0.95385			6
2025.04.02	01:08:58.705	0.95349	0.95380			6
2025.04.02	01:08:59.067		0.95383			4
2025.04.02	01:08:59.380		0.95381			4
2025.04.02	01:08:59.686		0.95383			4
2025.04.02	01:09:00.006	0.95349				2
2025.04.02	01:09:00.325		0.95381			4
2025.04.02	01:09:00.635		0.95383			4
2025.04.02	01:09:00.953		0.95381			4
2025.04.02	01:09:01.264	0.95344	0.95383			6
2025.04.02	01:09:01.582	0.95336	0.95392			6
2025.04.02	01:09:01.886	0.95347	0.95393			6
2025.04.02	01:09:02.319	0.95348	0.95396			6
2025.04.02	01:09:02.625		0.95395			4
2025.04.02	01:09:03.469	0.95334				2
2025.04.02	01:09:03.778	0.95337	0.95392			6
2025.04.02	01:09:04.087	0.95355	0.95397			6
2025.04.02	01:09:04.433	0.95333				2
2025.04.02	01:09:05.144	0.95355	0.95396			6
2025.04.02	01:09:05.462	0.95336				2
2025.04.02	01:09:06.187	0.95355	0.95395			6
2025.04.02	01:09:06.512	0.95336				2
2025.04.02	01:09:07.698		0.95396			4
2025.04.02	01:09:08.645	0.95353	0.95395			6
2025.04.02	01:09:09.286	0.95339				2
2025.04.02	01:09:10.094	0.95353	0.95398			6
2025.04.02	01:09:10.405		0.95399			4
2025.04.02	01:09:11.140	0.95336				2
2025.04.02	01:09:12.184		0.95398			4
2025.04.02	01:09:12.489		0.95399			4
2025.04.02	01:09:13.125	0.95352				2
2025.04.02	01:09:13.445		0.95398			4
2025.04.02	01:09:13.819	0.95356				2
2025.04.02	01:09:14.139	0.95336	0.95397			6
2025.04.02	01:09:14.451	0.95347	0.95396			6
2025.04.02	01:09:15.283	0.95346	0.95397			6
2025.04.02	01:09:15.587	0.95366				2
2025.04.02	01:09:17.481		0.95398			4
2025.04.02	01:09:18.111	0.95367	0.95399			6
2025.04.02	01:09:18.529		0.95398			4
2025.04.02	01:09:19.156	0.95363	0.95401			6
2025.04.02	01:09:19.505	0.95368				2
2025.04.02	01:09:20.749		0.95403			4
2025.04.02	01:09:25.904	0.95369	0.95407			6
2025.04.02	01:09:26.349	0.95359	0.95406			6
2025.04.02	01:09:27.933	0.95358				2
2025.04.02	01:09:28.241	0.95356				2
2025.04.02	01:09:31.310	0.95355				2
2025.04.02	01:09:32.114	0.95346				2
2025.04.02	01:09:33.308	0.95345	0.95407			6
2025.04.02	01:09:33.657	0.95353				2
2025.04.02	01:09:33.964	0.95363	0.95406			6
2025.04.02	01:09:41.381	0.95356	0.95407			6
2025.04.02	01:09:42.935	0.95357				2
2025.04.02	01:09:44.295	0.95368				2
2025.04.02	01:09:46.158	0.95357	0.95406			6
2025.04.02	01:09:46.463	0.95369				2
2025.04.02	01:09:47.600	0.95358				2
2025.04.02	01:09:47.950	0.95363	0.95401			6
2025.04.02	01:09:48.275	0.95369	0.95406			6
2025.04.02	01:09:48.969	0.95368	0.95401			6
2025.04.02	01:09:49.274	0.95358	0.95406			6
2025.04.02	01:09:49.592	0.95368	0.95401			6
2025.04.02	01:09:49.903	0.95363				2
2025.04.02	01:09:50.583	0.95369	0.95404			6
2025.04.02	01:09:52.793	0.95361				2
2025.04.02	01:09:53.151	0.95358				2
2025.04.02	01:09:57.238	0.95399	0.95407			6
2025.04.02	01:09:59.103	0.95404				2
2025.04.02	01:09:59.467	0.95402	0.95409			6
2025.04.02	01:09:59.895		0.95417			4
2025.04.02	01:10:00.207	0.95399	0.95418			6
2025.04.02	01:10:02.120		0.95419			4
2025.04.02	01:10:06.646	0.95396	0.95420			6
2025.04.02	01:10:08.390		0.95421			4
2025.04.02	01:10:09.121		0.95420			4
2025.04.02	01:10:09.795	0.95392	0.95415			6
2025.04.02	01:10:12.941	0.95401	0.95419			6
2025.04.02	01:10:13.244	0.95392	0.95415			6
2025.04.02	01:10:14.258	0.95390	0.95413			6
2025.04.02	01:10:14.600	0.95389	0.95415			6
2025.04.02	01:10:19.512	0.95393	0.95416			6
2025.04.02	01:10:20.411	0.95392	0.95415			6
2025.04.02	01:10:27.265	0.95400	0.95420			6
2025.04.02	01:10:27.592	0.95398	0.95419			6
2025.04.02	01:10:27.922		0.95418			4
2025.04.02	01:10:28.246		0.95419			4
2025.04.02	01:10:28.925		0.95418			4
2025.04.02	01:10:30.032	0.95396	0.95419			6
2025.04.02	01:10:30.362	0.95399	0.95420			6
2025.04.02	01:10:31.669	0.95400	0.95421			6
2025.04.02	01:10:36.198		0.95420			4
2025.04.02	01:10:38.900		0.95421			4
2025.04.02	01:10:39.453	0.95399				2
2025.04.02	01:10:41.412	0.95398				2
2025.04.02	01:10:42.925	0.95399				2
2025.04.02	01:10:43.387	0.95400				2
2025.04.02	01:10:46.347	0.95401				2
2025.04.02	01:10:47.869	0.95400				2
2025.04.02	01:10:50.016	0.95398				2
2025.04.02	01:10:50.620	0.95400				2
2025.04.02	01:10:52.593	0.95399				2
2025.04.02	01:10:55.436	0.95400				2
2025.04.02	01:10:55.744	0.95407	0.95422			6
2025.04.02	01:10:56.046	0.95401	0.95427			6
2025.04.02	01:10:56.391	0.95413	0.95436			6
2025.04.02	01:10:56.712	0.95417	0.95437			6
2025.04.02	01:10:57.044	0.95412	0.95431			6
2025.04.02	01:10:57.657	0.95408				2
2025.04.02	01:10:58.027	0.95412	0.95432			6
2025.04.02	01:10:58.330	0.95418	0.95436			6
2025.04.02	01:10:58.994		0.95438			4
2025.04.02	01:10:59.699	0.95427	0.95441			6
2025.04.02	01:11:00.038	0.95429	0.95443			6
2025.04.02	01:11:00.346	0.95428	0.95444			6
2025.04.02	01:11:00.799	0.95430	0.95448			6
2025.04.02	01:11:01.637	0.95424				2
2025.04.02	01:11:02.384	0.95430				2
2025.04.02	01:11:05.357	0.95427				2
2025.04.02	01:11:06.254	0.95426	0.95447			6
2025.04.02	01:11:07.398	0.95427				2
2025.04.02	01:11:07.971		0.95448			4
2025.04.02	01:11:10.350	0.95426				2
2025.04.02	01:11:12.639	0.95428				2
2025.04.02	01:11:18.384	0.95427	0.95443			6
2025.04.02	01:11:19.718	0.95424	0.95441			6
2025.04.02	01:11:20.064	0.95419				2
2025.04.02	01:11:20.811	0.95424				2
2025.04.02	01:11:21.504	0.95422	0.95438			6
2025.04.02	01:11:22.257	0.95425	0.95440			6
2025.04.02	01:11:24.197	0.95428	0.95442			6
2025.04.02	01:11:25.200	0.95427	0.95441			6
2025.04.02	01:11:25.510	0.95426	0.95440			6
2025.04.02	01:11:26.533	0.95423	0.95437			6
2025.04.02	01:11:28.185	0.95424	0.95440			6
2025.04.02	01:11:29.623	0.95421	0.95437			6
2025.04.02	01:11:32.825		0.95436			4
2025.04.02	01:11:35.183	0.95417	0.95431			6
2025.04.02	01:11:35.487	0.95416	0.95430			6
2025.04.02	01:11:36.207		0.95431			4
2025.04.02	01:11:37.726	0.95417	0.95430			6
2025.04.02	01:11:38.367	0.95418	0.95431			6
2025.04.02	01:11:43.527	0.95416				2
2025.04.02	01:11:55.730		0.95430			4
2025.04.02	01:11:56.063	0.95418	0.95431			6
2025.04.02	01:11:59.088	0.95417	0.95430			6
2025.04.02	01:11:59.769	0.95410	0.95421			6
2025.04.02	01:12:00.114	0.95410	0.95420			6
2025.04.02	01:12:00.456	0.95406				2
2025.04.02	01:12:01.213	0.95409				2
2025.04.02	01:12:03.074	0.95400				2
2025.04.02	01:12:03.797	0.95408				2
2025.04.02	01:12:05.015	0.95412	0.95421			6
2025.04.02	01:12:06.356	0.95413				2
2025.04.02	01:12:10.361	0.95409				2
2025.04.02	01:12:11.048	0.95400				2
2025.04.02	01:12:11.599	0.95407				2
2025.04.02	01:12:13.235	0.95409	0.95426			6
2025.04.02	01:12:15.901	0.95411				2
2025.04.02	01:12:19.295		0.95427			4
2025.04.02	01:12:19.700		0.95426			4
2025.04.02	01:12:22.474	0.95409				2
2025.04.02	01:12:23.472		0.95425			4
2025.04.02	01:12:25.110		0.95426			4
2025.04.02	01:12:27.648		0.95422			4
2025.04.02	01:12:28.001		0.95421			4
2025.04.02	01:12:30.363	0.95402				2
2025.04.02	01:12:31.367	0.95409				2
2025.04.02	01:12:33.469	0.95407	0.95422			6
2025.04.02	01:12:34.136	0.95413	0.95425			6
2025.04.02	01:12:36.581		0.95428			4
2025.04.02	01:12:37.215		0.95425			4
2025.04.02	01:12:38.022		0.95428			4
2025.04.02	01:12:53.228	0.95407	0.95423			6
2025.04.02	01:12:53.808	0.95405	0.95420			6
2025.04.02	01:12:56.554	0.95406				2
2025.04.02	01:12:57.016		0.95419			4
2025.04.02	01:13:00.196	0.95408				2
2025.04.02	01:13:01.982		0.95420			4
2025.04.02	01:13:07.130	0.95404	0.95418			6
2025.04.02	01:13:08.896		0.95419			4
2025.04.02	01:13:13.397	0.95406				2
2025.04.02	01:13:14.889	0.95408				2
2025.04.02	01:13:16.853	0.95409	0.95420			6
2025.04.02	01:13:44.800	0.95411				2
2025.04.02	01:13:45.811	0.95415	0.95423			6
2025.04.02	01:13:48.669	0.95420	0.95429			6
2025.04.02	01:13:49.677	0.95417	0.95428			6
2025.04.02	01:13:50.603	0.95416				2
2025.04.02	01:13:55.576	0.95414				2
2025.04.02	01:13:57.797		0.95427			4
2025.04.02	01:14:00.356	0.95414				2
2025.04.02	01:14:01.688		0.95425			4
2025.04.02	01:14:02.086		0.95426			4
2025.04.02	01:14:05.101		0.95425			4
2025.04.02	01:14:07.085	0.95412	0.95424			6
2025.04.02	01:14:07.394		0.95422			4
2025.04.02	01:14:07.697		0.95423			4
2025.04.02	01:14:09.426		0.95424			4
2025.04.02	01:14:13.568	0.95414	0.95426			6
2025.04.02	01:14:17.901		0.95425			4
2025.04.02	01:14:19.397		0.95426			4
2025.04.02	01:14:20.898		0.95425			4
2025.04.02	01:14:21.496		0.95426			4
2025.04.02	01:14:22.098		0.95425			4
2025.04.02	01:14:25.397		0.95426			4
2025.04.02	01:14:33.443	0.95420	0.95428			6
2025.04.02	01:14:33.799		0.95429			4
2025.04.02	01:14:54.762	0.95414	0.95425			6
2025.04.02	01:15:00.387	0.95416	0.95426			6
2025.04.02	01:15:03.790		0.95427			4
2025.04.02	01:15:06.087	0.95417	0.95429			6
2025.04.02	01:15:06.496		0.95428			4
2025.04.02	01:15:07.125		0.95429			4
2025.04.02	01:15:11.896		0.95428			4
2025.04.02	01:15:12.338		0.95429			4
2025.04.02	01:15:13.407	0.95421	0.95430			6
2025.04.02	01:15:16.086	0.95427	0.95432			6
2025.04.02	01:15:16.400		0.95433			4
2025.04.02	01:15:17.331	0.95424				2
2025.04.02	01:15:17.744	0.95428	0.95438			6
2025.04.02	01:15:18.662	0.95427				2
2025.04.02	01:15:19.771	0.95428				2
2025.04.02	01:15:22.924	0.95429				2
2025.04.02	01:15:26.000		0.95439			4
2025.04.02	01:15:26.347		0.95438			4
2025.04.02	01:15:27.042		0.95439			4
2025.04.02	01:15:27.768		0.95440			4
2025.04.02	01:15:28.356		0.95439			4
2025.04.02	01:15:29.406	0.95431				2
2025.04.02	01:15:33.984	0.95428	0.95440			6
2025.04.02	01:15:34.866	0.95423				2
2025.04.02	01:15:35.181	0.95424	0.95441			6
2025.04.02	01:15:35.643	0.95428				2
2025.04.02	01:15:40.962	0.95424				2
2025.04.02	01:15:41.712	0.95428				2
2025.04.02	01:15:44.009	0.95424	0.95442			6
2025.04.02	01:15:44.707	0.95430				2
2025.04.02	01:15:56.783		0.95441			4
2025.04.02	01:15:58.482	0.95429	0.95439			6
2025.04.02	01:15:58.854		0.95440			4
2025.04.02	01:16:00.259	0.95429				2
2025.04.02	01:16:03.390	0.95432	0.95442			6
2025.04.02	01:16:03.720		0.95443			4
2025.04.02	01:16:05.445	0.95431				2
2025.04.02	01:16:08.645	0.95432				2
2025.04.02	01:16:09.863	0.95434				2
2025.04.02	01:16:10.202	0.95432				2
2025.04.02	01:16:21.349		0.95447			4
2025.04.02	01:16:21.676		0.95446			4
2025.04.02	01:16:22.392	0.95438	0.95448			6
2025.04.02	01:16:22.737		0.95449			4
2025.04.02	01:16:23.861	0.95435				2
2025.04.02	01:16:24.184	0.95438				2
2025.04.02	01:16:27.207	0.95431	0.95448			6
2025.04.02	01:16:31.096	0.95432				2
2025.04.02	01:16:41.305		0.95447			4
2025.04.02	01:16:42.497		0.95448			4
2025.04.02	01:16:43.395		0.95447			4
2025.04.02	01:16:44.700		0.95448			4
2025.04.02	01:16:45.348		0.95447			4
2025.04.02	01:16:45.773		0.95448			4
2025.04.02	01:16:46.390		0.95447			4
2025.04.02	01:16:47.282		0.95448			4
2025.04.02	01:16:49.141	0.95434				2
2025.04.02	01:16:49.453		0.95447			4
2025.04.02	01:16:54.643		0.95448			4
2025.04.02	01:16:55.401		0.95447			4
2025.04.02	01:16:56.717	0.95433	0.95448			6
2025.04.02	01:16:57.499		0.95447			4
2025.04.02	01:16:58.852		0.95448			4
2025.04.02	01:16:59.186	0.95436				2
2025.04.02	01:17:00.185	0.95434				2
2025.04.02	01:17:00.554		0.95447			4
2025.04.02	01:17:01.437	0.95435	0.95448			6
2025.04.02	01:17:02.842	0.95434				2
2025.04.02	01:17:03.360	0.95437	0.95449			6
2025.04.02	01:17:04.500		0.95448			4
2025.04.02	01:17:05.123	0.95435				2
2025.04.02	01:17:05.455	0.95434				2
2025.04.02	01:17:09.563	0.95433	0.95449			6
2025.04.02	01:17:10.886	0.95432				2
2025.04.02	01:17:12.087		0.95448			4
2025.04.02	01:17:12.797		0.95449			4
2025.04.02	01:17:14.176		0.95448			4
2025.04.02	01:17:14.896		0.95449			4
2025.04.02	01:17:16.264		0.95448			4
2025.04.02	01:17:20.890	0.95431				2
2025.04.02	01:17:22.461		0.95447			4
2025.04.02	01:17:23.989	0.95432				2
2025.04.02	01:17:24.304	0.95431				2
2025.04.02	01:17:25.397	0.95432				2
2025.04.02	01:17:26.295	0.95431				2
2025.04.02	01:17:30.213	0.95432				2
2025.04.02	01:17:39.944	0.95436	0.95448			6
2025.04.02	01:17:40.313	0.95433	0.95447			6
2025.04.02	01:17:42.365	0.95437	0.95448			6
2025.04.02	01:17:43.695	0.95433				2
2025.04.02	01:17:44.442	0.95437				2
2025.04.02	01:17:46.940	0.95439	0.95450			6
2025.04.02	01:17:51.759	0.95435	0.95447			6
2025.04.02	01:17:52.484	0.95436				2
2025.04.02	01:17:54.355	0.95435				2
2025.04.02	01:17:55.247		0.95448			4
2025.04.02	01:17:55.560	0.95438	0.95451			6
2025.04.02	01:17:55.877	0.95437	0.95449			6
2025.04.02	01:17:56.357	0.95438				2
2025.04.02	01:17:58.125		0.95450			4
2025.04.02	01:17:59.564	0.95442	0.95451			6
2025.04.02	01:18:00.323	0.95442				2
2025.04.02	01:18:00.625	0.95441				2
2025.04.02	01:18:01.392	0.95442	0.95452			6
2025.04.02	01:18:02.025	0.95443				2
2025.04.02	01:18:02.338	0.95444	0.95453			6
2025.04.02	01:18:03.354	0.95442				2
2025.04.02	01:18:04.646	0.95441				2
2025.04.02	01:18:05.289	0.95440				2
2025.04.02	01:18:05.606	0.95445				2
2025.04.02	01:18:06.678	0.95446				2
2025.04.02	01:18:06.991	0.95447				2
2025.04.02	01:18:07.304	0.95439	0.95452			6
2025.04.02	01:18:08.016	0.95445	0.95453			6
2025.04.02	01:18:08.355	0.95448	0.95457			6
2025.04.02	01:18:08.671		0.95458			4
2025.04.02	01:18:09.785	0.95444				2
2025.04.02	01:18:10.165	0.95443	0.95457			6
2025.04.02	01:18:10.472	0.95448				2
2025.04.02	01:18:10.787		0.95458			4
2025.04.02	01:18:11.092	0.95450	0.95459			6
2025.04.02	01:18:11.604	0.95449				2
2025.04.02	01:18:11.926	0.95454	0.95461			6
2025.04.02	01:18:12.243	0.95447				2
2025.04.02	01:18:12.952	0.95455	0.95463			6
2025.04.02	01:18:13.259	0.95449	0.95461			6
2025.04.02	01:18:13.565	0.95450	0.95463			6
2025.04.02	01:18:14.088		0.95464			4
2025.04.02	01:18:14.575	0.95455	0.95463			6
2025.04.02	01:18:14.930	0.95450				2
2025.04.02	01:18:16.349	0.95455				2
2025.04.02	01:18:17.356		0.95461			4
2025.04.02	01:18:18.196	0.95457				2
2025.04.02	01:18:19.916	0.95456				2
2025.04.02	01:18:25.123	0.95452				2
2025.04.02	01:18:29.372	0.95449				2
2025.04.02	01:18:29.724	0.95447				2
2025.04.02	01:18:30.396	0.95453				2
2025.04.02	01:18:32.498	0.95454				2
2025.04.02	01:18:32.816	0.95455				2
2025.04.02	01:18:33.121	0.95454				2
2025.04.02	01:18:33.438	0.95453				2
2025.04.02	01:18:36.758	0.95454				2
2025.04.02	01:18:37.103	0.95453				2
2025.04.02	01:18:41.564	0.95450				2
2025.04.02	01:18:42.378	0.95453				2
2025.04.02	01:18:46.145		0.95463			4
2025.04.02	01:18:47.289	0.95454	0.95461			6
2025.04.02	01:18:48.244		0.95463			4
2025.04.02	01:18:48.871	0.95457				2
2025.04.02	01:18:50.264	0.95456	0.95461			6
2025.04.02	01:18:51.979	0.95470	0.95476			6
2025.04.02	01:18:52.294	0.95471	0.95479			6
2025.04.02	01:18:53.245	0.95466				2
2025.04.02	01:18:53.674	0.95472	0.95485			6
2025.04.02	01:18:54.374		0.95484			4
2025.04.02	01:18:56.063		0.95485			4
2025.04.02	01:18:56.395	0.95473	0.95486			6
2025.04.02	01:18:58.363	0.95469	0.95481			6
2025.04.02	01:18:58.800	0.95475	0.95486			6
2025.04.02	01:18:59.105	0.95476	0.95489			6
2025.04.02	01:18:59.576		0.95488			4
2025.04.02	01:19:00.390	0.95476	0.95489			6
2025.04.02	01:19:00.691	0.95477				2
2025.04.02	01:19:01.074	0.95476				2
2025.04.02	01:19:01.427	0.95477				2
2025.04.02	01:19:01.759	0.95476				2
2025.04.02	01:19:02.667	0.95483	0.95493			6
2025.04.02	01:19:03.171	0.95482	0.95492			6
2025.04.02	01:19:04.710	0.95480	0.95491			6
2025.04.02	01:19:05.297	0.95482				2
2025.04.02	01:19:06.839	0.95478	0.95490			6
2025.04.02	01:19:07.148	0.95475	0.95489			6
2025.04.02	01:19:07.489	0.95478				2
2025.04.02	01:19:07.810		0.95488			4
2025.04.02	01:19:08.617	0.95482	0.95491			6
2025.04.02	01:19:09.338	0.95488	0.95497			6
2025.04.02	01:19:09.642	0.95485	0.95499			6
2025.04.02	01:19:09.967	0.95486				2
2025.04.02	01:19:10.425	0.95492				2
2025.04.02	01:19:10.993	0.95491	0.95500			6
2025.04.02	01:19:11.918	0.95486	0.95497			6
2025.04.02	01:19:12.985	0.95481	0.95494			6
2025.04.02	01:19:13.616		0.95491			4
2025.04.02	01:19:14.318	0.95483	0.95493			6
2025.04.02	01:19:17.100	0.95481	0.95491			6
2025.04.02	01:19:21.636		0.95490			4
2025.04.02	01:19:22.471	0.95479	0.95492			6
2025.04.02	01:19:24.557	0.95480				2
2025.04.02	01:19:26.753	0.95479				2
2025.04.02	01:19:27.507	0.95480				2
2025.04.02	01:19:29.896	0.95485	0.95495			6
2025.04.02	01:19:30.958		0.95494			4
2025.04.02	01:19:35.625	0.95484				2
2025.04.02	01:19:36.272	0.95486	0.95498			6
2025.04.02	01:19:36.587	0.95485	0.95495			6
2025.04.02	01:19:36.954	0.95484	0.95494			6
2025.04.02	01:19:38.349		0.95493			4
2025.04.02	01:19:40.757	0.95479				2
2025.04.02	01:19:41.446		0.95491			4
2025.04.02	01:19:41.862	0.95474	0.95488			6
2025.04.02	01:19:42.214	0.95476				2
2025.04.02	01:19:42.573	0.95474				2
2025.04.02	01:19:42.904		0.95487			4
2025.04.02	01:19:44.533	0.95475				2
2025.04.02	01:19:46.567	0.95474				2
2025.04.02	01:19:49.098	0.95478	0.95490			6
2025.04.02	01:19:49.758	0.95477	0.95489			6
2025.04.02	01:19:50.597	0.95476				2
2025.04.02	01:19:53.290	0.95482	0.95494			6
2025.04.02	01:19:55.396	0.95481				2
2025.04.02	01:19:59.021	0.95483	0.95497			6
2025.04.02	01:20:00.325	0.95484	0.95496			6
2025.04.02	01:20:00.860	0.95486	0.95499			6
2025.04.02	01:20:01.988	0.95485				2
2025.04.02	01:20:02.341	0.95487				2
2025.04.02	01:20:03.413	0.95486				2
2025.04.02	01:20:04.102	0.95487	0.95500			6
2025.04.02	01:20:06.195	0.95489				2
2025.04.02	01:20:06.524	0.95487				2
2025.04.02	01:20:12.064	0.95483	0.95496			6
2025.04.02	01:20:12.396	0.95485				2
2025.04.02	01:20:13.234		0.95498			4
2025.04.02	01:20:13.695	0.95484	0.95497			6
2025.04.02	01:20:15.496		0.95496			4
2025.04.02	01:20:15.982	0.95485	0.95497			6
2025.04.02	01:20:16.990	0.95484				2
2025.04.02	01:20:17.310	0.95485				2
2025.04.02	01:20:17.817	0.95484				2
2025.04.02	01:20:22.304	0.95485	0.95498			6
2025.04.02	01:20:30.918	0.95483	0.95496			6
2025.04.02	01:20:32.960	0.95480	0.95493			6
2025.04.02	01:20:35.411	0.95484	0.95498			6
2025.04.02	01:20:36.798	0.95485				2
2025.04.02	01:20:39.664	0.95486	0.95500			6
2025.04.02	01:20:40.623	0.95489				2
2025.04.02	01:20:44.091	0.95488	0.95502			6
2025.04.02	01:20:44.544	0.95490				2
2025.04.02	01:20:44.854	0.95489	0.95501			6
2025.04.02	01:20:46.247	0.95488				2
2025.04.02	01:20:46.991	0.95489				2
2025.04.02	01:20:51.298	0.95490	0.95503			6
2025.04.02	01:20:51.635	0.95489	0.95502			6
2025.04.02	01:20:55.469	0.95487	0.95500			6
2025.04.02	01:20:58.757	0.95486	0.95498			6
2025.04.02	01:21:00.243	0.95486				2
2025.04.02	01:21:00.623	0.95477	0.95489			6
2025.04.02	01:21:00.979	0.95478	0.95490			6
2025.04.02	01:21:01.303	0.95476				2
2025.04.02	01:21:01.609	0.95478				2
2025.04.02	01:21:03.551	0.95480				2
2025.04.02	01:21:05.427	0.95475	0.95489			6
2025.04.02	01:21:05.730	0.95474	0.95488			6
2025.04.02	01:21:09.492	0.95478	0.95490			6
2025.04.02	01:21:11.413	0.95477				2
2025.04.02	01:21:13.056	0.95478				2
2025.04.02	01:21:13.501	0.95481	0.95494			6
2025.04.02	01:21:14.149		0.95491			4
2025.04.02	01:21:14.461		0.95493			4
2025.04.02	01:21:14.766	0.95478	0.95492			6
2025.04.02	01:21:17.228	0.95481	0.95489			6
2025.04.02	01:21:18.220	0.95480				2
2025.04.02	01:21:18.835		0.95490			4
2025.04.02	01:21:20.360	0.95481	0.95496			6
2025.04.02	01:21:21.011	0.95487				2
2025.04.02	01:21:21.727	0.95488				2
2025.04.02	01:21:22.422	0.95487	0.95500			6
2025.04.02	01:21:25.670	0.95486	0.95499			6
2025.04.02	01:21:26.254	0.95488				2
2025.04.02	01:21:26.743	0.95489				2
2025.04.02	01:21:31.069	0.95484	0.95496			6
2025.04.02	01:21:31.382		0.95497			4
2025.04.02	01:21:31.746	0.95485	0.95496			6
2025.04.02	01:21:35.127	0.95484				2
2025.04.02	01:21:35.532	0.95485				2
2025.04.02	01:21:36.333	0.95483				2
2025.04.02	01:21:36.687		0.95494			4
2025.04.02	01:21:36.989	0.95484	0.95495			6
2025.04.02	01:21:46.644	0.95485	0.95496			6
2025.04.02	01:21:54.999	0.95484				2
2025.04.02	01:21:57.754		0.95495			4
2025.04.02	01:21:58.690	0.95479	0.95492			6
2025.04.02	01:22:00.765	0.95480				2
2025.04.02	01:22:01.755	0.95482	0.95493			6
2025.04.02	01:22:02.059		0.95494			4
2025.04.02	01:22:03.299	0.95481				2
2025.04.02	01:22:04.049	0.95482				2
2025.04.02	01:22:04.941	0.95487	0.95497			6
2025.04.02	01:22:05.339	0.95481	0.95494			6
2025.04.02	01:22:07.866	0.95487	0.95499			6
2025.04.02	01:22:08.194	0.95486				2
2025.04.02	01:22:22.178		0.95498			4
2025.04.02	01:22:28.494	0.95485				2
2025.04.02	01:22:31.347	0.95487	0.95499			6
2025.04.02	01:22:33.559		0.95500			4
2025.04.02	01:22:37.827	0.95486				2
2025.04.02	01:22:38.235	0.95487				2
2025.04.02	01:22:41.900	0.95486	0.95497			6
2025.04.02	01:22:44.959	0.95493	0.95504			6
2025.04.02	01:22:45.393	0.95490	0.95503			6
2025.04.02	01:22:46.321	0.95488	0.95499			6
2025.04.02	01:22:47.358		0.95498			4
2025.04.02	01:22:47.993	0.95486				2
2025.04.02	01:22:51.192	0.95487	0.95499			6
2025.04.02	01:22:56.777	0.95483	0.95495			6
2025.04.02	01:22:58.432	0.95486	0.95496			6
2025.04.02	01:23:00.494	0.95486				2
2025.04.02	01:23:05.546	0.95483				2
2025.04.02	01:23:08.837	0.95485				2
2025.04.02	01:23:10.926	0.95484	0.95495			6
2025.04.02	01:23:21.388	0.95483				2
2025.04.02	01:23:26.896	0.95487	0.95494			6
2025.04.02	01:23:27.206	0.95481				2
2025.04.02	01:23:27.943	0.95487				2
2025.04.02	01:23:29.063		0.95495			4
2025.04.02	01:23:30.196	0.95485	0.95494			6
2025.04.02	01:23:30.796	0.95487				2
2025.04.02	01:23:31.655	0.95483	0.95495			6
2025.04.02	01:23:32.748		0.95494			4
2025.04.02	01:23:36.993		0.95495			4
2025.04.02	01:23:57.236	0.95484				2
2025.04.02	01:24:00.437	0.95484				2
2025.04.02	01:24:01.921	0.95482				2
2025.04.02	01:24:03.977	0.95487	0.95497			6
2025.04.02	01:24:05.007		0.95499			4
2025.04.02	01:24:05.389	0.95485				2
2025.04.02	01:24:08.081	0.95481	0.95495			6
2025.04.02	01:24:11.270	0.95480				2
2025.04.02	01:24:13.764	0.95481				2
2025.04.02	01:24:14.097	0.95480	0.95493			6
2025.04.02	01:24:19.122	0.95482	0.95495			6
2025.04.02	01:24:19.491	0.95484				2
2025.04.02	01:24:23.207	0.95478	0.95491			6
2025.04.02	01:24:23.596	0.95479	0.95493			6
2025.04.02	01:24:28.821	0.95481	0.95494			6
2025.04.02	01:24:29.353	0.95480				2
2025.04.02	01:24:43.077	0.95481				2
2025.04.02	01:24:43.489	0.95482				2
2025.04.02	01:24:46.225	0.95481				2
2025.04.02	01:24:50.136	0.95482				2
2025.04.02	01:24:58.776		0.95495			4
2025.04.02	01:25:00.968	0.95482	0.95494			6
2025.04.02	01:25:04.101	0.95488	0.95501			6
2025.04.02	01:25:08.942	0.95489				2
2025.04.02	01:25:12.622		0.95502			4
2025.04.02	01:25:14.353	0.95488	0.95501			6
2025.04.02	01:25:18.648	0.95486	0.95499			6
2025.04.02	01:25:38.892	0.95488	0.95498			6
2025.04.02	01:25:39.262	0.95486				2
2025.04.02	01:25:40.807		0.95499			4
2025.04.02	01:25:41.116	0.95484				2
2025.04.02	01:25:48.171	0.95489	0.95501			6
2025.04.02	01:25:48.804		0.95502			4
2025.04.02	01:25:50.684	0.95486	0.95500			6
2025.04.02	01:25:51.711		0.95498			4
2025.04.02	01:25:57.153	0.95487	0.95499			6
2025.04.02	01:25:59.955	0.95488				2
2025.04.02	01:26:01.698	0.95488				2
2025.04.02	01:26:02.073	0.95486				2
2025.04.02	01:26:06.737	0.95485				2
2025.04.02	01:26:12.926	0.95489				2
2025.04.02	01:26:13.231	0.95490	0.95500			6
2025.04.02	01:26:15.190	0.95489				2
2025.04.02	01:26:15.516		0.95501			4
2025.04.02	01:26:16.996	0.95488	0.95500			6
2025.04.02	01:26:22.297	0.95489				2
2025.04.02	01:26:42.245	0.95488				2
2025.04.02	01:26:43.968	0.95487	0.95501			6
2025.04.02	01:26:47.109	0.95488	0.95502			6
2025.04.02	01:26:48.197	0.95487	0.95500			6
2025.04.02	01:26:54.769	0.95488				2
2025.04.02	01:26:55.086	0.95490	0.95504			6
2025.04.02	01:26:55.634	0.95491				2
2025.04.02	01:26:57.122	0.95490	0.95502			6
2025.04.02	01:27:00.196	0.95490				2
2025.04.02	01:27:00.535	0.95489				2
2025.04.02	01:27:00.895	0.95493	0.95504			6
2025.04.02	01:27:01.410	0.95488	0.95501			6
2025.04.02	01:27:12.944	0.95491	0.95503			6
2025.04.02	01:27:18.156	0.95489	0.95502			6
2025.04.02	01:27:18.465	0.95488				2
2025.04.02	01:27:19.582	0.95486	0.95500			6
2025.04.02	01:27:21.179		0.95501			4
2025.04.02	01:27:22.319	0.95487				2
2025.04.02	01:27:23.100	0.95491	0.95500			6
2025.04.02	01:27:25.096		0.95501			4
2025.04.02	01:27:26.431	0.95488				2
2025.04.02	01:27:27.129	0.95490	0.95502			6
2025.04.02	01:27:28.579	0.95489				2
2025.04.02	01:27:29.060	0.95484	0.95497			6
2025.04.02	01:27:29.463	0.95486				2
2025.04.02	01:27:29.960	0.95488	0.95498			6
2025.04.02	01:27:30.266		0.95501			4
2025.04.02	01:27:31.611	0.95487	0.95500			6
2025.04.02	01:27:36.772	0.95489				2
2025.04.02	01:27:37.088	0.95491	0.95501			6
2025.04.02	01:27:41.649	0.95488	0.95499			6
2025.04.02	01:27:42.535		0.95500			4
2025.04.02	01:27:46.076		0.95499			4
2025.04.02	01:27:48.642		0.95500			4
2025.04.02	01:27:48.945		0.95501			4
2025.04.02	01:27:50.208	0.95486	0.95500			6
2025.04.02	01:27:54.005	0.95489	0.95501			6
2025.04.02	01:27:56.642	0.95487				2
2025.04.02	01:28:00.438	0.95491				2
2025.04.02	01:28:00.795		0.95502			4
2025.04.02	01:28:01.184	0.95488				2
2025.04.02	01:28:04.607	0.95486	0.95500			6
2025.04.02	01:28:06.278	0.95487				2
2025.04.02	01:28:12.752	0.95481	0.95495			6
2025.04.02	01:28:13.055	0.95479	0.95494			6
2025.04.02	01:28:13.374	0.95480	0.95496			6
2025.04.02	01:28:16.371	0.95481				2
2025.04.02	01:28:18.430	0.95482				2
2025.04.02	01:28:19.128	0.95481				2
2025.04.02	01:28:23.307	0.95482				2
2025.04.02	01:28:31.397	0.95481				2
2025.04.02	01:28:48.532	0.95479	0.95493			6
2025.04.02	01:28:48.991	0.95477	0.95492			6
2025.04.02	01:28:54.146	0.95481	0.95495			6
2025.04.02	01:28:59.683		0.95496			4
2025.04.02	01:29:00.220	0.95478	0.95492			6
2025.04.02	01:29:02.074	0.95483	0.95496			6
2025.04.02	01:29:04.396	0.95482	0.95495			6
2025.04.02	01:29:05.925	0.95483				2
2025.04.02	01:29:31.277	0.95476	0.95490			6
2025.04.02	01:29:32.368	0.95477	0.95491			6
2025.04.02	01:29:33.993	0.95476	0.95490			6
2025.04.02	01:29:34.299		0.95489			4
2025.04.02	01:29:34.606		0.95490			4
2025.04.02	01:29:36.969	0.95478	0.95492			6
2025.04.02	01:29:41.554	0.95477				2
2025.04.02	01:29:41.865		0.95491			4
2025.04.02	01:29:43.696		0.95492			4
2025.04.02	01:29:52.370	0.95475	0.95490			6
2025.04.02	01:30:00.308	0.95475	0.95489			6
2025.04.02	01:30:00.675	0.95474				2
2025.04.02	01:30:01.416		0.95488			4
2025.04.02	01:30:02.032	0.95477	0.95482			6
2025.04.02	01:30:02.372	0.95478	0.95483			6
2025.04.02	01:30:04.187	0.95477	0.95482			6
2025.04.02	01:30:04.492	0.95480	0.95490			6
2025.04.02	01:30:04.891		0.95491			4
2025.04.02	01:30:06.990	0.95477				2
2025.04.02	01:30:07.291	0.95476				2
2025.04.02	01:30:07.875	0.95472	0.95487			6
2025.04.02	01:30:10.993	0.95471				2
2025.04.02	01:30:12.093		0.95485			4
2025.04.02	01:30:12.410		0.95483			4
2025.04.02	01:30:15.446	0.95470				2
2025.04.02	01:30:15.797	0.95472				2
2025.04.02	01:30:22.841		0.95486			4
2025.04.02	01:30:26.687	0.95468	0.95483			6
2025.04.02	01:30:27.694	0.95466	0.95479			6
2025.04.02	01:30:29.946	0.95467	0.95478			6
2025.04.02	01:30:30.254	0.95463				2
2025.04.02	01:30:33.945	0.95462				2
2025.04.02	01:30:38.330	0.95463				2
2025.04.02	01:30:46.385		0.95474			4
2025.04.02	01:31:00.612	0.95463				2
2025.04.02	01:31:02.096	0.95461	0.95470			6
2025.04.02	01:31:03.539		0.95472			4
2025.04.02	01:31:06.027	0.95463	0.95473			6
2025.04.02	01:31:09.513	0.95461				2
2025.04.02	01:31:10.243	0.95459	0.95470			6
2025.04.02	01:31:10.580	0.95460				2
2025.04.02	01:31:11.654	0.95455				2
2025.04.02	01:31:12.566	0.95459				2
2025.04.02	01:31:12.871	0.95457	0.95469			6
2025.04.02	01:31:15.118		0.95467			4
2025.04.02	01:31:16.093	0.95455	0.95466			6
2025.04.02	01:31:16.442	0.95454				2
2025.04.02	01:31:21.284	0.95456				2
2025.04.02	01:31:21.673	0.95454	0.95465			6
2025.04.02	01:31:24.632	0.95456	0.95466			6
2025.04.02	01:31:31.480	0.95457				2
2025.04.02	01:31:34.399	0.95454				2
2025.04.02	01:31:34.997	0.95456				2
2025.04.02	01:31:41.116	0.95452	0.95463			6
2025.04.02	01:31:54.499	0.95453				2
2025.04.02	01:32:01.094	0.95451	0.95459			6
2025.04.02	01:32:03.618	0.95454	0.95462			6
2025.04.02	01:32:04.520	0.95453				2
2025.04.02	01:32:05.450	0.95450				2
2025.04.02	01:32:09.397		0.95463			4
2025.04.02	01:32:12.892	0.95448	0.95460			6
2025.04.02	01:32:13.741	0.95446	0.95458			6
2025.04.02	01:32:23.438		0.95459			4
2025.04.02	01:32:24.349	0.95447				2
2025.04.02	01:32:24.669	0.95446				2
2025.04.02	01:32:25.335	0.95447				2
2025.04.02	01:32:25.697	0.95446				2
2025.04.02	01:32:31.145	0.95445	0.95456			6
2025.04.02	01:32:34.347	0.95449	0.95458			6
2025.04.02	01:32:34.670	0.95448				2
2025.04.02	01:32:37.431	0.95447	0.95457			6
2025.04.02	01:32:38.179	0.95439	0.95450			6
2025.04.02	01:32:39.409	0.95437	0.95449			6
2025.04.02	01:32:48.805	0.95436				2
2025.04.02	01:32:52.981	0.95437				2
2025.04.02	01:32:55.009		0.95448			4
2025.04.02	01:32:55.706	0.95433	0.95445			6
2025.04.02	01:32:57.783		0.95444			4
2025.04.02	01:33:00.447	0.95435	0.95445			6
2025.04.02	01:33:00.754	0.95434				2
2025.04.02	01:33:01.092	0.95435				2
2025.04.02	01:33:01.405	0.95437	0.95447			6
2025.04.02	01:33:05.827		0.95446			4
2025.04.02	01:33:07.792		0.95447			4
2025.04.02	01:33:08.127	0.95435				2
2025.04.02	01:33:10.672	0.95437				2
2025.04.02	01:33:17.503	0.95436				2
2025.04.02	01:33:20.509		0.95448			4
2025.04.02	01:33:21.203		0.95449			4
2025.04.02	01:33:27.570	0.95437	0.95450			6
2025.04.02	01:33:30.365	0.95433	0.95447			6
2025.04.02	01:33:30.668	0.95435	0.95446			6
2025.04.02	01:33:30.984		0.95447			4
2025.04.02	01:33:32.892	0.95433	0.95445			6
2025.04.02	01:33:33.282	0.95434	0.95446			6
2025.04.02	01:33:33.661	0.95435	0.95447			6
2025.04.02	01:33:35.452	0.95436	0.95449			6
2025.04.02	01:33:37.536	0.95438	0.95450			6
2025.04.02	01:33:38.349		0.95449			4
2025.04.02	01:33:40.698		0.95450			4
2025.04.02	01:33:43.275	0.95439				2
2025.04.02	01:33:43.689		0.95449			4
2025.04.02	01:33:47.297		0.95450			4
2025.04.02	01:33:49.455	0.95440				2
2025.04.02	01:33:50.090		0.95449			4
2025.04.02	01:33:50.722	0.95442				2
2025.04.02	01:33:51.651		0.95450			4
2025.04.02	01:33:53.896	0.95445	0.95454			6
2025.04.02	01:33:55.700		0.95455			4
2025.04.02	01:34:00.322	0.95445				2
2025.04.02	01:34:01.195		0.95454			4
2025.04.02	01:34:02.897		0.95455			4
2025.04.02	01:34:08.132	0.95449	0.95461			6
2025.04.02	01:34:08.670	0.95451				2
2025.04.02	01:34:14.420		0.95460			4
2025.04.02	01:34:21.412	0.95455	0.95461			6
2025.04.02	01:34:21.740		0.95463			4
2025.04.02	01:34:22.045		0.95465			4
2025.04.02	01:34:26.705	0.95456	0.95464			6
2025.04.02	01:34:27.886		0.95469			4
2025.04.02	01:34:28.212		0.95467			4
2025.04.02	01:34:29.042		0.95466			4
2025.04.02	01:34:31.241		0.95467			4
2025.04.02	01:34:33.189		0.95466			4
2025.04.02	01:34:34.358		0.95467			4
2025.04.02	01:34:36.297		0.95466			4
2025.04.02	01:34:37.697		0.95467			4
2025.04.02	01:34:42.694	0.95459	0.95470			6
2025.04.02	01:34:47.983	0.95458	0.95469			6
2025.04.02	01:34:54.267		0.95468			4
2025.04.02	01:34:57.971	0.95456	0.95465			6
2025.04.02	01:35:00.054	0.95456				2
2025.04.02	01:35:01.390	0.95457	0.95468			6
2025.04.02	01:35:02.348	0.95455	0.95465			6
2025.04.02	01:35:06.164	0.95452	0.95462			6
2025.04.02	01:35:10.793	0.95448				2
2025.04.02	01:35:11.133	0.95450				2
2025.04.02	01:35:12.196	0.95451				2
2025.04.02	01:35:13.929	0.95449				2
2025.04.02	01:35:14.342	0.95446	0.95456			6
2025.04.02	01:35:15.405	0.95443	0.95453			6
2025.04.02	01:35:16.151	0.95440	0.95450			6
2025.04.02	01:35:18.196	0.95439				2
2025.04.02	01:35:18.593	0.95441	0.95451			6
2025.04.02	01:35:18.961	0.95442				2
2025.04.02	01:35:23.426		0.95452			4
2025.04.02	01:35:30.689	0.95440	0.95451			6
2025.04.02	01:35:39.672	0.95442	0.95452			6
2025.04.02	01:35:41.705	0.95445	0.95454			6
2025.04.02	01:35:44.595	0.95444				2
2025.04.02	01:35:52.788	0.95445				2
2025.04.02	01:35:55.574	0.95444				2
2025.04.02	01:35:57.174	0.95447	0.95459			6
2025.04.02	01:36:00.354	0.95447				2
2025.04.02	01:36:07.681	0.95446	0.95457			6
2025.04.02	01:36:13.631	0.95445				2
2025.04.02	01:36:14.596	0.95446				2
2025.04.02	01:36:15.974	0.95445	0.95456			6
2025.04.02	01:36:16.275	0.95446				2
2025.04.02	01:36:18.197	0.95445				2
2025.04.02	01:36:18.562	0.95446				2
2025.04.02	01:36:20.485	0.95443	0.95455			6
2025.04.02	01:36:20.805	0.95442				2
2025.04.02	01:36:22.151	0.95441	0.95452			6
2025.04.02	01:36:27.496	0.95442				2
2025.04.02	01:36:28.512	0.95441				2
2025.04.02	01:36:30.354	0.95440				2
2025.04.02	01:36:33.799	0.95441				2
2025.04.02	01:36:36.591	0.95435	0.95446			6
2025.04.02	01:36:37.769	0.95436				2
2025.04.02	01:36:38.742	0.95435				2
2025.04.02	01:36:41.257	0.95436				2
2025.04.02	01:36:43.366	0.95438	0.95448			6
2025.04.02	01:36:46.567		0.95450			4
2025.04.02	01:36:53.664	0.95435	0.95446			6
2025.04.02	01:37:00.134	0.95435				2
2025.04.02	01:37:13.800	0.95437	0.95448			6
2025.04.02	01:37:26.336		0.95449			4
2025.04.02	01:37:31.101	0.95433	0.95445			6
2025.04.02	01:37:31.451	0.95434	0.95446			6
2025.04.02	01:37:37.372	0.95431	0.95443			6
2025.04.02	01:37:38.349	0.95430				2
2025.04.02	01:37:46.414	0.95429	0.95441			6
2025.04.02	01:37:46.768	0.95430				2
2025.04.02	01:37:50.495		0.95442			4
2025.04.02	01:37:51.485		0.95444			4
2025.04.02	01:37:52.316	0.95431	0.95443			6
2025.04.02	01:37:54.737	0.95433	0.95445			6
2025.04.02	01:38:00.206	0.95433				2
2025.04.02	01:38:00.890	0.95434	0.95448			6
2025.04.02	01:38:02.152		0.95449			4
2025.04.02	01:38:03.741	0.95439	0.95452			6
2025.04.02	01:38:04.083		0.95451			4
2025.04.02	01:38:11.599	0.95438				2
2025.04.02	01:38:20.652	0.95436	0.95450			6
2025.04.02	01:38:21.913	0.95437				2
2025.04.02	01:38:23.797	0.95436				2
2025.04.02	01:38:24.104	0.95437				2
2025.04.02	01:38:28.340	0.95436	0.95449			6
2025.04.02	01:38:30.413	0.95437				2
2025.04.02	01:38:36.668	0.95436				2
2025.04.02	01:38:38.429	0.95434	0.95447			6
2025.04.02	01:38:39.383	0.95435				2
2025.04.02	01:38:39.758	0.95434				2
2025.04.02	01:38:40.443	0.95436				2
2025.04.02	01:38:40.944	0.95435				2
2025.04.02	01:38:44.615	0.95436	0.95448			6
2025.04.02	01:38:50.799	0.95437	0.95450			6
2025.04.02	01:38:51.952	0.95438				2
2025.04.02	01:38:52.525	0.95437				2
2025.04.02	01:38:54.097	0.95438				2
2025.04.02	01:38:54.472	0.95437				2
2025.04.02	01:38:56.236	0.95438	0.95451			6
2025.04.02	01:39:00.514	0.95438				2
2025.04.02	01:39:00.856	0.95439				2
2025.04.02	01:39:02.701		0.95450			4
2025.04.02	01:39:03.198		0.95449			4
2025.04.02	01:39:06.795		0.95450			4
2025.04.02	01:39:08.711	0.95436	0.95449			6
2025.04.02	01:39:14.517		0.95448			4
2025.04.02	01:39:24.750	0.95437	0.95449			6
2025.04.02	01:39:39.200	0.95438	0.95450			6
2025.04.02	01:40:00.533	0.95438				2
2025.04.02	01:40:01.170	0.95437	0.95448			6
2025.04.02	01:40:04.380	0.95439	0.95450			6
2025.04.02	01:40:13.133	0.95437	0.95449			6
2025.04.02	01:40:16.700	0.95436	0.95448			6
2025.04.02	01:40:23.187	0.95437	0.95449			6
2025.04.02	01:40:25.312	0.95438				2
2025.04.02	01:40:27.687	0.95437	0.95448			6
2025.04.02	01:40:52.120	0.95435	0.95447			6
2025.04.02	01:40:56.693	0.95437	0.95448			6
2025.04.02	01:41:00.127	0.95434	0.95446			6
2025.04.02	01:41:16.130	0.95433	0.95445			6
2025.04.02	01:41:24.148	0.95436	0.95447			6
2025.04.02	01:41:28.730	0.95435	0.95446			6
2025.04.02	01:41:33.919	0.95436	0.95448			6
2025.04.02	01:41:46.632	0.95434	0.95446			6
2025.04.02	01:41:55.350	0.95436	0.95448			6
2025.04.02	01:41:57.927	0.95440	0.95452			6
2025.04.02	01:41:58.303	0.95442	0.95453			6
2025.04.02	01:41:58.606		0.95454			4
2025.04.02	01:42:00.191	0.95441	0.95453			6
2025.04.02	01:42:01.437	0.95440				2
2025.04.02	01:42:11.636	0.95441				2
2025.04.02	01:42:12.043	0.95440				2
2025.04.02	01:42:15.007		0.95452			4
2025.04.02	01:42:15.900		0.95453			4
2025.04.02	01:42:24.742		0.95452			4
2025.04.02	01:42:26.214		0.95453			4
2025.04.02	01:42:27.285		0.95452			4
2025.04.02	01:42:27.796		0.95453			4
2025.04.02	01:42:28.319	0.95439	0.95452			6
2025.04.02	01:42:28.640		0.95450			4
2025.04.02	01:42:30.092	0.95440	0.95452			6
2025.04.02	01:42:33.705		0.95453			4
2025.04.02	01:42:34.096		0.95452			4
2025.04.02	01:42:34.485		0.95453			4
2025.04.02	01:42:52.094		0.95452			4
2025.04.02	01:42:52.696		0.95451			4
2025.04.02	01:42:53.279	0.95437	0.95449			6
2025.04.02	01:43:00.502	0.95436	0.95448			6
2025.04.02	01:43:00.809	0.95438	0.95450			6
2025.04.02	01:43:03.471	0.95436	0.95448			6
2025.04.02	01:43:05.232	0.95435				2
2025.04.02	01:43:10.005	0.95436				2
2025.04.02	01:43:10.494	0.95435				2
2025.04.02	01:43:22.515	0.95436				2
2025.04.02	01:43:25.066	0.95435				2
2025.04.02	01:43:29.683	0.95436				2
2025.04.02	01:43:37.291	0.95435				2
2025.04.02	01:43:43.156	0.95436				2
2025.04.02	01:43:43.465	0.95435				2
2025.04.02	01:43:50.375	0.95436				2
2025.04.02	01:43:52.640	0.95435				2
2025.04.02	01:44:00.462	0.95435				2
2025.04.02	01:44:00.770	0.95436				2
2025.04.02	01:44:02.827	0.95435				2
2025.04.02	01:44:03.648		0.95448			4
2025.04.02	01:44:04.670	0.95436				2
2025.04.02	01:44:06.886	0.95435				2
2025.04.02	01:44:13.729	0.95436				2
2025.04.02	01:44:14.138	0.95435				2
2025.04.02	01:44:19.500	0.95440	0.95452			6
2025.04.02	01:44:19.807	0.95442	0.95453			6
2025.04.02	01:44:23.911	0.95440	0.95451			6
2025.04.02	01:44:24.228	0.95439				2
2025.04.02	01:44:24.895	0.95440				2
2025.04.02	01:44:25.471	0.95439				2
2025.04.02	01:44:37.597	0.95440				2
2025.04.02	01:44:38.923	0.95442	0.95452			6
2025.04.02	01:44:39.709		0.95454			4
2025.04.02	01:44:50.289	0.95441				2
2025.04.02	01:44:52.011	0.95439	0.95451			6
2025.04.02	01:44:54.899	0.95441	0.95452			6
2025.04.02	01:45:01.275	0.95441				2
2025.04.02	01:45:10.909	0.95434	0.95446			6
2025.04.02	01:45:21.565	0.95433				2
2025.04.02	01:45:22.704	0.95437	0.95449			6
2025.04.02	01:45:23.968		0.95450			4
2025.04.02	01:45:26.299	0.95438				2
2025.04.02	01:45:26.607	0.95441	0.95453			6
2025.04.02	01:45:28.292	0.95440				2
2025.04.02	01:45:31.742	0.95439	0.95452			6
2025.04.02	01:45:33.497		0.95451			4
2025.04.02	01:45:34.427	0.95438				2
2025.04.02	01:45:38.690	0.95437	0.95446			6
2025.04.02	01:45:38.997	0.95438	0.95451			6
2025.04.02	01:45:40.998	0.95439				2
2025.04.02	01:45:41.879	0.95440	0.95453			6
2025.04.02	01:45:42.402	0.95438	0.95451			6
2025.04.02	01:45:58.006	0.95439	0.95452			6
2025.04.02	01:46:00.441	0.95439				2
2025.04.02	01:46:08.024	0.95438				2
2025.04.02	01:46:28.766	0.95439				2
2025.04.02	01:46:30.861	0.95444	0.95457			6
2025.04.02	01:46:40.935	0.95443	0.95456			6
2025.04.02	01:46:52.322	0.95444				2
2025.04.02	01:46:54.877		0.95455			4
2025.04.02	01:47:00.913	0.95444				2
2025.04.02	01:47:15.853	0.95443				2
2025.04.02	01:47:27.422	0.95444				2
2025.04.02	01:47:49.013		0.95456			4
2025.04.02	01:47:51.120	0.95448	0.95458			6
2025.04.02	01:47:59.945	0.95446	0.95457			6
2025.04.02	01:48:00.290	0.95446				2
2025.04.02	01:48:27.277	0.95447	0.95459			6
2025.04.02	01:48:29.885	0.95441	0.95451			6
2025.04.02	01:48:34.925	0.95444	0.95455			6
2025.04.02	01:48:48.942	0.95440	0.95452			6
2025.04.02	01:48:53.757	0.95441	0.95453			6
2025.04.02	01:48:57.228	0.95440	0.95451			6
2025.04.02	01:48:58.484	0.95441	0.95453			6
2025.04.02	01:49:00.357	0.95441				2
2025.04.02	01:49:02.596	0.95442				2
2025.04.02	01:49:06.348		0.95452			4
2025.04.02	01:49:32.842	0.95444	0.95454			6
2025.04.02	01:49:33.194	0.95443				2
2025.04.02	01:49:38.055	0.95444				2
2025.04.02	01:49:40.437	0.95439	0.95449			6
2025.04.02	01:49:41.461	0.95442	0.95452			6
2025.04.02	01:49:42.688	0.95440	0.95451			6
2025.04.02	01:49:45.187	0.95437	0.95447			6
2025.04.02	01:49:49.996	0.95436				2
2025.04.02	01:49:51.512		0.95448			4
2025.04.02	01:49:56.350	0.95437				2
2025.04.02	01:49:56.899	0.95436				2
2025.04.02	01:50:01.891	0.95436				2
2025.04.02	01:50:02.842	0.95435	0.95447			6
2025.04.02	01:50:06.231	0.95436				2
2025.04.02	01:50:08.387	0.95437				2
2025.04.02	01:50:10.448	0.95436				2
2025.04.02	01:50:24.458		0.95449			4
2025.04.02	01:50:28.788	0.95435	0.95447			6
2025.04.02	01:50:41.027	0.95436	0.95449			6
2025.04.02	01:50:41.741	0.95433	0.95445			6
2025.04.02	01:50:42.083	0.95434				2
2025.04.02	01:50:42.410		0.95446			4
2025.04.02	01:50:46.073	0.95435	0.95447			6
2025.04.02	01:50:46.472	0.95436				2
2025.04.02	01:50:48.366	0.95438	0.95450			6
2025.04.02	01:50:56.802	0.95439	0.95451			6
2025.04.02	01:51:00.492	0.95440	0.95453			6
2025.04.02	01:51:02.478	0.95439	0.95451			6
2025.04.02	01:51:03.680	0.95436	0.95448			6
2025.04.02	01:51:04.456	0.95438	0.95450			6
2025.04.02	01:51:08.155	0.95435	0.95447			6
2025.04.02	01:51:27.795	0.95436				2
2025.04.02	01:51:34.074		0.95448			4
2025.04.02	01:51:39.913	0.95434	0.95446			6
2025.04.02	01:52:00.501	0.95434				2
2025.04.02	01:52:02.212	0.95435	0.95447			6
2025.04.02	01:52:09.977	0.95436				2
2025.04.02	01:52:10.947		0.95446			4
2025.04.02	01:52:13.024	0.95435				2
2025.04.02	01:52:31.301	0.95437	0.95448			6
2025.04.02	01:53:02.703	0.95437				2
2025.04.02	01:53:07.607	0.95435	0.95447			6
2025.04.02	01:53:19.526	0.95434	0.95445			6
2025.04.02	01:54:00.474	0.95436	0.95448			6
2025.04.02	01:54:03.689		0.95447			4
2025.04.02	01:54:07.363		0.95448			4
2025.04.02	01:54:14.001		0.95449			4
2025.04.02	01:54:19.365		0.95448			4
2025.04.02	01:54:25.295	0.95437				2
2025.04.02	01:54:27.278	0.95436	0.95447			6
2025.04.02	01:54:35.297	0.95435				2
2025.04.02	01:54:37.675	0.95438	0.95450			6
2025.04.02	01:54:41.598	0.95439				2
2025.04.02	01:54:43.396		0.95451			4
2025.04.02	01:54:57.495	0.95441	0.95452			6
2025.04.02	01:55:00.592	0.95442	0.95453			6
2025.04.02	01:55:01.253		0.95452			4
2025.04.02	01:55:03.393	0.95439	0.95451			6
2025.04.02	01:55:13.868	0.95438	0.95447			6
2025.04.02	01:55:16.401	0.95436				2
2025.04.02	01:55:18.797	0.95435				2
2025.04.02	01:55:45.401		0.95446			4
2025.04.02	01:55:48.314	0.95430	0.95441			6
2025.04.02	01:55:55.402	0.95431				2
2025.04.02	01:55:58.440		0.95442			4
2025.04.02	01:55:59.285	0.95434	0.95445			6
2025.04.02	01:56:00.380	0.95436				2
2025.04.02	01:56:02.394	0.95439				2
2025.04.02	01:56:05.445	0.95434				2
2025.04.02	01:56:06.282	0.95437				2
2025.04.02	01:56:12.077		0.95444			4
2025.04.02	01:56:18.691	0.95438				2
2025.04.02	01:56:23.408	0.95440	0.95446			6
2025.04.02	01:56:44.187	0.95439				2
2025.04.02	01:56:49.764	0.95436	0.95442			6
2025.04.02	01:56:52.333	0.95438	0.95444			6
2025.04.02	01:56:53.382	0.95436				2
2025.04.02	01:57:00.486	0.95436				2
2025.04.02	01:57:03.784		0.95443			4
2025.04.02	01:57:05.249		0.95444			4
2025.04.02	01:57:16.507	0.95439	0.95445			6
2025.04.02	01:57:43.049		0.95448			4
2025.04.02	01:57:43.405	0.95441				2
2025.04.02	01:57:45.232	0.95439				2
2025.04.02	01:57:46.135		0.95449			4
2025.04.02	01:57:46.961		0.95448			4
2025.04.02	01:57:48.016	0.95438				2
2025.04.02	01:57:48.954	0.95441				2
2025.04.02	01:57:49.785	0.95439				2
2025.04.02	01:57:50.135	0.95438				2
2025.04.02	01:57:52.357	0.95440				2
2025.04.02	01:57:53.767	0.95439	0.95450			6
2025.04.02	01:57:57.360	0.95444	0.95451			6
2025.04.02	01:57:59.598	0.95443				2
2025.04.02	01:58:00.392	0.95444				2
2025.04.02	01:58:02.051	0.95437	0.95448			6
2025.04.02	01:58:03.798	0.95439				2
2025.04.02	01:58:04.457	0.95441				2
2025.04.02	01:58:05.449	0.95439				2
2025.04.02	01:58:06.398	0.95438				2
2025.04.02	01:58:07.594	0.95439				2
2025.04.02	01:58:16.844	0.95438				2
2025.04.02	01:58:18.482	0.95439				2
2025.04.02	01:58:21.125	0.95438	0.95449			6
2025.04.02	01:58:21.499	0.95441				2
2025.04.02	01:58:29.055	0.95439				2
2025.04.02	01:58:31.315	0.95444	0.95452			6
2025.04.02	01:58:31.886	0.95440				2
2025.04.02	01:58:32.596	0.95442				2
2025.04.02	01:58:34.421	0.95441	0.95451			6
2025.04.02	01:58:36.024	0.95439				2
2025.04.02	01:58:39.493	0.95441	0.95450			6
2025.04.02	01:58:46.575	0.95440				2
2025.04.02	01:58:50.486		0.95448			4
2025.04.02	01:58:51.393		0.95449			4
2025.04.02	01:58:53.519	0.95435	0.95447			6
2025.04.02	01:58:55.359	0.95436				2
2025.04.02	01:59:00.195	0.95436				2
2025.04.02	01:59:02.856		0.95448			4
2025.04.02	01:59:05.447		0.95447			4
2025.04.02	01:59:08.941	0.95437				2
2025.04.02	01:59:12.509	0.95439	0.95449			6
2025.04.02	01:59:13.240	0.95437				2
2025.04.02	01:59:15.344		0.95448			4
2025.04.02	01:59:16.995	0.95436				2
2025.04.02	01:59:21.222	0.95435	0.95447			6
2025.04.02	01:59:22.309	0.95436				2
2025.04.02	01:59:36.722	0.95435				2
2025.04.02	01:59:37.329	0.95437	0.95446			6
2025.04.02	01:59:37.647	0.95436				2
2025.04.02	01:59:39.528	0.95438	0.95448			6
2025.04.02	01:59:42.377	0.95436	0.95447			6
2025.04.02	01:59:50.890		0.95446			4
2025.04.02	01:59:59.507	0.95435				2
2025.04.02	02:00:00.252	0.95437				2
2025.04.02	02:00:00.665	0.95435				2
2025.04.02	02:00:01.185	0.95440	0.95450			6
2025.04.02	02:00:01.499	0.95442				2
2025.04.02	02:00:02.385	0.95441	0.95449			6
2025.04.02	02:00:02.748	0.95437	0.95445			6
2025.04.02	02:00:06.371	0.95434	0.95443			6
2025.04.02	02:00:07.376		0.95442			4
2025.04.02	02:00:08.015		0.95441			4
2025.04.02	02:00:08.996		0.95442			4
2025.04.02	02:00:09.434	0.95430	0.95437			6
2025.04.02	02:00:09.740	0.95429				2
2025.04.02	02:00:10.223		0.95436			4
2025.04.02	02:00:10.556	0.95428				2
2025.04.02	02:00:11.617	0.95427	0.95434			6
2025.04.02	02:00:14.471		0.95436			4
2025.04.02	02:00:22.403	0.95424	0.95433			6
2025.04.02	02:00:22.780	0.95423	0.95432			6
2025.04.02	02:00:26.362		0.95433			4
2025.04.02	02:00:26.879	0.95427				2
2025.04.02	02:00:28.429		0.95434			4
2025.04.02	02:00:37.506	0.95421	0.95432			6
2025.04.02	02:00:37.809	0.95420	0.95431			6
2025.04.02	02:00:39.278	0.95423	0.95433			6
2025.04.02	02:00:40.689		0.95431			4
2025.04.02	02:00:43.396		0.95432			4
2025.04.02	02:00:43.936	0.95421				2
2025.04.02	02:00:44.251	0.95423				2
2025.04.02	02:00:44.776	0.95420	0.95431			6
2025.04.02	02:00:47.592	0.95418	0.95430			6
2025.04.02	02:00:50.101	0.95419				2
2025.04.02	02:00:50.419	0.95418	0.95427			6
2025.04.02	02:00:50.940		0.95426			4
2025.04.02	02:00:51.450	0.95416	0.95427			6
2025.04.02	02:00:51.775	0.95414	0.95426			6
2025.04.02	02:00:53.073	0.95415				2
2025.04.02	02:01:00.050	0.95415				2
2025.04.02	02:01:00.425	0.95417	0.95428			6
2025.04.02	02:01:01.179	0.95415	0.95427			6
2025.04.02	02:01:02.153	0.95416	0.95428			6
2025.04.02	02:01:08.444	0.95417				2
2025.04.02	02:01:09.864	0.95421	0.95429			6
2025.04.02	02:01:10.167	0.95422	0.95432			6
2025.04.02	02:01:14.084	0.95418	0.95429			6
2025.04.02	02:01:14.545		0.95428			4
2025.04.02	02:01:22.252	0.95415				2
2025.04.02	02:01:22.572	0.95414	0.95427			6
2025.04.02	02:01:39.994	0.95415				2
2025.04.02	02:01:45.461	0.95416	0.95428			6
2025.04.02	02:01:48.099	0.95417	0.95429			6
2025.04.02	02:02:02.314	0.95418				2
2025.04.02	02:02:05.102		0.95428			4
2025.04.02	02:02:23.699	0.95424	0.95431			6
2025.04.02	02:02:24.107		0.95433			4
2025.04.02	02:02:26.578	0.95422	0.95431			6
2025.04.02	02:02:29.036	0.95423	0.95433			6
2025.04.02	02:02:33.346	0.95422				2
2025.04.02	02:02:34.375		0.95432			4
2025.04.02	02:02:34.959		0.95433			4
2025.04.02	02:02:36.118	0.95418	0.95430			6
2025.04.02	02:02:36.428		0.95429			4
2025.04.02	02:02:58.414		0.95430			4
2025.04.02	02:03:00.424	0.95423	0.95431			6
2025.04.02	02:03:04.366	0.95418	0.95430			6
2025.04.02	02:03:05.218	0.95419	0.95427			6
2025.04.02	02:03:06.050	0.95421	0.95429			6
2025.04.02	02:03:07.664	0.95417	0.95428			6
2025.04.02	02:03:08.755	0.95419				2
2025.04.02	02:03:09.066	0.95421				2
2025.04.02	02:03:10.414	0.95419				2
2025.04.02	02:03:10.768	0.95421	0.95430			6
2025.04.02	02:03:29.983	0.95420	0.95429			6
2025.04.02	02:03:31.484	0.95417	0.95428			6
2025.04.02	02:03:38.892	0.95418				2
2025.04.02	02:03:50.376	0.95417				2
2025.04.02	02:03:58.696	0.95418				2
2025.04.02	02:04:00.057	0.95418				2
2025.04.02	02:04:06.076	0.95419	0.95429			6
2025.04.02	02:04:09.235	0.95420	0.95430			6
2025.04.02	02:04:10.523	0.95423	0.95432			6
2025.04.02	02:04:11.478	0.95427	0.95433			6
2025.04.02	02:04:11.786	0.95428	0.95437			6
2025.04.02	02:04:12.108	0.95427	0.95436			6
2025.04.02	02:04:16.193	0.95428				2
2025.04.02	02:04:20.569	0.95425				2
2025.04.02	02:04:20.878	0.95426				2
2025.04.02	02:04:25.362		0.95434			4
2025.04.02	02:04:29.528	0.95429	0.95438			6
2025.04.02	02:04:32.869	0.95427	0.95437			6
2025.04.02	02:04:35.496	0.95426				2
2025.04.02	02:04:44.927	0.95428				2
2025.04.02	02:04:56.837	0.95426	0.95436			6
2025.04.02	02:05:00.565	0.95426				2
2025.04.02	02:05:01.319	0.95428	0.95438			6
2025.04.02	02:05:05.544	0.95427				2
2025.04.02	02:05:13.518	0.95428				2
2025.04.02	02:05:15.527	0.95427	0.95435			6
2025.04.02	02:05:18.280	0.95428	0.95438			6
2025.04.02	02:05:23.500	0.95430				2
2025.04.02	02:05:24.384	0.95429	0.95440			6
2025.04.02	02:05:25.270	0.95432				2
2025.04.02	02:05:26.544	0.95431				2
2025.04.02	02:05:37.157		0.95441			4
2025.04.02	02:05:41.490	0.95430	0.95438			6
2025.04.02	02:05:43.300	0.95431	0.95439			6
2025.04.02	02:05:43.906		0.95441			4
2025.04.02	02:05:55.778	0.95429	0.95440			6
2025.04.02	02:05:56.085		0.95438			4
2025.04.02	02:05:57.091	0.95430				2
2025.04.02	02:05:57.406		0.95439			4
2025.04.02	02:05:58.410	0.95428	0.95438			6
2025.04.02	02:06:00.350	0.95428				2
2025.04.02	02:06:05.402	0.95427				2
2025.04.02	02:06:08.334	0.95428				2
2025.04.02	02:06:39.159	0.95427	0.95437			6
2025.04.02	02:06:53.852	0.95426				2
2025.04.02	02:06:54.605	0.95427				2
2025.04.02	02:07:00.466	0.95429				2
2025.04.02	02:07:02.969	0.95430				2
2025.04.02	02:07:07.114	0.95431	0.95439			6
2025.04.02	02:07:08.680	0.95429				2
2025.04.02	02:07:09.764	0.95431				2
2025.04.02	02:07:26.932	0.95429	0.95437			6
2025.04.02	02:07:38.160	0.95428	0.95436			6
2025.04.02	02:07:38.468	0.95429				2
2025.04.02	02:07:39.725	0.95428				2
2025.04.02	02:07:40.697	0.95429				2
2025.04.02	02:07:44.030	0.95428				2
2025.04.02	02:07:50.397	0.95425	0.95432			6
2025.04.02	02:08:01.057	0.95425				2
2025.04.02	02:08:05.291	0.95424				2
2025.04.02	02:08:27.364	0.95425	0.95433			6
2025.04.02	02:08:33.435	0.95426				2
2025.04.02	02:08:37.644		0.95435			4
2025.04.02	02:08:47.516	0.95425				2
2025.04.02	02:08:51.933	0.95427				2
2025.04.02	02:08:52.373	0.95428				2
2025.04.02	02:08:54.317		0.95436			4
2025.04.02	02:09:00.317	0.95428				2
2025.04.02	02:09:04.622	0.95427	0.95435			6
2025.04.02	02:09:07.048	0.95428				2
2025.04.02	02:09:10.078	0.95429	0.95436			6
2025.04.02	02:09:30.613	0.95428				2
2025.04.02	02:09:52.229	0.95429				2
2025.04.02	02:09:52.545	0.95427	0.95437			6
2025.04.02	02:09:53.379	0.95432	0.95439			6
2025.04.02	02:09:54.343	0.95430	0.95437			6
2025.04.02	02:09:55.939	0.95432	0.95438			6
2025.04.02	02:10:00.333	0.95431				2
2025.04.02	02:10:04.576	0.95430				2
2025.04.02	02:10:14.175	0.95431				2
2025.04.02	02:10:14.698	0.95430				2
2025.04.02	02:10:22.551	0.95428	0.95435			6
2025.04.02	02:10:22.916	0.95427				2
2025.04.02	02:10:23.502	0.95424				2
2025.04.02	02:10:24.250	0.95427				2
2025.04.02	02:10:27.593	0.95426	0.95433			6
2025.04.02	02:10:33.671	0.95427	0.95435			6
2025.04.02	02:10:37.371	0.95429				2
2025.04.02	02:10:44.506	0.95427	0.95434			6
2025.04.02	02:10:58.941	0.95425	0.95432			6
2025.04.02	02:11:00.243	0.95423	0.95431			6
2025.04.02	02:11:01.205	0.95422	0.95429			6
2025.04.02	02:11:10.729	0.95420				2
2025.04.02	02:11:25.444	0.95424	0.95431			6
2025.04.02	02:11:30.334	0.95423	0.95430			6
2025.04.02	02:11:33.989	0.95422				2
2025.04.02	02:11:38.442	0.95426	0.95435			6
2025.04.02	02:11:39.355	0.95427	0.95436			6
2025.04.02	02:12:00.406	0.95427				2
2025.04.02	02:12:11.867	0.95428				2
2025.04.02	02:12:12.933	0.95425				2
2025.04.02	02:12:13.664	0.95428				2
2025.04.02	02:12:13.977	0.95427				2
2025.04.02	02:12:18.156	0.95428				2
2025.04.02	02:12:25.696	0.95427				2
2025.04.02	02:12:28.907	0.95426	0.95434			6
2025.04.02	02:12:30.733	0.95424				2
2025.04.02	02:12:31.541	0.95426				2
2025.04.02	02:12:42.814	0.95425	0.95433			6
2025.04.02	02:12:45.687	0.95424				2
2025.04.02	02:12:57.961	0.95425				2
2025.04.02	02:12:58.281	0.95424				2
2025.04.02	02:13:00.335	0.95424				2
2025.04.02	02:13:09.135	0.95427	0.95435			6
2025.04.02	02:13:12.854	0.95424	0.95433			6
2025.04.02	02:13:28.837	0.95421	0.95429			6
2025.04.02	02:13:31.430	0.95429	0.95437			6
2025.04.02	02:13:47.590	0.95431	0.95439			6
2025.04.02	02:13:49.467	0.95432	0.95440			6
2025.04.02	02:13:49.769	0.95431	0.95439			6
2025.04.02	02:13:51.203	0.95430				2
2025.04.02	02:13:55.102	0.95429	0.95437			6
2025.04.02	02:13:56.759	0.95430				2
2025.04.02	02:14:00.336	0.95430	0.95438			6
2025.04.02	02:14:01.530	0.95432	0.95440			6
2025.04.02	02:14:12.122	0.95433				2
2025.04.02	02:14:16.279	0.95438	0.95445			6
2025.04.02	02:14:20.566	0.95433	0.95442			6
2025.04.02	02:14:34.584	0.95434				2
2025.04.02	02:14:36.920		0.95441			4
2025.04.02	02:14:43.879	0.95430	0.95438			6
2025.04.02	02:14:55.624	0.95431				2
2025.04.02	02:14:58.684	0.95433	0.95439			6
2025.04.02	02:14:59.008	0.95435	0.95441			6
2025.04.02	02:14:59.437	0.95434				2
2025.04.02	02:14:59.928		0.95440			4
2025.04.02	02:15:00.328	0.95430	0.95437			6
2025.04.02	02:15:02.030	0.95431				2
2025.04.02	02:15:20.375	0.95432	0.95440			6
2025.04.02	02:15:22.941	0.95429				2
2025.04.02	02:15:23.693	0.95432				2
2025.04.02	02:15:30.623	0.95435	0.95442			6
2025.04.02	02:15:35.048		0.95443			4
2025.04.02	02:15:35.895	0.95436	0.95442			6
2025.04.02	02:15:36.271	0.95435	0.95443			6
2025.04.02	02:15:37.602	0.95436				2
2025.04.02	02:15:38.998	0.95435	0.95442			6
2025.04.02	02:15:42.198		0.95443			4
2025.04.02	02:15:42.841	0.95436				2
2025.04.02	02:15:43.649	0.95435				2
2025.04.02	02:15:45.728		0.95442			4
2025.04.02	02:15:46.184		0.95443			4
2025.04.02	02:15:54.612	0.95438	0.95444			6
2025.04.02	02:15:54.930	0.95436	0.95442			6
2025.04.02	02:15:57.706	0.95439	0.95446			6
2025.04.02	02:16:00.222	0.95438				2
2025.04.02	02:16:03.949	0.95441	0.95448			6
2025.04.02	02:16:05.036		0.95449			4
2025.04.02	02:16:06.692	0.95443	0.95450			6
2025.04.02	02:16:07.144	0.95441	0.95449			6
2025.04.02	02:16:08.759	0.95438				2
2025.04.02	02:16:09.258	0.95441				2
2025.04.02	02:16:35.192		0.95447			4
2025.04.02	02:16:47.802	0.95440	0.95448			6
2025.04.02	02:16:56.723	0.95441	0.95449			6
2025.04.02	02:16:57.377	0.95438	0.95447			6
2025.04.02	02:16:58.864		0.95446			4
2025.04.02	02:17:00.193	0.95436	0.95444			6
2025.04.02	02:17:16.658	0.95438	0.95445			6
2025.04.02	02:17:19.423	0.95437				2
2025.04.02	02:17:25.645		0.95446			4
2025.04.02	02:17:41.625	0.95433	0.95442			6
2025.04.02	02:18:07.384	0.95433				2
2025.04.02	02:18:16.365	0.95432	0.95440			6
2025.04.02	02:18:19.202	0.95429	0.95438			6
2025.04.02	02:18:24.365	0.95430	0.95439			6
2025.04.02	02:18:26.925	0.95432	0.95441			6
2025.04.02	02:18:38.260		0.95440			4
2025.04.02	02:18:45.820		0.95441			4
2025.04.02	02:19:00.478	0.95433				2
2025.04.02	02:19:01.420	0.95432				2
2025.04.02	02:19:06.988	0.95431	0.95440			6
2025.04.02	02:19:07.469	0.95429				2
2025.04.02	02:19:08.217	0.95431				2
2025.04.02	02:19:18.842	0.95432				2
2025.04.02	02:19:20.365		0.95441			4
2025.04.02	02:19:45.541	0.95435	0.95445			6
2025.04.02	02:19:46.368	0.95436				2
2025.04.02	02:19:48.659	0.95433	0.95443			6
2025.04.02	02:19:50.347	0.95432				2
2025.04.02	02:19:50.751	0.95433	0.95441			6
2025.04.02	02:19:56.271	0.95432				2
2025.04.02	02:20:00.292	0.95432				2
2025.04.02	02:20:01.200	0.95433				2
2025.04.02	02:20:02.053	0.95434	0.95442			6
2025.04.02	02:20:21.841	0.95436	0.95445			6
2025.04.02	02:20:27.956	0.95437	0.95446			6
2025.04.02	02:20:31.662	0.95438				2
2025.04.02	02:20:32.760	0.95437				2
2025.04.02	02:20:40.842	0.95436	0.95445			6
2025.04.02	02:21:00.152	0.95436				2
2025.04.02	02:21:08.684	0.95437	0.95446			6
2025.04.02	02:21:15.454	0.95436	0.95445			6
2025.04.02	02:21:15.825	0.95435				2
2025.04.02	02:21:16.176	0.95436				2
2025.04.02	02:21:20.236	0.95435				2
2025.04.02	02:21:22.396		0.95444			4
2025.04.02	02:21:35.825	0.95437	0.95445			6
2025.04.02	02:21:50.526	0.95435				2
2025.04.02	02:21:51.267	0.95437				2
2025.04.02	02:22:00.120	0.95437				2
2025.04.02	02:22:17.047	0.95438				2
2025.04.02	02:22:17.979	0.95434	0.95446			6
2025.04.02	02:22:18.297	0.95439	0.95447			6
2025.04.02	02:22:19.737	0.95437	0.95445			6
2025.04.02	02:22:22.497	0.95435				2
2025.04.02	02:22:22.901	0.95437				2
2025.04.02	02:22:36.204		0.95446			4
2025.04.02	02:22:50.830		0.95445			4
2025.04.02	02:22:52.010	0.95433	0.95442			6
2025.04.02	02:22:57.300	0.95432				2
2025.04.02	02:23:00.329	0.95433				2
2025.04.02	02:23:00.824	0.95432				2
2025.04.02	02:23:04.184	0.95431				2
2025.04.02	02:23:05.071	0.95433				2
2025.04.02	02:23:16.112	0.95438	0.95447			6
2025.04.02	02:23:21.223	0.95436	0.95444			6
2025.04.02	02:23:29.347	0.95441	0.95448			6
2025.04.02	02:23:35.282	0.95440				2
2025.04.02	02:23:42.049	0.95441				2
2025.04.02	02:23:53.997	0.95440				2
2025.04.02	02:24:00.469	0.95441				2
2025.04.02	02:24:03.618	0.95438				2
2025.04.02	02:24:04.368	0.95441				2
2025.04.02	02:24:20.243	0.95443	0.95451			6
2025.04.02	02:24:21.217	0.95442				2
2025.04.02	02:24:50.530		0.95450			4
2025.04.02	02:24:51.571	0.95438	0.95448			6
2025.04.02	02:24:51.890		0.95447			4
2025.04.02	02:24:52.374	0.95437				2
2025.04.02	02:24:55.255	0.95438				2
2025.04.02	02:24:56.207	0.95440	0.95449			6
2025.04.02	02:25:07.391	0.95440				2
2025.04.02	02:25:14.123	0.95436	0.95447			6
2025.04.02	02:25:15.077	0.95439				2
2025.04.02	02:25:15.750	0.95436	0.95445			6
2025.04.02	02:25:16.067	0.95435				2
2025.04.02	02:25:16.376		0.95443			4
2025.04.02	02:25:27.345	0.95436	0.95445			6
2025.04.02	02:25:29.124	0.95437				2
2025.04.02	02:26:00.493	0.95437				2
2025.04.02	02:26:07.542	0.95435	0.95444			6
2025.04.02	02:26:26.235	0.95436	0.95445			6
2025.04.02	02:26:27.923	0.95437				2
2025.04.02	02:26:29.130	0.95436	0.95444			6
2025.04.02	02:26:29.493	0.95435				2
2025.04.02	02:26:33.535	0.95437	0.95446			6
2025.04.02	02:26:34.042	0.95435	0.95445			6
2025.04.02	02:26:40.506	0.95437	0.95446			6
2025.04.02	02:26:50.383		0.95444			4
2025.04.02	02:26:51.907	0.95435	0.95443			6
2025.04.02	02:26:54.624	0.95434				2
2025.04.02	02:27:01.637	0.95436	0.95444			6
2025.04.02	02:27:02.358		0.95443			4
2025.04.02	02:27:14.644	0.95437	0.95446			6
2025.04.02	02:27:16.726	0.95438	0.95447			6
2025.04.02	02:27:17.770	0.95437				2
2025.04.02	02:27:30.216	0.95439				2
2025.04.02	02:27:30.578	0.95437	0.95446			6
2025.04.02	02:27:50.093	0.95434	0.95441			6
2025.04.02	02:28:00.352	0.95436	0.95443			6
2025.04.02	02:28:01.467	0.95438	0.95446			6
2025.04.02	02:28:06.330	0.95437				2
2025.04.02	02:28:07.370		0.95445			4
2025.04.02	02:28:15.427	0.95431	0.95439			6
2025.04.02	02:28:15.735	0.95429	0.95438			6
2025.04.02	02:28:16.043		0.95437			4
2025.04.02	02:28:16.354	0.95428				2
2025.04.02	02:28:19.347	0.95429				2
2025.04.02	02:28:31.509		0.95438			4
2025.04.02	02:28:38.636	0.95430				2
2025.04.02	02:28:49.168	0.95431				2
2025.04.02	02:29:00.446	0.95431				2
2025.04.02	02:29:22.214	0.95433	0.95439			6
2025.04.02	02:29:23.116		0.95440			4
2025.04.02	02:29:30.928	0.95431	0.95438			6
2025.04.02	02:29:52.725	0.95432				2
2025.04.02	02:29:53.356	0.95431				2
2025.04.02	02:30:00.601	0.95431				2
2025.04.02	02:30:06.881		0.95439			4
2025.04.02	02:30:08.685	0.95430				2
2025.04.02	02:30:08.990	0.95431	0.95440			6
2025.04.02	02:30:09.538		0.95439			4
2025.04.02	02:30:16.995	0.95432	0.95440			6
2025.04.02	02:30:18.193	0.95433				2
2025.04.02	02:30:18.505	0.95432				2
2025.04.02	02:30:21.469	0.95435	0.95441			6
2025.04.02	02:30:22.717	0.95432	0.95440			6
2025.04.02	02:30:27.360	0.95429				2
2025.04.02	02:30:29.490		0.95441			4
2025.04.02	02:30:33.060		0.95442			4
2025.04.02	02:30:33.366		0.95441			4
2025.04.02	02:30:43.983	0.95430	0.95439			6
2025.04.02	02:30:49.248	0.95429				2
2025.04.02	02:30:50.173	0.95430				2
2025.04.02	02:30:50.490	0.95429				2
2025.04.02	02:30:50.806	0.95430				2
2025.04.02	02:30:51.440	0.95429				2
2025.04.02	02:30:52.915	0.95428				2
2025.04.02	02:30:53.217	0.95429				2
2025.04.02	02:31:00.242	0.95429				2
2025.04.02	02:31:03.609	0.95430				2
2025.04.02	02:31:08.554	0.95435	0.95445			6
2025.04.02	02:31:11.675	0.95436				2
2025.04.02	02:31:19.839	0.95434	0.95444			6
2025.04.02	02:31:21.962	0.95433				2
2025.04.02	02:31:23.158		0.95443			4
2025.04.02	02:31:25.376		0.95444			4
2025.04.02	02:31:25.684	0.95432	0.95443			6
2025.04.02	02:31:26.424	0.95433	0.95444			6
2025.04.02	02:31:27.264	0.95431	0.95442			6
2025.04.02	02:31:28.466	0.95432				2
2025.04.02	02:31:29.308	0.95431				2
2025.04.02	02:31:44.418		0.95441			4
2025.04.02	02:32:00.527	0.95435	0.95444			6
2025.04.02	02:32:03.447		0.95446			4
2025.04.02	02:32:13.482	0.95433	0.95442			6
2025.04.02	02:32:13.788	0.95432				2
2025.04.02	02:32:15.653		0.95441			4
2025.04.02	02:32:27.029	0.95431	0.95442			6
2025.04.02	02:32:27.368	0.95432				2
2025.04.02	02:32:28.896	0.95430	0.95440			6
2025.04.02	02:32:29.342	0.95429				2
2025.04.02	02:32:35.042		0.95439			4
2025.04.02	02:32:36.851		0.95440			4
2025.04.02	02:32:37.238		0.95439			4
2025.04.02	02:32:44.855	0.95430	0.95440			6
2025.04.02	02:32:55.648	0.95429	0.95439			6
2025.04.02	02:33:00.381	0.95429				2
2025.04.02	02:33:02.875	0.95428				2
2025.04.02	02:33:04.126		0.95438			4
2025.04.02	02:33:07.170		0.95439			4
2025.04.02	02:33:08.720	0.95429				2
2025.04.02	02:33:16.270	0.95428				2
2025.04.02	02:33:18.781	0.95429				2
2025.04.02	02:33:30.976	0.95430	0.95440			6
2025.04.02	02:33:34.622		0.95441			4
2025.04.02	02:33:38.571	0.95432				2
2025.04.02	02:33:40.628	0.95433	0.95442			6
2025.04.02	02:33:47.788		0.95441			4
2025.04.02	02:33:50.787		0.95442			4
2025.04.02	02:33:55.170	0.95431				2
2025.04.02	02:33:55.485	0.95432	0.95441			6
2025.04.02	02:33:56.689		0.95442			4
2025.04.02	02:34:00.492	0.95432				2
2025.04.02	02:34:02.690	0.95430	0.95440			6
2025.04.02	02:34:04.042	0.95429				2
2025.04.02	02:34:05.664	0.95428				2
2025.04.02	02:34:09.886	0.95429				2
2025.04.02	02:34:17.717	0.95428				2
2025.04.02	02:34:18.027	0.95429				2
2025.04.02	02:34:22.607	0.95430				2
2025.04.02	02:34:30.865	0.95427	0.95438			6
2025.04.02	02:34:32.467	0.95424	0.95434			6
2025.04.02	02:34:33.675		0.95433			4
2025.04.02	02:34:37.452	0.95426	0.95437			6
2025.04.02	02:34:37.824		0.95436			4
2025.04.02	02:34:38.144	0.95427	0.95437			6
2025.04.02	02:34:42.358		0.95438			4
2025.04.02	02:34:42.675		0.95437			4
2025.04.02	02:34:43.050	0.95426				2
2025.04.02	02:34:43.765		0.95436			4
2025.04.02	02:34:44.430		0.95435			4
2025.04.02	02:34:44.832	0.95425	0.95434			6
2025.04.02	02:34:52.254		0.95435			4
2025.04.02	02:35:00.211	0.95425				2
2025.04.02	02:35:01.255	0.95423	0.95434			6
2025.04.02	02:35:01.567		0.95432			4
2025.04.02	02:35:06.139	0.95422	0.95430			6
2025.04.02	02:35:06.728		0.95432			4
2025.04.02	02:35:08.886	0.95419	0.95429			6
2025.04.02	02:35:09.194		0.95431			4
2025.04.02	02:35:14.127	0.95420				2
2025.04.02	02:35:17.945		0.95429			4
2025.04.02	02:35:25.941	0.95418				2
2025.04.02	02:35:41.485		0.95430			4
2025.04.02	02:35:44.675		0.95428			4
2025.04.02	02:35:46.755	0.95419	0.95430			6
2025.04.02	02:35:57.737	0.95418	0.95428			6
2025.04.02	02:36:00.567	0.95420	0.95429			6
2025.04.02	02:36:00.967	0.95421	0.95431			6
2025.04.02	02:36:02.646	0.95422				2
2025.04.02	02:36:07.936		0.95432			4
2025.04.02	02:36:13.078		0.95431			4
2025.04.02	02:36:17.232		0.95432			4
2025.04.02	02:36:18.873	0.95420				2
2025.04.02	02:36:21.466	0.95419	0.95430			6
2025.04.02	02:36:30.191		0.95429			4
2025.04.02	02:36:30.716		0.95430			4
2025.04.02	02:36:31.997	0.95420				2
2025.04.02	02:37:00.612	0.95420				2
2025.04.02	02:37:07.510	0.95419	0.95429			6
2025.04.02	02:37:13.816	0.95420	0.95430			6
2025.04.02	02:37:15.497	0.95418	0.95428			6
2025.04.02	02:37:20.247	0.95417				2
2025.04.02	02:37:20.959	0.95416	0.95426			6
2025.04.02	02:37:23.668	0.95415				2
2025.04.02	02:37:25.593	0.95416	0.95427			6
2025.04.02	02:37:45.614	0.95414	0.95425			6
2025.04.02	02:37:46.678		0.95424			4
2025.04.02	02:37:49.657		0.95425			4
2025.04.02	02:37:50.826		0.95424			4
2025.04.02	02:37:51.864		0.95425			4
2025.04.02	02:37:53.595		0.95424			4
2025.04.02	02:37:55.400		0.95425			4
2025.04.02	02:38:00.355	0.95414				2
2025.04.02	02:38:08.561	0.95411	0.95423			6
2025.04.02	02:38:08.896	0.95412				2
2025.04.02	02:38:12.435		0.95424			4
2025.04.02	02:38:12.943	0.95413	0.95425			6
2025.04.02	02:38:13.255	0.95411				2
2025.04.02	02:38:15.416	0.95413				2
2025.04.02	02:38:20.048	0.95412				2
2025.04.02	02:38:20.987	0.95413				2
2025.04.02	02:38:30.623	0.95412	0.95424			6
2025.04.02	02:38:39.006		0.95425			4
2025.04.02	02:38:47.059	0.95411	0.95424			6
2025.04.02	02:38:47.448	0.95410	0.95422			6
2025.04.02	02:38:51.449		0.95421			4
2025.04.02	02:38:53.295	0.95411	0.95422			6
2025.04.02	02:38:55.569	0.95410				2
2025.04.02	02:38:56.426	0.95411	0.95423			6
2025.04.02	02:38:58.747		0.95422			4
2025.04.02	02:39:00.341	0.95411				2
2025.04.02	02:39:01.527	0.95412	0.95421			6
2025.04.02	02:39:01.864	0.95411	0.95422			6
2025.04.02	02:39:02.297		0.95421			4
2025.04.02	02:39:03.137		0.95422			4
2025.04.02	02:39:03.564		0.95421			4
2025.04.02	02:39:09.097	0.95410	0.95422			6
2025.04.02	02:39:09.501		0.95421			4
2025.04.02	02:39:10.566	0.95411	0.95423			6
2025.04.02	02:39:11.837		0.95422			4
2025.04.02	02:39:12.199		0.95421			4
2025.04.02	02:39:14.686	0.95417	0.95426			6
2025.04.02	02:39:15.247	0.95416				2
2025.04.02	02:39:15.556	0.95415				2
2025.04.02	02:39:15.865	0.95417				2
2025.04.02	02:39:20.854	0.95420	0.95430			6
2025.04.02	02:39:23.832	0.95419	0.95429			6
2025.04.02	02:39:24.482	0.95420	0.95430			6
2025.04.02	02:39:24.790	0.95421	0.95431			6
2025.04.02	02:39:25.557	0.95420	0.95430			6
2025.04.02	02:39:30.297	0.95417	0.95427			6
2025.04.02	02:39:40.491	0.95418	0.95429			6
2025.04.02	02:39:40.864		0.95428			4
2025.04.02	02:39:42.060		0.95429			4
2025.04.02	02:39:42.366		0.95428			4
2025.04.02	02:39:48.881	0.95419				2
2025.04.02	02:39:52.484	0.95418				2
2025.04.02	02:39:54.856		0.95427			4
2025.04.02	02:39:58.769		0.95428			4
2025.04.02	02:40:01.155	0.95417	0.95427			6
2025.04.02	02:40:01.894	0.95418				2
2025.04.02	02:40:02.257	0.95417				2
2025.04.02	02:40:02.597	0.95418				2
2025.04.02	02:40:04.311	0.95417				2
2025.04.02	02:40:10.529	0.95416	0.95426			6
2025.04.02	02:40:20.222	0.95417	0.95427			6
2025.04.02	02:40:46.415	0.95418				2
2025.04.02	02:41:00.351	0.95418				2
2025.04.02	02:41:07.869	0.95415	0.95426			6
2025.04.02	02:41:16.394	0.95416				2
2025.04.02	02:41:22.580	0.95415				2
2025.04.02	02:41:27.222		0.95425			4
2025.04.02	02:41:27.619		0.95426			4
2025.04.02	02:41:33.591	0.95416				2
2025.04.02	02:41:58.454	0.95415	0.95425			6
2025.04.02	02:42:00.267	0.95422	0.95432			6
2025.04.02	02:42:00.566	0.95420	0.95430			6
2025.04.02	02:42:04.411		0.95429			4
2025.04.02	02:42:09.964	0.95417	0.95426			6
2025.04.02	02:42:11.732	0.95418	0.95427			6
2025.04.02	02:42:12.344		0.95428			4
2025.04.02	02:42:12.893	0.95419				2
2025.04.02	02:42:15.742	0.95417	0.95427			6
2025.04.02	02:42:16.048	0.95416	0.95426			6
2025.04.02	02:42:26.649	0.95417				2
2025.04.02	02:42:33.239		0.95427			4
2025.04.02	02:43:00.316	0.95417				2
2025.04.02	02:43:03.346	0.95416	0.95426			6
2025.04.02	02:43:12.890		0.95424			4
2025.04.02	02:43:30.731	0.95415				2
2025.04.02	02:43:41.228	0.95416				2
2025.04.02	02:43:47.433	0.95412	0.95421			6
2025.04.02	02:43:48.351	0.95413	0.95423			6
2025.04.02	02:43:49.292	0.95410	0.95419			6
2025.04.02	02:44:01.162	0.95410				2
2025.04.02	02:44:07.301	0.95415	0.95425			6
2025.04.02	02:44:08.727	0.95414				2
2025.04.02	02:44:09.352	0.95415	0.95426			6
2025.04.02	02:44:09.667	0.95416				2
2025.04.02	02:44:10.430	0.95417	0.95427			6
2025.04.02	02:44:11.989	0.95416				2
2025.04.02	02:44:13.083	0.95418				2
2025.04.02	02:44:13.387		0.95428			4
2025.04.02	02:44:14.592	0.95416	0.95426			6
2025.04.02	02:44:16.095	0.95417	0.95427			6
2025.04.02	02:44:17.491	0.95414	0.95424			6
2025.04.02	02:44:27.813	0.95411	0.95421			6
2025.04.02	02:44:29.896		0.95419			4
2025.04.02	02:44:35.468	0.95409				2
2025.04.02	02:44:53.996		0.95418			4
2025.04.02	02:44:59.598		0.95419			4
2025.04.02	02:45:00.336	0.95409				2
2025.04.02	02:45:01.124	0.95410				2
2025.04.02	02:45:01.477	0.95407	0.95417			6
2025.04.02	02:45:01.786	0.95406				2
2025.04.02	02:45:02.094		0.95416			4
2025.04.02	02:45:12.502	0.95407				2
2025.04.02	02:45:12.890	0.95406				2
2025.04.02	02:45:13.219		0.95415			4
2025.04.02	02:45:18.249	0.95405				2
2025.04.02	02:45:19.814	0.95408	0.95419			6
2025.04.02	02:45:22.765	0.95407	0.95417			6
2025.04.02	02:45:26.309	0.95406				2
2025.04.02	02:45:27.018		0.95416			4
2025.04.02	02:45:33.078	0.95408	0.95418			6
2025.04.02	02:45:34.677	0.95409				2
2025.04.02	02:45:43.240	0.95405	0.95416			6
2025.04.02	02:46:00.050	0.95405				2
2025.04.02	02:46:00.484	0.95404	0.95414			6
2025.04.02	02:46:04.742		0.95415			4
2025.04.02	02:46:05.044		0.95414			4
2025.04.02	02:46:05.348	0.95406	0.95415			6
2025.04.02	02:46:06.629	0.95407	0.95416			6
2025.04.02	02:46:13.453		0.95415			4
2025.04.02	02:46:14.011	0.95406				2
2025.04.02	02:46:15.876	0.95405				2
2025.04.02	02:46:30.828	0.95403	0.95412			6
2025.04.02	02:46:31.575	0.95402				2
2025.04.02	02:46:42.404	0.95403	0.95413			6
2025.04.02	02:46:44.991	0.95404				2
2025.04.02	02:46:50.895	0.95403				2
2025.04.02	02:46:54.046	0.95402	0.95412			6
2025.04.02	02:46:56.099	0.95401	0.95411			6
2025.04.02	02:46:57.300	0.95400				2
2025.04.02	02:46:57.615	0.95401				2
2025.04.02	02:47:00.030	0.95401				2
2025.04.02	02:47:10.101		0.95412			4
2025.04.02	02:47:13.870		0.95413			4
2025.04.02	02:47:40.612		0.95414			4
2025.04.02	02:48:00.483	0.95402	0.95415			6
2025.04.02	02:48:01.710	0.95405				2
2025.04.02	02:48:02.745		0.95416			4
2025.04.02	02:48:09.461	0.95404	0.95415			6
2025.04.02	02:48:31.253	0.95403				2
2025.04.02	02:48:34.878	0.95401	0.95412			6
2025.04.02	02:48:35.199		0.95411			4
2025.04.02	02:48:35.631	0.95399				2
2025.04.02	02:48:37.461	0.95400				2
2025.04.02	02:48:38.236	0.95401				2
2025.04.02	02:48:39.970	0.95402	0.95412			6
2025.04.02	02:48:41.615	0.95401				2
2025.04.02	02:48:45.791		0.95411			4
2025.04.02	02:48:52.469		0.95412			4
2025.04.02	02:48:53.186		0.95411			4
2025.04.02	02:48:53.571		0.95412			4
2025.04.02	02:48:53.880	0.95403	0.95414			6
2025.04.02	02:48:56.384	0.95404	0.95416			6
2025.04.02	02:49:00.300	0.95404				2
2025.04.02	02:49:07.457	0.95405				2
2025.04.02	02:49:25.965	0.95407	0.95417			6
2025.04.02	02:49:26.297	0.95408	0.95419			6
2025.04.02	02:49:51.690	0.95407	0.95418			6
2025.04.02	02:49:53.916	0.95408	0.95417			6
2025.04.02	02:50:00.179	0.95406				2
2025.04.02	02:50:00.496	0.95404	0.95414			6
2025.04.02	02:50:00.809	0.95402				2
2025.04.02	02:50:02.344	0.95403	0.95413			6
2025.04.02	02:50:04.141	0.95404				2
2025.04.02	02:50:04.448	0.95402				2
2025.04.02	02:50:05.471	0.95400	0.95412			6
2025.04.02	02:50:06.986	0.95406	0.95416			6
2025.04.02	02:50:08.009	0.95407	0.95417			6
2025.04.02	02:50:08.325	0.95406				2
2025.04.02	02:50:08.896	0.95407				2
2025.04.02	02:50:09.843		0.95418			4
2025.04.02	02:50:13.419		0.95417			4
2025.04.02	02:50:14.343	0.95406	0.95416			6
2025.04.02	02:50:16.855		0.95417			4
2025.04.02	02:50:17.750		0.95416			4
2025.04.02	02:50:18.374	0.95407				2
2025.04.02	02:50:18.774		0.95417			4
2025.04.02	02:50:20.386	0.95406	0.95416			6
2025.04.02	02:50:21.341	0.95407	0.95417			6
2025.04.02	02:50:26.034	0.95406				2
2025.04.02	02:50:35.748	0.95408	0.95418			6
2025.04.02	02:50:43.881	0.95409	0.95419			6
2025.04.02	02:50:49.770	0.95411	0.95421			6
2025.04.02	02:50:50.297	0.95413	0.95424			6
2025.04.02	02:50:53.836	0.95410	0.95421			6
2025.04.02	02:50:54.185	0.95411				2
2025.04.02	02:50:54.975	0.95410				2
2025.04.02	02:50:58.315		0.95419			4
2025.04.02	02:51:00.487	0.95410				2
2025.04.02	02:51:01.420	0.95409				2
2025.04.02	02:51:01.984	0.95410	0.95420			6
2025.04.02	02:51:12.113	0.95409	0.95419			6
2025.04.02	02:51:14.094	0.95407	0.95420			6
2025.04.02	02:51:14.432		0.95419			4
2025.04.02	02:51:14.908		0.95418			4
2025.04.02	02:51:19.016	0.95408				2
2025.04.02	02:51:20.892	0.95406	0.95417			6
2025.04.02	02:51:23.862	0.95407				2
2025.04.02	02:51:29.883	0.95406	0.95416			6
2025.04.02	02:51:46.775	0.95405				2
2025.04.02	02:51:53.638	0.95406				2
2025.04.02	02:51:54.036	0.95405	0.95415			6
2025.04.02	02:52:00.349	0.95405				2
2025.04.02	02:52:16.647	0.95403	0.95414			6
2025.04.02	02:52:26.447	0.95404				2
2025.04.02	02:52:36.145	0.95405	0.95416			6
2025.04.02	02:52:36.889	0.95406	0.95417			6
2025.04.02	02:52:46.096		0.95416			4
2025.04.02	02:52:46.520		0.95417			4
2025.04.02	02:52:53.956		0.95416			4
2025.04.02	02:52:54.748	0.95407	0.95417			6
2025.04.02	02:53:00.475	0.95407	0.95418			6
2025.04.02	02:53:04.678	0.95406	0.95416			6
2025.04.02	02:53:11.692	0.95405	0.95415			6
2025.04.02	02:53:35.511	0.95403	0.95414			6
2025.04.02	02:53:41.745	0.95404	0.95416			6
2025.04.02	02:53:47.897	0.95405	0.95415			6
2025.04.02	02:53:51.627	0.95407	0.95417			6
2025.04.02	02:53:51.934		0.95416			4
2025.04.02	02:53:53.973	0.95406				2
2025.04.02	02:53:58.995		0.95417			4
2025.04.02	02:53:59.334		0.95416			4
2025.04.02	02:54:00.196	0.95406	0.95418			6
2025.04.02	02:54:00.507	0.95407	0.95417			6
2025.04.02	02:54:04.553	0.95408	0.95418			6
2025.04.02	02:54:07.245		0.95417			4
2025.04.02	02:54:11.987	0.95407				2
2025.04.02	02:54:13.695		0.95419			4
2025.04.02	02:54:14.366	0.95408	0.95418			6
2025.04.02	02:54:16.150	0.95405	0.95415			6
2025.04.02	02:54:18.797		0.95416			4
2025.04.02	02:54:35.074		0.95415			4
2025.04.02	02:54:36.453	0.95406	0.95416			6
2025.04.02	02:54:43.805	0.95407	0.95417			6
2025.04.02	02:54:47.341		0.95418			4
2025.04.02	02:54:49.926	0.95408				2
2025.04.02	02:54:52.476	0.95406	0.95416			6
2025.04.02	02:55:00.630	0.95406				2
2025.04.02	02:55:07.096	0.95405	0.95415			6
2025.04.02	02:55:09.048	0.95404	0.95414			6
2025.04.02	02:55:14.597	0.95400	0.95411			6
2025.04.02	02:55:17.372	0.95401				2
2025.04.02	02:55:41.749		0.95413			4
2025.04.02	02:55:42.402		0.95411			4
2025.04.02	02:55:44.629	0.95399	0.95408			6
