<DATE>	<TIME>	<BID>	<ASK>	<LAST>	<VOLUME>	<FLAGS>
2025.10.13	00:03:31.387	0.92812	0.93010			6
2025.10.13	00:10:16.086	0.92940	0.93172			6
2025.10.13	00:13:06.723	0.92914	0.93152			6
2025.10.13	00:17:19.184	0.92916	0.93133			6
2025.10.13	00:17:20.309		0.93135			4
2025.10.13	00:17:20.750		0.93134			4
2025.10.13	00:17:21.651		0.93133			4
2025.10.13	00:17:25.250		0.93132			4
2025.10.13	00:17:36.646	0.92917	0.93143			6
2025.10.13	00:17:41.132	0.92915	0.93141			6
2025.10.13	00:18:12.649	0.92915				2
2025.10.13	00:18:42.071		0.93141			4
2025.10.13	00:19:20.852	0.92915				2
2025.10.13	00:19:47.721		0.93141			4
2025.10.13	00:19:48.468	0.92913	0.93146			6
2025.10.13	00:20:06.854	0.92913				2
2025.10.13	00:20:09.758	0.92910	0.93148			6
2025.10.13	00:27:55.054	0.92901	0.93124			6
2025.10.13	00:28:00.589	0.92901				2
2025.10.13	00:28:30.416		0.93133			4
2025.10.13	00:29:55.314	0.92933	0.93156			6
2025.10.13	00:30:00.309	0.92925	0.93157			6
2025.10.13	00:30:10.551		0.93156			4
2025.10.13	00:30:12.151	0.92927				2
2025.10.13	00:30:16.851		0.93155			4
2025.10.13	00:30:21.637		0.93157			4
2025.10.13	00:30:22.854		0.93156			4
2025.10.13	00:30:38.749		0.93155			4
2025.10.13	00:30:52.097	0.92966	0.93168			6
2025.10.13	00:31:00.312	0.92966				2
2025.10.13	00:31:12.671	0.92967				2
2025.10.13	00:31:15.056	0.92968	0.93162			6
2025.10.13	00:31:22.246	0.92969	0.93151			6
2025.10.13	00:31:26.038	0.92970	0.93136			6
2025.10.13	00:31:27.229		0.93131			4
2025.10.13	00:31:28.745		0.93127			4
2025.10.13	00:31:35.334	0.92931	0.93106			6
2025.10.13	00:31:35.678	0.92937				2
2025.10.13	00:31:36.285	0.92941	0.93109			6
2025.10.13	00:31:37.285		0.93108			4
2025.10.13	00:31:38.287	0.92945	0.93111			6
2025.10.13	00:31:41.385	0.92925	0.93141			6
2025.10.13	00:31:42.254	0.92923	0.93149			6
2025.10.13	00:31:43.050	0.92936	0.93141			6
2025.10.13	00:31:43.357	0.92932	0.93118			6
2025.10.13	00:31:45.282	0.92936	0.93116			6
2025.10.13	00:31:46.282	0.92941	0.93111			6
2025.10.13	00:31:50.435	0.92946	0.93108			6
2025.10.13	00:31:53.463	0.92933	0.93105			6
2025.10.13	00:31:54.461	0.92936	0.93099			6
2025.10.13	00:31:55.350	0.92932	0.93096			6
2025.10.13	00:31:56.330	0.92934	0.93093			6
2025.10.13	00:31:59.307	0.92938	0.93091			6
2025.10.13	00:32:00.650	0.92938				2
2025.10.13	00:32:02.280	0.92934	0.93097			6
2025.10.13	00:32:03.279	0.92938	0.93096			6
2025.10.13	00:32:06.290	0.92939	0.93101			6
2025.10.13	00:32:07.282	0.92935	0.93093			6
2025.10.13	00:32:08.354	0.92938	0.93091			6
2025.10.13	00:32:10.359	0.92913	0.93093			6
2025.10.13	00:32:11.461		0.93086			4
2025.10.13	00:32:15.104	0.92921	0.93072			6
2025.10.13	00:32:16.249		0.93063			4
2025.10.13	00:32:17.344	0.92924	0.93055			6
2025.10.13	00:32:20.329	0.92921				2
2025.10.13	00:32:27.341	0.92923	0.93054			6
2025.10.13	00:32:28.643	0.92916				2
2025.10.13	00:32:31.025	0.92920				2
2025.10.13	00:32:32.631	0.92925	0.93057			6
2025.10.13	00:32:33.258	0.92932	0.93066			6
2025.10.13	00:32:37.286	0.92924	0.93074			6
2025.10.13	00:32:38.308	0.92918	0.93135			6
2025.10.13	00:32:39.220		0.93078			4
2025.10.13	00:32:40.244	0.92910	0.93064			6
2025.10.13	00:32:48.250	0.92902	0.93103			6
2025.10.13	00:32:49.288	0.92899	0.93113			6
2025.10.13	00:32:58.511	0.92901	0.93106			6
2025.10.13	00:33:00.284	0.92901				2
2025.10.13	00:33:28.431	0.92909	0.93119			6
2025.10.13	00:33:29.288	0.92914	0.93087			6
2025.10.13	00:33:29.605	0.92907	0.93088			6
2025.10.13	00:33:30.002	0.92908	0.93080			6
2025.10.13	00:33:31.003	0.92907	0.93073			6
2025.10.13	00:33:33.588		0.93068			4
2025.10.13	00:33:35.006	0.92914	0.93065			6
2025.10.13	00:34:00.829	0.92914				2
2025.10.13	00:34:12.264	0.92932	0.93133			6
2025.10.13	00:34:13.849		0.93132			4
2025.10.13	00:34:17.597		0.93133			4
2025.10.13	00:34:19.656	0.92943	0.93132			6
2025.10.13	00:34:20.173	0.92950	0.93131			6
2025.10.13	00:34:20.750		0.93130			4
2025.10.13	00:34:23.656	0.92961	0.93129			6
2025.10.13	00:34:25.251		0.93128			4
2025.10.13	00:34:26.440	0.92901	0.93131			6
2025.10.13	00:34:38.200	0.92912	0.93115			6
2025.10.13	00:34:56.202	0.92909	0.93101			6
2025.10.13	00:35:00.355	0.92909				2
2025.10.13	00:35:06.546	0.92947	0.93125			6
2025.10.13	00:35:06.868		0.93124			4
2025.10.13	00:35:11.905	0.92945				2
2025.10.13	00:35:21.663	0.92950	0.93122			6
2025.10.13	00:35:22.047	0.92909	0.93137			6
2025.10.13	00:35:32.064	0.92911	0.93124			6
2025.10.13	00:35:34.601	0.92906	0.93125			6
2025.10.13	00:35:54.482	0.92912	0.93112			6
2025.10.13	00:35:54.980	0.92913	0.93102			6
2025.10.13	00:36:00.229	0.92913				2
2025.10.13	00:36:11.586	0.92915	0.93092			6
2025.10.13	00:36:12.088	0.92900	0.93120			6
2025.10.13	00:36:12.569	0.92896	0.93122			6
2025.10.13	00:36:12.946	0.92899	0.93117			6
2025.10.13	00:36:13.445	0.92915	0.93083			6
2025.10.13	00:36:13.746	0.92899	0.93111			6
2025.10.13	00:36:14.808	0.92903	0.93094			6
2025.10.13	00:36:15.113	0.92901	0.93099			6
2025.10.13	00:36:15.433	0.92909	0.93072			6
2025.10.13	00:36:15.931	0.92900	0.93102			6
2025.10.13	00:36:16.330	0.92902	0.93092			6
2025.10.13	00:36:16.831	0.92900	0.93098			6
2025.10.13	00:36:17.331	0.92904	0.93087			6
2025.10.13	00:36:17.829	0.92901	0.93099			6
2025.10.13	00:36:18.328	0.92903	0.93095			6
2025.10.13	00:36:51.029	0.92902				2
2025.10.13	00:36:54.510	0.92903	0.93091			6
2025.10.13	00:36:56.004		0.93087			4
2025.10.13	00:36:59.026	0.92900	0.93100			6
2025.10.13	00:36:59.538	0.92904	0.93086			6
2025.10.13	00:36:59.905	0.92902	0.93099			6
2025.10.13	00:37:00.356	0.92903	0.93090			6
2025.10.13	00:37:08.004	0.92906	0.93076			6
2025.10.13	00:37:08.538	0.92903	0.93088			6
2025.10.13	00:37:09.036	0.92904	0.93083			6
2025.10.13	00:37:09.529	0.92889	0.93107			6
2025.10.13	00:37:09.848	0.92902	0.93078			6
2025.10.13	00:37:10.536	0.92890	0.93104			6
2025.10.13	00:37:11.038	0.92899	0.93090			6
2025.10.13	00:37:16.532	0.92902	0.93075			6
2025.10.13	00:37:17.031	0.92901	0.93086			6
2025.10.13	00:37:17.391	0.92888	0.93107			6
2025.10.13	00:37:18.030	0.92903	0.93080			6
2025.10.13	00:37:18.522	0.92900	0.93092			6
2025.10.13	00:37:19.022	0.92901	0.93083			6
2025.10.13	00:37:19.521	0.92889	0.93107			6
2025.10.13	00:37:20.024	0.92903	0.93079			6
2025.10.13	00:37:20.346	0.92900	0.93087			6
2025.10.13	00:37:21.376	0.92899	0.93091			6
2025.10.13	00:37:22.523	0.92901	0.93083			6
2025.10.13	00:37:23.027	0.92890	0.93104			6
2025.10.13	00:37:23.497	0.92903	0.93079			6
2025.10.13	00:37:24.024	0.92900	0.93092			6
2025.10.13	00:37:24.526	0.92901	0.93085			6
2025.10.13	00:37:25.027	0.92889	0.93107			6
2025.10.13	00:37:25.524	0.92900	0.93082			6
2025.10.13	00:37:26.032	0.92890	0.93103			6
2025.10.13	00:37:26.452	0.92897	0.93094			6
2025.10.13	00:37:26.757	0.92899	0.93087			6
2025.10.13	00:37:27.248		0.93092			4
2025.10.13	00:38:02.039	0.92905	0.93061			6
2025.10.13	00:38:02.345	0.92890	0.93083			6
2025.10.13	00:38:02.821	0.92900				2
2025.10.13	00:38:03.136		0.93087			4
2025.10.13	00:38:07.009	0.92899	0.93092			6
2025.10.13	00:39:01.616	0.92899				2
2025.10.13	00:39:07.729		0.93092			4
2025.10.13	00:39:15.474	0.92886	0.93108			6
2025.10.13	00:39:15.829	0.92891	0.93087			6
2025.10.13	00:39:16.303	0.92902	0.93084			6
2025.10.13	00:39:16.808	0.92886	0.93105			6
2025.10.13	00:39:17.302	0.92902	0.93085			6
2025.10.13	00:39:18.229	0.92886	0.93105			6
2025.10.13	00:39:18.802	0.92902	0.93085			6
2025.10.13	00:39:19.808	0.92886	0.93105			6
2025.10.13	00:39:20.303	0.92902	0.93085			6
2025.10.13	00:39:21.232	0.92886	0.93105			6
2025.10.13	00:39:21.802	0.92902	0.93085			6
2025.10.13	00:39:22.576	0.92888	0.93094			6
2025.10.13	00:39:23.311	0.92902	0.93087			6
2025.10.13	00:39:23.809	0.92886	0.93107			6
2025.10.13	00:39:24.230	0.92902	0.93086			6
2025.10.13	00:39:24.802		0.93084			4
2025.10.13	00:39:25.310	0.92887	0.93102			6
2025.10.13	00:39:25.801	0.92888	0.93089			6
2025.10.13	00:39:26.303	0.92898	0.93100			6
2025.10.13	00:39:26.809	0.92886	0.93105			6
2025.10.13	00:39:28.808	0.92897	0.93100			6
2025.10.13	00:39:29.302	0.92898	0.93092			6
2025.10.13	00:40:01.125	0.92898				2
2025.10.13	00:40:05.835	0.92937	0.93125			6
2025.10.13	00:40:07.238		0.93126			4
2025.10.13	00:40:07.709		0.93125			4
2025.10.13	00:40:08.300	0.92944	0.93129			6
2025.10.13	00:40:10.506		0.93128			4
2025.10.13	00:40:13.065	0.92913	0.93133			6
2025.10.13	00:40:15.229	0.92951	0.93124			6
2025.10.13	00:40:15.540		0.93126			4
2025.10.13	00:40:16.437	0.92912	0.93125			6
2025.10.13	00:40:18.105	0.92907	0.93113			6
2025.10.13	00:40:19.139	0.92917	0.93088			6
2025.10.13	00:40:20.027	0.92910	0.93083			6
2025.10.13	00:40:21.109	0.92916	0.93082			6
2025.10.13	00:40:22.352	0.92899	0.93121			6
2025.10.13	00:40:22.731	0.92904	0.93117			6
2025.10.13	00:40:23.210	0.92901	0.93111			6
2025.10.13	00:40:23.750	0.92914	0.93072			6
2025.10.13	00:40:24.057	0.92904	0.93063			6
2025.10.13	00:40:24.421	0.92892	0.93093			6
2025.10.13	00:40:24.832		0.93096			4
2025.10.13	00:40:25.214	0.92897	0.93090			6
2025.10.13	00:40:25.708	0.92894	0.93100			6
2025.10.13	00:40:26.209	0.92897	0.93089			6
2025.10.13	00:40:26.709		0.93093			4
2025.10.13	00:40:27.209	0.92886	0.93086			6
2025.10.13	00:40:27.848	0.92900	0.93087			6
2025.10.13	00:40:29.143	0.92899	0.93109			6
2025.10.13	00:40:29.497	0.92908	0.93075			6
2025.10.13	00:40:29.800	0.92913	0.93074			6
2025.10.13	00:40:30.342	0.92917	0.93077			6
2025.10.13	00:40:30.657	0.92914	0.93082			6
2025.10.13	00:40:31.219		0.93075			4
2025.10.13	00:40:31.716	0.92899	0.93113			6
2025.10.13	00:40:32.036	0.92911	0.93079			6
2025.10.13	00:40:33.050	0.92907	0.93077			6
2025.10.13	00:40:33.829	0.92918	0.93076			6
2025.10.13	00:40:35.618	0.92911	0.93077			6
2025.10.13	00:40:36.117	0.92907				2
2025.10.13	00:40:39.043	0.92909				2
2025.10.13	00:40:39.640	0.92946	0.93076			6
2025.10.13	00:40:40.857	0.92912	0.93077			6
2025.10.13	00:40:41.672	0.92915	0.93071			6
2025.10.13	00:40:42.052	0.92888	0.93101			6
2025.10.13	00:40:42.706	0.92917	0.93069			6
2025.10.13	00:40:43.015	0.92905	0.93098			6
2025.10.13	00:40:43.705	0.92902	0.93088			6
2025.10.13	00:40:48.270	0.92897	0.93091			6
2025.10.13	00:40:48.911	0.92902	0.93090			6
2025.10.13	00:40:49.562	0.92897	0.93091			6
2025.10.13	00:40:50.741	0.92896				2
2025.10.13	00:40:51.940	0.92900				2
2025.10.13	00:40:57.309	0.92896				2
2025.10.13	00:40:57.772	0.92900				2
2025.10.13	00:41:00.356	0.92900				2
2025.10.13	00:41:10.143	0.92896				2
2025.10.13	00:41:11.137	0.92902	0.93089			6
2025.10.13	00:41:15.582	0.92924	0.93071			6
2025.10.13	00:41:15.885	0.92944	0.93132			6
2025.10.13	00:41:16.186	0.92943	0.93137			6
2025.10.13	00:41:18.202	0.92947	0.93132			6
2025.10.13	00:41:19.142	0.92910	0.93138			6
2025.10.13	00:41:20.740	0.92942	0.93129			6
2025.10.13	00:41:21.338	0.92910	0.93138			6
2025.10.13	00:41:22.541	0.92942	0.93130			6
2025.10.13	00:41:23.101	0.92944	0.93129			6
2025.10.13	00:41:23.416	0.92941	0.93127			6
2025.10.13	00:41:24.136	0.92908	0.93118			6
2025.10.13	00:41:27.922	0.92906	0.93112			6
2025.10.13	00:41:29.114	0.92913	0.93096			6
2025.10.13	00:41:32.028	0.92909	0.93132			6
2025.10.13	00:41:34.314	0.92910	0.93121			6
2025.10.13	00:41:41.174	0.92900	0.93110			6
2025.10.13	00:41:47.414	0.92932	0.93137			6
2025.10.13	00:41:47.842	0.92899	0.93103			6
2025.10.13	00:41:49.243		0.93104			4
2025.10.13	00:41:54.144		0.93102			4
2025.10.13	00:42:00.469	0.92908	0.93119			6
2025.10.13	00:42:00.862	0.92910	0.93106			6
2025.10.13	00:42:04.540		0.93105			4
2025.10.13	00:42:30.426	0.92909	0.93095			6
2025.10.13	00:42:30.740	0.92911	0.93087			6
2025.10.13	00:42:31.190	0.92908	0.93100			6
2025.10.13	00:42:31.509	0.92910	0.93096			6
2025.10.13	00:42:45.503	0.92913	0.93109			6
2025.10.13	00:42:46.026		0.93104			4
2025.10.13	00:42:48.147	0.92917	0.93087			6
2025.10.13	00:42:48.824	0.92913	0.93105			6
2025.10.13	00:42:49.728		0.93081			4
2025.10.13	00:42:50.326	0.92907	0.93111			6
2025.10.13	00:42:50.646	0.92910	0.93094			6
2025.10.13	00:42:51.097		0.93096			4
2025.10.13	00:42:51.600	0.92911	0.93085			6
2025.10.13	00:42:51.970	0.92908	0.93100			6
2025.10.13	00:42:52.599	0.92911	0.93089			6
2025.10.13	00:42:53.097	0.92908	0.93103			6
2025.10.13	00:42:53.596	0.92910	0.93093			6
2025.10.13	00:42:54.097	0.92908	0.93105			6
2025.10.13	00:42:54.532	0.92912	0.93080			6
2025.10.13	00:42:55.095	0.92911	0.93089			6
2025.10.13	00:42:55.594	0.92909	0.93108			6
2025.10.13	00:42:56.094		0.93096			4
2025.10.13	00:43:01.609	0.92909				2
2025.10.13	00:43:02.546		0.93102			4
2025.10.13	00:43:03.042	0.92912	0.93079			6
2025.10.13	00:43:03.395	0.92911	0.93088			6
2025.10.13	00:43:03.897	0.92908	0.93101			6
2025.10.13	00:43:04.396	0.92911	0.93090			6
2025.10.13	00:43:04.901	0.92909	0.93103			6
2025.10.13	00:43:05.395	0.92910	0.93093			6
2025.10.13	00:43:05.895	0.92909	0.93104			6
2025.10.13	00:43:06.394	0.92910	0.93094			6
2025.10.13	00:43:06.895		0.93105			4
2025.10.13	00:43:07.395		0.93094			4
2025.10.13	00:43:08.397	0.92911	0.93087			6
2025.10.13	00:43:08.900	0.92910	0.93103			6
2025.10.13	00:43:09.395	0.92912	0.93079			6
2025.10.13	00:43:09.894	0.92909	0.93097			6
2025.10.13	00:43:10.397		0.93093			4
2025.10.13	00:43:10.899	0.92912	0.93107			6
2025.10.13	00:43:11.397	0.92911	0.93084			6
2025.10.13	00:43:11.899	0.92910	0.93094			6
2025.10.13	00:43:12.399	0.92911	0.93107			6
2025.10.13	00:43:12.898		0.93097			4
2025.10.13	00:43:13.399	0.92916	0.93107			6
2025.10.13	00:43:13.774	0.92914	0.93083			6
2025.10.13	00:43:14.399	0.92912	0.93090			6
2025.10.13	00:43:14.903	0.92914	0.93104			6
2025.10.13	00:43:15.229	0.92912	0.93095			6
2025.10.13	00:43:15.901	0.92915	0.93108			6
2025.10.13	00:43:16.400	0.92914	0.93082			6
2025.10.13	00:43:16.903	0.92911	0.93096			6
2025.10.13	00:43:17.405	0.92917	0.93111			6
2025.10.13	00:43:17.902	0.92913	0.93088			6
2025.10.13	00:43:18.284	0.92911	0.93095			6
2025.10.13	00:43:19.102	0.92912				2
2025.10.13	00:43:19.403	0.92913	0.93086			6
2025.10.13	00:43:19.903	0.92915	0.93106			6
2025.10.13	00:43:20.403	0.92913	0.93087			6
2025.10.13	00:43:20.904	0.92914	0.93098			6
2025.10.13	00:43:21.230	0.92912	0.93110			6
2025.10.13	00:43:21.829	0.92906	0.93080			6
2025.10.13	00:43:22.314	0.92932	0.93129			6
2025.10.13	00:43:22.621	0.92922	0.93143			6
2025.10.13	00:43:23.142	0.92921				2
2025.10.13	00:43:26.520	0.92918	0.93149			6
2025.10.13	00:43:32.739	0.92919	0.93148			6
2025.10.13	00:43:40.821		0.93151			4
2025.10.13	00:43:42.212	0.92922	0.93148			6
2025.10.13	00:43:43.621	0.92920	0.93152			6
2025.10.13	00:43:44.894	0.92922				2
2025.10.13	00:43:47.453	0.92919	0.93156			6
2025.10.13	00:43:48.941	0.92920	0.93152			6
2025.10.13	00:43:55.120	0.92931	0.93154			6
2025.10.13	00:43:56.051	0.92937	0.93148			6
2025.10.13	00:43:58.494	0.92928	0.93147			6
2025.10.13	00:43:58.915	0.92931	0.93144			6
2025.10.13	00:43:59.933	0.92933				2
2025.10.13	00:44:00.269	0.92934	0.93153			6
2025.10.13	00:44:00.571	0.92933				2
2025.10.13	00:44:05.331	0.92934	0.93152			6
2025.10.13	00:44:06.589	0.92938	0.93148			6
2025.10.13	00:44:10.918	0.92939	0.93147			6
2025.10.13	00:44:14.331	0.92940	0.93146			6
2025.10.13	00:44:16.847		0.93149			4
2025.10.13	00:44:19.129		0.93148			4
2025.10.13	00:44:21.405	0.92939	0.93150			6
2025.10.13	00:44:23.503	0.92938				2
2025.10.13	00:44:23.844	0.92939				2
2025.10.13	00:44:26.050		0.93149			4
2025.10.13	00:44:29.911	0.92938	0.93150			6
2025.10.13	00:44:32.330	0.92939				2
2025.10.13	00:44:38.929		0.93149			4
2025.10.13	00:44:40.730	0.92940				2
2025.10.13	00:44:42.972	0.92933	0.93155			6
2025.10.13	00:44:43.360	0.92929	0.93160			6
2025.10.13	00:44:46.129		0.93159			4
2025.10.13	00:44:48.528	0.92930				2
2025.10.13	00:44:52.431		0.93158			4
2025.10.13	00:44:52.960	0.92931	0.93157			6
2025.10.13	00:44:56.116	0.92932				2
2025.10.13	00:44:59.333		0.93156			4
2025.10.13	00:45:00.118	0.92932	0.93157			6
2025.10.13	00:45:02.329		0.93156			4
2025.10.13	00:45:03.012	0.92949	0.93132			6
2025.10.13	00:45:03.941	0.92951	0.93130			6
2025.10.13	00:45:04.941	0.92949	0.93131			6
2025.10.13	00:45:05.484	0.92951	0.93130			6
2025.10.13	00:45:06.411	0.92928	0.93161			6
2025.10.13	00:45:06.787	0.92937	0.93152			6
2025.10.13	00:45:08.159	0.92935	0.93154			6
2025.10.13	00:45:09.095	0.92937	0.93152			6
2025.10.13	00:45:10.518	0.92955	0.93134			6
2025.10.13	00:45:13.098	0.92952	0.93120			6
2025.10.13	00:45:14.332	0.92948	0.93124			6
2025.10.13	00:45:15.831	0.92947				2
2025.10.13	00:45:17.030		0.93125			4
2025.10.13	00:45:18.230		0.93124			4
2025.10.13	00:45:20.284	0.92949	0.93123			6
2025.10.13	00:45:21.052	0.92950	0.93122			6
2025.10.13	00:45:22.209		0.93121			4
2025.10.13	00:45:23.051		0.93122			4
2025.10.13	00:45:24.523	0.92949	0.93123			6
2025.10.13	00:45:25.520	0.92948	0.93124			6
2025.10.13	00:45:28.082	0.92950	0.93122			6
2025.10.13	00:45:29.563	0.92949	0.93123			6
2025.10.13	00:45:32.463	0.92947	0.93124			6
2025.10.13	00:45:33.528		0.93125			4
2025.10.13	00:45:34.730	0.92948	0.93124			6
2025.10.13	00:45:35.773	0.92947				2
2025.10.13	00:45:37.286	0.92948				2
2025.10.13	00:45:38.329	0.92950	0.93122			6
2025.10.13	00:45:40.133	0.92949	0.93123			6
2025.10.13	00:45:43.432	0.92948	0.93124			6
2025.10.13	00:45:44.914	0.92951	0.93121			6
2025.10.13	00:45:45.225	0.92952	0.93120			6
2025.10.13	00:45:45.985	0.92951	0.93121			6
2025.10.13	00:45:47.331	0.92950	0.93122			6
2025.10.13	00:45:48.430	0.92948	0.93124			6
2025.10.13	00:45:48.749	0.92951	0.93121			6
2025.10.13	00:45:49.916	0.92950	0.93122			6
2025.10.13	00:45:50.921	0.92949	0.93123			6
2025.10.13	00:45:51.930	0.92948	0.93124			6
2025.10.13	00:45:56.929	0.92949	0.93123			6
2025.10.13	00:46:00.355	0.92949				2
2025.10.13	00:46:02.929	0.92948	0.93124			6
2025.10.13	00:46:04.158	0.92953	0.93119			6
2025.10.13	00:46:04.611	0.92954	0.93118			6
2025.10.13	00:46:05.590	0.92953	0.93119			6
2025.10.13	00:46:06.014	0.92952	0.93120			6
2025.10.13	00:46:06.990	0.92954	0.93118			6
2025.10.13	00:46:09.942	0.92952	0.93120			6
2025.10.13	00:46:10.357	0.92953	0.93119			6
2025.10.13	00:46:10.911	0.92955	0.93117			6
2025.10.13	00:46:12.046	0.92953	0.93119			6
2025.10.13	00:46:14.630	0.92954	0.93118			6
2025.10.13	00:46:15.000	0.92952	0.93120			6
2025.10.13	00:46:15.759	0.92953	0.93119			6
2025.10.13	00:46:16.243	0.92950	0.93122			6
2025.10.13	00:46:17.443	0.92949	0.93123			6
2025.10.13	00:46:27.635	0.92941	0.93131			6
2025.10.13	00:46:30.230	0.92940	0.93132			6
2025.10.13	00:46:34.261	0.92943	0.93129			6
2025.10.13	00:46:35.146	0.92942				2
2025.10.13	00:46:36.531	0.92943				2
2025.10.13	00:46:36.986	0.92946	0.93126			6
2025.10.13	00:46:37.957	0.92945	0.93127			6
2025.10.13	00:46:38.989	0.92944	0.93128			6
2025.10.13	00:46:40.583	0.92943	0.93129			6
2025.10.13	00:46:42.985	0.92942	0.93130			6
2025.10.13	00:46:47.445		0.93129			4
2025.10.13	00:46:48.531	0.92943				2
2025.10.13	00:46:53.890	0.92944	0.93128			6
2025.10.13	00:46:56.029	0.92943	0.93129			6
2025.10.13	00:46:57.229		0.93128			4
2025.10.13	00:46:58.429		0.93129			4
2025.10.13	00:46:59.886	0.92940	0.93132			6
2025.10.13	00:47:00.341	0.92937	0.93135			6
2025.10.13	00:47:01.728	0.92939	0.93133			6
2025.10.13	00:47:02.063	0.92937	0.93135			6
2025.10.13	00:47:03.042	0.92958	0.93103			6
2025.10.13	00:47:03.819	0.92962	0.93099			6
2025.10.13	00:47:04.637	0.92959	0.93102			6
2025.10.13	00:47:05.017	0.92958	0.93103			6
2025.10.13	00:47:06.492	0.92937	0.93135			6
2025.10.13	00:47:07.563	0.92940	0.93132			6
2025.10.13	00:47:07.889	0.92938	0.93134			6
2025.10.13	00:47:09.903	0.92941	0.93131			6
2025.10.13	00:47:10.304	0.92938	0.93134			6
2025.10.13	00:47:11.931	0.92939	0.93133			6
2025.10.13	00:47:12.904	0.92940	0.93132			6
2025.10.13	00:47:13.223	0.92939	0.93133			6
2025.10.13	00:47:13.557	0.92941	0.93131			6
2025.10.13	00:47:14.035	0.92942	0.93130			6
2025.10.13	00:47:14.887	0.92948	0.93124			6
2025.10.13	00:47:15.886	0.92946	0.93126			6
2025.10.13	00:47:16.303	0.92944	0.93128			6
2025.10.13	00:47:16.887	0.92941	0.93131			6
2025.10.13	00:47:17.887	0.92946	0.93126			6
2025.10.13	00:47:19.850	0.92945	0.93127			6
2025.10.13	00:47:20.329	0.92944	0.93128			6
2025.10.13	00:47:21.124	0.92942				2
2025.10.13	00:47:21.799	0.92945	0.93127			6
2025.10.13	00:47:22.131	0.92946	0.93126			6
2025.10.13	00:47:22.587	0.92944	0.93128			6
2025.10.13	00:47:23.064		0.93127			4
2025.10.13	00:47:23.628		0.93128			4
2025.10.13	00:47:24.050	0.92942				2
2025.10.13	00:47:24.883	0.92943				2
2025.10.13	00:47:28.149	0.92944				2
2025.10.13	00:47:28.886	0.92943				2
2025.10.13	00:47:29.605	0.92944	0.93125			6
2025.10.13	00:47:30.230		0.93126			4
2025.10.13	00:47:30.889		0.93125			4
2025.10.13	00:47:32.025		0.93126			4
2025.10.13	00:47:33.232	0.92943				2
2025.10.13	00:47:33.891	0.92941	0.93128			6
2025.10.13	00:47:34.606	0.92942				2
2025.10.13	00:47:34.962	0.92943				2
2025.10.13	00:47:36.194	0.92942				2
2025.10.13	00:47:38.075	0.92943				2
2025.10.13	00:47:38.889	0.92938	0.93124			6
2025.10.13	00:47:39.969	0.92944	0.93119			6
2025.10.13	00:47:41.931	0.92937	0.93125			6
2025.10.13	00:47:42.817	0.92938	0.93124			6
2025.10.13	00:47:43.353		0.93123			4
2025.10.13	00:47:43.814	0.92939				2
2025.10.13	00:47:45.836	0.92945	0.93121			6
2025.10.13	00:47:46.309	0.92942				2
2025.10.13	00:47:46.951	0.92938				2
2025.10.13	00:47:47.911	0.92940				2
2025.10.13	00:47:48.341	0.92943				2
2025.10.13	00:47:48.657	0.92942				2
2025.10.13	00:47:50.849	0.92941				2
2025.10.13	00:47:51.231	0.92940				2
2025.10.13	00:47:53.432	0.92935				2
2025.10.13	00:47:54.532	0.92934				2
2025.10.13	00:47:57.422	0.92936				2
2025.10.13	00:47:57.880	0.92937				2
2025.10.13	00:48:00.042	0.92936				2
2025.10.13	00:48:01.187		0.93125			4
2025.10.13	00:48:02.051	0.92932				2
2025.10.13	00:48:03.053	0.92934				2
2025.10.13	00:48:03.854	0.92933				2
2025.10.13	00:48:04.752	0.92935				2
2025.10.13	00:48:05.238	0.92934	0.93130			6
2025.10.13	00:48:05.549	0.92937				2
2025.10.13	00:48:07.052	0.92935				2
2025.10.13	00:48:08.050	0.92937				2
2025.10.13	00:48:11.804	0.92936				2
2025.10.13	00:48:15.830	0.92935				2
2025.10.13	00:48:21.665	0.92957	0.93107			6
2025.10.13	00:48:22.122	0.92958	0.93106			6
2025.10.13	00:48:23.298	0.92965	0.93093			6
2025.10.13	00:48:23.751	0.92964	0.93098			6
2025.10.13	00:48:24.852		0.93096			4
2025.10.13	00:48:25.158	0.92961				2
2025.10.13	00:48:25.538	0.92962	0.93094			6
2025.10.13	00:48:27.154	0.92959	0.93098			6
2025.10.13	00:48:27.475	0.92962	0.93095			6
2025.10.13	00:48:28.176	0.92961	0.93097			6
2025.10.13	00:48:28.502	0.92962	0.93096			6
2025.10.13	00:48:29.397	0.92952	0.93114			6
2025.10.13	00:48:29.702	0.92954	0.93117			6
2025.10.13	00:48:30.165	0.92953	0.93116			6
2025.10.13	00:48:30.469	0.92949	0.93120			6
2025.10.13	00:48:31.169	0.92950				2
2025.10.13	00:48:32.101	0.92946	0.93114			6
2025.10.13	00:48:33.084		0.93113			4
2025.10.13	00:48:33.648	0.92950	0.93118			6
2025.10.13	00:48:33.966	0.92952	0.93117			6
2025.10.13	00:48:35.170	0.92950	0.93118			6
2025.10.13	00:48:35.528	0.92946	0.93114			6
2025.10.13	00:48:36.030	0.92947				2
2025.10.13	00:48:37.221	0.92945				2
2025.10.13	00:48:39.281	0.92950	0.93123			6
2025.10.13	00:48:41.741	0.92949				2
2025.10.13	00:48:43.397	0.92957	0.93104			6
2025.10.13	00:48:43.701	0.92951	0.93119			6
2025.10.13	00:48:52.398		0.93120			4
2025.10.13	00:48:54.110	0.92941	0.93117			6
2025.10.13	00:48:54.912	0.92934				2
2025.10.13	00:48:55.666	0.92929	0.93100			6
2025.10.13	00:48:57.449		0.93094			4
2025.10.13	00:48:59.893	0.92924	0.93098			6
2025.10.13	00:49:00.451	0.92924				2
2025.10.13	00:49:01.405	0.92921	0.93106			6
2025.10.13	00:49:03.038	0.92922				2
2025.10.13	00:49:06.485	0.92924	0.93104			6
2025.10.13	00:49:08.764	0.92928	0.93108			6
2025.10.13	00:49:09.802	0.92923	0.93104			6
2025.10.13	00:49:11.296	0.92924	0.93103			6
2025.10.13	00:49:13.128	0.92911	0.93104			6
2025.10.13	00:49:13.583	0.92914				2
2025.10.13	00:49:14.153		0.93105			4
2025.10.13	00:49:15.055	0.92921				2
2025.10.13	00:49:15.640	0.92922				2
2025.10.13	00:49:18.649		0.93104			4
2025.10.13	00:49:21.639	0.92923				2
2025.10.13	00:49:22.101	0.92918	0.93107			6
2025.10.13	00:49:23.297	0.92917	0.93077			6
2025.10.13	00:49:23.603		0.93078			4
2025.10.13	00:49:23.934	0.92918	0.93108			6
2025.10.13	00:49:24.313	0.92916	0.93114			6
2025.10.13	00:49:24.684	0.92917				2
2025.10.13	00:49:25.294		0.93115			4
2025.10.13	00:49:26.893	0.92907	0.93069			6
2025.10.13	00:49:27.411	0.92918	0.93115			6
2025.10.13	00:49:27.756	0.92907	0.93069			6
2025.10.13	00:49:28.163	0.92917	0.93115			6
2025.10.13	00:49:29.198	0.92916	0.93116			6
2025.10.13	00:49:29.741	0.92917				2
2025.10.13	00:49:30.187	0.92915	0.93069			6
2025.10.13	00:49:30.666		0.93064			4
2025.10.13	00:49:33.384	0.92873				2
2025.10.13	00:49:33.905	0.92877	0.93068			6
2025.10.13	00:49:34.679	0.92872	0.93059			6
2025.10.13	00:49:40.885	0.92918	0.93115			6
2025.10.13	00:50:12.737	0.92922	0.93118			6
2025.10.13	00:50:18.651	0.92933	0.93103			6
2025.10.13	00:50:18.955	0.92940	0.93118			6
2025.10.13	00:50:20.140	0.92924				2
2025.10.13	00:50:23.630	0.92918	0.93113			6
2025.10.13	00:50:30.357	0.92941	0.93106			6
2025.10.13	00:50:31.242		0.93105			4
2025.10.13	00:50:31.550		0.93104			4
2025.10.13	00:50:34.569	0.92936				2
2025.10.13	00:50:36.159	0.92915	0.93110			6
2025.10.13	00:50:37.146	0.92912	0.93113			6
2025.10.13	00:50:37.893		0.93108			4
2025.10.13	00:50:38.327	0.92913	0.93109			6
2025.10.13	00:50:40.138	0.92912	0.93108			6
2025.10.13	00:50:40.451	0.92913	0.93109			6
2025.10.13	00:50:50.357	0.92915	0.93111			6
2025.10.13	00:50:57.102	0.92914	0.93110			6
2025.10.13	00:51:00.160	0.92914				2
2025.10.13	00:51:01.146	0.92942	0.93098			6
2025.10.13	00:51:04.276		0.93099			4
2025.10.13	00:51:07.118	0.92917	0.93110			6
2025.10.13	00:51:25.949	0.92926	0.93114			6
2025.10.13	00:51:26.930	0.92934				2
2025.10.13	00:51:28.589	0.92921	0.93115			6
2025.10.13	00:51:35.344		0.93114			4
2025.10.13	00:51:38.929		0.93113			4
2025.10.13	00:51:39.457		0.93115			4
2025.10.13	00:51:40.050		0.93113			4
2025.10.13	00:51:42.157		0.93112			4
2025.10.13	00:51:45.344		0.93111			4
2025.10.13	00:51:46.130		0.93109			4
2025.10.13	00:51:47.280		0.93110			4
2025.10.13	00:51:47.645	0.92932	0.93114			6
2025.10.13	00:51:51.654	0.92930	0.93131			6
2025.10.13	00:51:56.619		0.93122			4
2025.10.13	00:52:00.229	0.92930				2
2025.10.13	00:52:00.689	0.92932	0.93115			6
2025.10.13	00:52:02.303		0.93114			4
2025.10.13	00:52:03.490		0.93112			4
2025.10.13	00:52:05.932		0.93111			4
2025.10.13	00:52:07.429		0.93110			4
2025.10.13	00:52:11.618	0.92946	0.93108			6
2025.10.13	00:52:12.529		0.93107			4
2025.10.13	00:52:17.013	0.92932	0.93106			6
2025.10.13	00:52:19.438		0.93101			4
2025.10.13	00:52:20.050		0.93103			4
2025.10.13	00:52:20.613		0.93102			4
2025.10.13	00:52:21.150		0.93100			4
2025.10.13	00:52:23.287	0.92919	0.93098			6
2025.10.13	00:52:25.706		0.93097			4
2025.10.13	00:52:28.432	0.92917	0.93090			6
2025.10.13	00:52:28.739		0.93087			4
2025.10.13	00:52:29.747	0.92940				2
2025.10.13	00:52:30.092	0.92920				2
2025.10.13	00:52:30.445		0.93091			4
2025.10.13	00:52:34.968	0.92930	0.93093			6
2025.10.13	00:52:36.170		0.93096			4
2025.10.13	00:52:37.130	0.92931	0.93095			6
2025.10.13	00:52:39.118		0.93094			4
2025.10.13	00:52:40.149		0.93095			4
2025.10.13	00:52:40.552	0.92922				2
2025.10.13	00:52:40.857		0.93093			4
2025.10.13	00:52:41.178		0.93094			4
2025.10.13	00:52:41.809		0.93092			4
2025.10.13	00:52:42.529		0.93094			4
2025.10.13	00:52:43.420		0.93091			4
2025.10.13	00:52:43.750		0.93094			4
2025.10.13	00:52:44.170		0.93092			4
2025.10.13	00:52:45.143		0.93090			4
2025.10.13	00:52:48.787	0.92921	0.93114			6
2025.10.13	00:52:51.592	0.92918	0.93108			6
2025.10.13	00:53:01.050	0.92918				2
2025.10.13	00:53:10.947		0.93093			4
2025.10.13	00:53:12.464	0.92911	0.93091			6
2025.10.13	00:53:13.049	0.92916	0.93095			6
2025.10.13	00:53:13.492		0.93092			4
2025.10.13	00:53:16.661	0.92927	0.93093			6
2025.10.13	00:53:17.038		0.93095			4
2025.10.13	00:53:18.156		0.93096			4
2025.10.13	00:53:19.089		0.93102			4
2025.10.13	00:53:20.868		0.93106			4
2025.10.13	00:53:21.594		0.93108			4
2025.10.13	00:53:23.051	0.92926	0.93113			6
2025.10.13	00:53:52.139	0.92935	0.93111			6
2025.10.13	00:54:00.403	0.92935				2
2025.10.13	00:54:04.928	0.92958	0.93123			6
2025.10.13	00:54:34.662	0.92995	0.93181			6
2025.10.13	00:54:40.453	0.92989	0.93189			6
2025.10.13	00:54:42.701	0.92995	0.93181			6
2025.10.13	00:54:43.032	0.92971	0.93163			6
2025.10.13	00:54:44.063	0.92968	0.93167			6
2025.10.13	00:54:45.077	0.92969	0.93166			6
2025.10.13	00:54:46.057	0.92970	0.93165			6
2025.10.13	00:54:47.223	0.92969	0.93166			6
2025.10.13	00:54:53.013	0.92972	0.93163			6
2025.10.13	00:54:54.707	0.92969	0.93165			6
2025.10.13	00:54:55.015	0.92970	0.93164			6
2025.10.13	00:54:55.813	0.92972	0.93163			6
2025.10.13	01:00:00.639	0.92902	0.93085			6
2025.10.13	01:00:01.452	0.92886	0.93053			6
2025.10.13	01:00:02.143	0.92881	0.93049			6
2025.10.13	01:00:02.459	0.92905	0.93092			6
2025.10.13	01:00:02.778	0.92874	0.93049			6
2025.10.13	01:00:03.138	0.92895				2
2025.10.13	01:00:03.439	0.92905	0.93092			6
2025.10.13	01:00:03.743	0.92913	0.93080			6
2025.10.13	01:00:04.112	0.92908	0.93079			6
2025.10.13	01:00:04.610		0.93070			4
2025.10.13	01:00:04.920	0.92918	0.93090			6
2025.10.13	01:00:05.306	0.92913	0.93056			6
2025.10.13	01:00:05.707		0.93051			4
2025.10.13	01:00:06.058	0.92907				2
2025.10.13	01:00:06.380	0.92913				2
2025.10.13	01:00:07.102	0.92888	0.93049			6
2025.10.13	01:00:08.302	0.92893	0.93029			6
2025.10.13	01:00:09.302	0.92899				2
2025.10.13	01:00:10.131	0.92903				2
2025.10.13	01:00:10.486	0.92895				2
2025.10.13	01:00:11.238	0.92907				2
2025.10.13	01:00:11.678	0.92900				2
2025.10.13	01:00:12.239	0.92903				2
2025.10.13	01:00:13.248	0.92905	0.93082			6
2025.10.13	01:00:13.551	0.92906	0.93029			6
2025.10.13	01:00:16.202	0.92907				2
2025.10.13	01:00:16.518	0.92904				2
2025.10.13	01:00:16.893	0.92908	0.92991			6
2025.10.13	01:00:17.380	0.92902				2
2025.10.13	01:00:18.229	0.92895				2
2025.10.13	01:00:18.555	0.92903				2
2025.10.13	01:00:18.857	0.92908				2
2025.10.13	01:00:21.573	0.92903				2
2025.10.13	01:00:21.888	0.92909				2
2025.10.13	01:00:23.842	0.92903				2
2025.10.13	01:00:25.810	0.92908				2
2025.10.13	01:00:28.656	0.92903				2
2025.10.13	01:00:30.230	0.92909				2
2025.10.13	01:00:30.539	0.92923	0.93036			6
2025.10.13	01:00:30.874	0.92908	0.93026			6
2025.10.13	01:00:31.178	0.92909	0.93018			6
2025.10.13	01:00:31.482	0.92919	0.93028			6
2025.10.13	01:00:31.786		0.93023			4
2025.10.13	01:00:32.227	0.92920	0.93028			6
2025.10.13	01:00:32.728	0.92922	0.93049			6
2025.10.13	01:00:33.034	0.92930	0.93031			6
2025.10.13	01:00:33.376		0.93035			4
2025.10.13	01:00:33.684	0.92936	0.93043			6
2025.10.13	01:00:34.018		0.93041			4
2025.10.13	01:00:34.367	0.92949	0.93040			6
2025.10.13	01:00:34.678	0.92940	0.93041			6
2025.10.13	01:00:34.991	0.92937				2
2025.10.13	01:00:35.311	0.92941	0.93030			6
2025.10.13	01:00:35.634	0.92939	0.93033			6
2025.10.13	01:00:36.050	0.92968	0.93044			6
2025.10.13	01:00:36.376	0.92976	0.93058			6
2025.10.13	01:00:36.690	0.92979	0.93059			6
2025.10.13	01:00:37.041	0.92980	0.93058			6
2025.10.13	01:00:37.377	0.92982	0.93056			6
2025.10.13	01:00:37.971		0.93060			4
2025.10.13	01:00:39.161	0.92980	0.93062			6
2025.10.13	01:00:40.729	0.92976	0.93060			6
2025.10.13	01:00:41.075		0.93058			4
2025.10.13	01:00:42.912	0.93008	0.93056			6
2025.10.13	01:00:43.392	0.93006	0.93058			6
2025.10.13	01:00:43.711	0.93011	0.93055			6
2025.10.13	01:00:46.138	0.93007	0.93051			6
2025.10.13	01:00:46.523		0.93049			4
2025.10.13	01:00:46.835	0.93010	0.93055			6
2025.10.13	01:00:47.160	0.93008	0.93064			6
2025.10.13	01:00:47.466	0.93011	0.93061			6
2025.10.13	01:00:49.255	0.93010				2
2025.10.13	01:00:50.310	0.93008	0.93066			6
2025.10.13	01:00:50.663		0.93057			4
2025.10.13	01:00:51.212	0.93007				2
2025.10.13	01:00:51.894	0.93006				2
2025.10.13	01:00:53.302	0.93004	0.93053			6
2025.10.13	01:00:55.509	0.93001	0.93057			6
2025.10.13	01:00:56.817	0.93000				2
2025.10.13	01:00:57.121		0.93059			4
2025.10.13	01:00:57.440	0.92991	0.93057			6
2025.10.13	01:00:57.759	0.92999	0.93055			6
2025.10.13	01:00:58.062		0.93053			4
2025.10.13	01:00:59.125	0.92998	0.93059			6
2025.10.13	01:00:59.427		0.93053			4
2025.10.13	01:01:00.029	0.92998				2
2025.10.13	01:01:00.484	0.92996	0.93055			6
2025.10.13	01:01:00.803	0.92993	0.93049			6
2025.10.13	01:01:01.105	0.92989	0.93054			6
2025.10.13	01:01:01.418	0.92991	0.93049			6
2025.10.13	01:01:02.818		0.93048			4
2025.10.13	01:01:03.378	0.92994				2
2025.10.13	01:01:03.680	0.92992	0.93053			6
2025.10.13	01:01:04.683	0.92991	0.93048			6
2025.10.13	01:01:05.465		0.93053			4
2025.10.13	01:01:05.824	0.92994				2
2025.10.13	01:01:06.137	0.92993				2
2025.10.13	01:01:07.513	0.92994	0.93057			6
2025.10.13	01:01:07.870	0.92993	0.93053			6
2025.10.13	01:01:09.040	0.92992				2
2025.10.13	01:01:09.854		0.93057			4
2025.10.13	01:01:10.483	0.92993	0.93061			6
2025.10.13	01:01:12.018		0.93063			4
2025.10.13	01:01:12.392	0.92995	0.93061			6
2025.10.13	01:01:17.184	0.92994	0.93068			6
2025.10.13	01:01:17.487	0.92995	0.93061			6
2025.10.13	01:01:19.970	0.92990	0.93060			6
2025.10.13	01:01:20.968	0.92985				2
2025.10.13	01:01:21.293	0.92989	0.93065			6
2025.10.13	01:01:21.599	0.92986	0.93055			6
2025.10.13	01:01:22.168	0.92988				2
2025.10.13	01:01:22.478	0.92986	0.93060			6
2025.10.13	01:01:22.856		0.93062			4
2025.10.13	01:01:23.159	0.93005	0.93070			6
2025.10.13	01:01:23.526	0.93008	0.93064			6
2025.10.13	01:01:24.388		0.93066			4
2025.10.13	01:01:25.701		0.93062			4
2025.10.13	01:01:26.815		0.93066			4
2025.10.13	01:01:27.173		0.93062			4
2025.10.13	01:01:27.692		0.93060			4
2025.10.13	01:01:28.604	0.92997	0.93059			6
2025.10.13	01:01:28.910	0.92999	0.93063			6
2025.10.13	01:01:30.377	0.93002	0.93073			6
2025.10.13	01:01:30.708	0.93005	0.93071			6
2025.10.13	01:01:31.018		0.93073			4
2025.10.13	01:01:31.453		0.93065			4
2025.10.13	01:01:31.783	0.93004				2
2025.10.13	01:01:32.132	0.93003				2
2025.10.13	01:01:32.609	0.93000	0.93056			6
2025.10.13	01:01:33.037	0.93002	0.93061			6
2025.10.13	01:01:33.363	0.92999	0.93056			6
2025.10.13	01:01:33.771	0.92998	0.93061			6
2025.10.13	01:01:34.367	0.93006	0.93056			6
2025.10.13	01:01:34.674	0.93007	0.93058			6
2025.10.13	01:01:35.170	0.93005	0.93056			6
2025.10.13	01:01:35.931	0.92999	0.93058			6
2025.10.13	01:01:36.239	0.92997	0.93052			6
2025.10.13	01:01:36.880	0.92995				2
2025.10.13	01:01:37.792		0.93048			4
2025.10.13	01:01:38.174	0.92998				2
2025.10.13	01:01:39.049	0.92977	0.93045			6
2025.10.13	01:01:39.424	0.92975	0.93049			6
2025.10.13	01:01:39.739		0.93045			4
2025.10.13	01:01:41.337		0.93047			4
2025.10.13	01:01:41.721	0.92977	0.93045			6
2025.10.13	01:01:42.232	0.92978				2
2025.10.13	01:01:42.949	0.92977				2
2025.10.13	01:01:43.518	0.92991	0.93049			6
2025.10.13	01:01:44.589	0.92987				2
2025.10.13	01:01:45.024	0.92980				2
2025.10.13	01:01:45.722	0.92982				2
2025.10.13	01:01:46.062	0.92983	0.93063			6
2025.10.13	01:01:46.376	0.92989	0.93059			6
2025.10.13	01:01:47.044	0.92986	0.93062			6
2025.10.13	01:01:47.891	0.92992	0.93051			6
2025.10.13	01:01:48.216		0.93053			4
2025.10.13	01:01:48.854	0.92991	0.93058			6
2025.10.13	01:01:49.294	0.92988				2
2025.10.13	01:01:49.613	0.92977				2
2025.10.13	01:01:49.918	0.92980				2
2025.10.13	01:01:50.319	0.92981				2
2025.10.13	01:01:50.687	0.92966	0.93051			6
2025.10.13	01:01:51.012	0.92978	0.93038			6
2025.10.13	01:01:51.318	0.92982	0.93039			6
2025.10.13	01:01:51.912	0.92981				2
2025.10.13	01:01:52.921	0.92980				2
2025.10.13	01:01:54.529	0.92978				2
2025.10.13	01:01:54.930	0.92981				2
2025.10.13	01:02:00.022	0.92981				2
2025.10.13	01:02:00.500	0.92985				2
2025.10.13	01:02:03.530	0.92971				2
2025.10.13	01:02:03.839	0.92975				2
2025.10.13	01:02:04.730	0.92980				2
2025.10.13	01:02:05.815	0.92975				2
2025.10.13	01:02:06.388	0.93002	0.93043			6
2025.10.13	01:02:06.700	0.92997	0.93047			6
2025.10.13	01:02:07.436	0.92999	0.93043			6
2025.10.13	01:02:08.201		0.93045			4
2025.10.13	01:02:08.518	0.93002	0.93051			6
2025.10.13	01:02:08.894		0.93053			4
2025.10.13	01:02:09.226	0.93004	0.93051			6
2025.10.13	01:02:09.958	0.93009	0.93049			6
2025.10.13	01:02:10.260	0.92999				2
2025.10.13	01:02:11.057	0.93001				2
2025.10.13	01:02:11.711	0.92999	0.93042			6
2025.10.13	01:02:12.927	0.93001				2
2025.10.13	01:02:13.817	0.93009	0.93057			6
2025.10.13	01:02:15.406	0.93005	0.93055			6
2025.10.13	01:02:18.014	0.92999	0.93051			6
2025.10.13	01:02:18.327	0.92996	0.93053			6
2025.10.13	01:02:19.182	0.92997	0.93049			6
2025.10.13	01:02:21.035	0.92995	0.93045			6
2025.10.13	01:02:22.619	0.92993	0.93041			6
2025.10.13	01:02:23.292	0.92991				2
2025.10.13	01:02:23.604	0.92996	0.93052			6
2025.10.13	01:02:23.999	0.92993				2
2025.10.13	01:02:25.100	0.92994	0.93045			6
2025.10.13	01:02:25.406	0.92995				2
2025.10.13	01:02:25.717		0.93042			4
2025.10.13	01:02:26.034	0.92994				2
2025.10.13	01:02:26.471		0.93043			4
2025.10.13	01:02:29.329	0.92990	0.93039			6
2025.10.13	01:02:29.737	0.92984	0.93041			6
2025.10.13	01:02:30.117	0.92983	0.93037			6
2025.10.13	01:02:30.418	0.92982	0.93039			6
2025.10.13	01:02:31.032	0.92984				2
2025.10.13	01:02:31.376	0.92983	0.93041			6
2025.10.13	01:02:31.678	0.92980	0.93042			6
2025.10.13	01:02:31.980	0.92978	0.93041			6
2025.10.13	01:02:32.293	0.92984	0.93042			6
2025.10.13	01:02:33.421		0.93048			4
2025.10.13	01:02:33.738		0.93047			4
2025.10.13	01:02:34.388		0.93048			4
2025.10.13	01:02:34.735	0.92985	0.93046			6
2025.10.13	01:02:37.108		0.93048			4
2025.10.13	01:02:38.000	0.92984	0.93043			6
2025.10.13	01:02:38.626		0.93044			4
2025.10.13	01:02:38.938	0.92980	0.93042			6
2025.10.13	01:02:39.249	0.92976	0.93041			6
2025.10.13	01:02:39.568	0.92978				2
2025.10.13	01:02:39.957	0.92976				2
2025.10.13	01:02:40.260	0.92984				2
2025.10.13	01:02:40.575	0.92981				2
2025.10.13	01:02:41.251	0.92974	0.93042			6
2025.10.13	01:02:42.722	0.92978	0.93041			6
2025.10.13	01:02:44.725	0.92977	0.93042			6
2025.10.13	01:02:45.090	0.92976				2
2025.10.13	01:02:45.824	0.92978				2
2025.10.13	01:02:46.515	0.92986	0.93050			6
2025.10.13	01:02:46.912	0.92994	0.93042			6
2025.10.13	01:02:47.231	0.92993	0.93043			6
2025.10.13	01:02:47.582	0.92994	0.93042			6
2025.10.13	01:02:49.153	0.92985				2
2025.10.13	01:02:50.264	0.92984				2
2025.10.13	01:02:51.812	0.92986	0.93046			6
2025.10.13	01:02:52.621	0.92994	0.93042			6
2025.10.13	01:02:53.733	0.92987	0.93041			6
2025.10.13	01:02:54.583	0.92986	0.93043			6
2025.10.13	01:02:54.889	0.92984				2
2025.10.13	01:02:56.869	0.92986	0.93039			6
2025.10.13	01:02:57.231	0.93042	0.93094			6
2025.10.13	01:02:57.539		0.93099			4
2025.10.13	01:02:58.605	0.93011	0.93067			6
2025.10.13	01:02:58.908	0.93016	0.93064			6
2025.10.13	01:02:59.247	0.93011				2
2025.10.13	01:03:00.050	0.93008	0.93067			6
2025.10.13	01:03:00.396	0.92997	0.93056			6
2025.10.13	01:03:00.742		0.93058			4
2025.10.13	01:03:01.471	0.92998	0.93059			6
2025.10.13	01:03:01.948	0.92999	0.93055			6
2025.10.13	01:03:02.312	0.93001	0.93054			6
2025.10.13	01:03:02.618	0.93006				2
2025.10.13	01:03:03.385	0.93007	0.93057			6
2025.10.13	01:03:03.723		0.93059			4
2025.10.13	01:03:04.344		0.93057			4
2025.10.13	01:03:04.678	0.93006	0.93055			6
2025.10.13	01:03:05.605	0.93011	0.93060			6
2025.10.13	01:03:06.051		0.93059			4
2025.10.13	01:03:07.430		0.93060			4
2025.10.13	01:03:08.310	0.93006	0.93063			6
2025.10.13	01:03:09.527	0.93024	0.93072			6
2025.10.13	01:03:09.838	0.93019				2
2025.10.13	01:03:10.590	0.93024				2
2025.10.13	01:03:11.353		0.93068			4
2025.10.13	01:03:11.797	0.93021	0.93072			6
2025.10.13	01:03:12.364	0.93013	0.93069			6
2025.10.13	01:03:12.798		0.93062			4
2025.10.13	01:03:13.626	0.93020	0.93078			6
2025.10.13	01:03:13.938	0.93021	0.93075			6
2025.10.13	01:03:14.334	0.93023				2
2025.10.13	01:03:14.670	0.93025				2
2025.10.13	01:03:14.979	0.93029	0.93077			6
2025.10.13	01:03:17.010	0.93028	0.93075			6
2025.10.13	01:03:17.665		0.93073			4
2025.10.13	01:03:18.301	0.93036	0.93071			6
2025.10.13	01:03:18.608	0.93035	0.93073			6
2025.10.13	01:03:19.113	0.93036	0.93070			6
2025.10.13	01:03:20.267	0.93035	0.93073			6
2025.10.13	01:03:21.451		0.93075			4
2025.10.13	01:03:21.760	0.93036	0.93071			6
2025.10.13	01:03:23.609	0.93035	0.93072			6
2025.10.13	01:03:24.993	0.93034	0.93088			6
2025.10.13	01:03:27.045	0.93036				2
2025.10.13	01:03:29.711	0.93051	0.93109			6
2025.10.13	01:03:30.018	0.93087	0.93134			6
2025.10.13	01:03:37.438	0.93097	0.93139			6
2025.10.13	01:03:37.763		0.93136			4
2025.10.13	01:03:40.539	0.93093	0.93131			6
2025.10.13	01:03:41.488	0.93094				2
2025.10.13	01:03:41.807	0.93093				2
2025.10.13	01:03:43.610	0.93095				2
2025.10.13	01:03:53.319		0.93136			4
2025.10.13	01:03:58.348	0.93097				2
2025.10.13	01:03:58.699	0.93095				2
2025.10.13	01:04:00.238	0.93095				2
2025.10.13	01:04:03.559	0.93096				2
2025.10.13	01:04:07.918		0.93131			4
2025.10.13	01:04:11.443		0.93136			4
2025.10.13	01:04:23.209		0.93131			4
2025.10.13	01:04:25.730		0.93136			4
2025.10.13	01:04:36.418		0.93141			4
2025.10.13	01:04:36.722		0.93136			4
2025.10.13	01:04:52.220	0.93097	0.93138			6
2025.10.13	01:04:52.539	0.93096	0.93136			6
2025.10.13	01:05:00.172	0.93096				2
2025.10.13	01:05:04.774	0.93097				2
2025.10.13	01:05:10.656	0.93099	0.93145			6
2025.10.13	01:05:12.799	0.93098	0.93151			6
2025.10.13	01:05:13.246	0.93097	0.93136			6
2025.10.13	01:05:13.549	0.93099	0.93140			6
2025.10.13	01:05:13.872		0.93146			4
2025.10.13	01:05:14.667		0.93142			4
2025.10.13	01:05:15.005	0.93102	0.93139			6
2025.10.13	01:05:15.974		0.93138			4
2025.10.13	01:05:16.545		0.93137			4
2025.10.13	01:05:17.569		0.93143			4
2025.10.13	01:05:18.152	0.93099	0.93144			6
2025.10.13	01:05:18.591		0.93146			4
2025.10.13	01:05:18.899	0.93127	0.93156			6
2025.10.13	01:05:27.691		0.93151			4
2025.10.13	01:05:29.698		0.93155			4
2025.10.13	01:05:30.019		0.93154			4
2025.10.13	01:05:30.381		0.93155			4
2025.10.13	01:05:30.850		0.93153			4
2025.10.13	01:05:31.629		0.93167			4
2025.10.13	01:05:32.030		0.93157			4
2025.10.13	01:05:32.355		0.93156			4
2025.10.13	01:05:35.860		0.93157			4
2025.10.13	01:05:36.916		0.93156			4
2025.10.13	01:05:37.574		0.93157			4
2025.10.13	01:05:44.864		0.93158			4
2025.10.13	01:05:45.974		0.93156			4
2025.10.13	01:05:46.378		0.93157			4
2025.10.13	01:05:47.629		0.93164			4
2025.10.13	01:05:48.277		0.93165			4
2025.10.13	01:05:48.579		0.93167			4
2025.10.13	01:05:48.996		0.93166			4
2025.10.13	01:05:50.728		0.93167			4
2025.10.13	01:05:51.230		0.93166			4
2025.10.13	01:05:59.331		0.93165			4
2025.10.13	01:05:59.639		0.93166			4
2025.10.13	01:05:59.942		0.93168			4
2025.10.13	01:06:00.414	0.93127				2
2025.10.13	01:06:00.809		0.93166			4
2025.10.13	01:06:03.392		0.93165			4
2025.10.13	01:06:04.509		0.93167			4
2025.10.13	01:06:04.817		0.93168			4
2025.10.13	01:06:05.137		0.93164			4
2025.10.13	01:06:05.644		0.93167			4
2025.10.13	01:06:06.344		0.93169			4
2025.10.13	01:06:07.812	0.93132	0.93162			6
2025.10.13	01:06:08.123	0.93136				2
2025.10.13	01:06:08.439	0.93141	0.93164			6
2025.10.13	01:06:08.758	0.93140				2
2025.10.13	01:06:09.078	0.93138				2
2025.10.13	01:06:09.398	0.93134	0.93162			6
2025.10.13	01:06:09.709	0.93136	0.93163			6
2025.10.13	01:06:10.019		0.93164			4
2025.10.13	01:06:10.693	0.93135	0.93162			6
2025.10.13	01:06:11.013	0.93142	0.93168			6
2025.10.13	01:06:11.657	0.93139				2
2025.10.13	01:06:11.959	0.93156				2
2025.10.13	01:06:12.260	0.93163	0.93185			6
2025.10.13	01:06:12.599		0.93184			4
2025.10.13	01:06:12.910		0.93185			4
2025.10.13	01:06:13.218	0.93164	0.93183			6
2025.10.13	01:06:13.523	0.93161	0.93174			6
2025.10.13	01:06:13.827		0.93173			4
2025.10.13	01:06:14.572	0.93160	0.93174			6
2025.10.13	01:06:14.879	0.93155				2
2025.10.13	01:06:15.631	0.93156				2
2025.10.13	01:06:17.215	0.93153	0.93172			6
2025.10.13	01:06:17.528		0.93173			4
2025.10.13	01:06:18.198	0.93156	0.93175			6
2025.10.13	01:06:19.736	0.93162	0.93181			6
2025.10.13	01:06:20.038	0.93164	0.93183			6
2025.10.13	01:06:21.013	0.93165	0.93182			6
2025.10.13	01:06:21.485	0.93163	0.93180			6
2025.10.13	01:06:21.945	0.93162	0.93181			6
2025.10.13	01:06:22.346	0.93156	0.93182			6
2025.10.13	01:06:22.650		0.93181			4
2025.10.13	01:06:23.203		0.93176			4
2025.10.13	01:06:23.627		0.93180			4
2025.10.13	01:06:23.938	0.93155				2
2025.10.13	01:06:24.531	0.93156	0.93179			6
2025.10.13	01:06:24.837	0.93155				2
2025.10.13	01:06:26.631	0.93156	0.93182			6
2025.10.13	01:06:27.061	0.93155				2
2025.10.13	01:06:29.738	0.93151	0.93174			6
2025.10.13	01:06:30.040	0.93150				2
2025.10.13	01:06:30.781	0.93154	0.93179			6
2025.10.13	01:06:31.089	0.93153				2
2025.10.13	01:06:32.756	0.93156	0.93181			6
2025.10.13	01:06:33.058	0.93158	0.93182			6
2025.10.13	01:06:37.806	0.93160				2
2025.10.13	01:06:38.785	0.93161				2
2025.10.13	01:06:39.140	0.93163				2
2025.10.13	01:06:41.640	0.93165	0.93190			6
2025.10.13	01:06:41.949	0.93163	0.93193			6
2025.10.13	01:06:46.301	0.93164				2
2025.10.13	01:06:47.763	0.93163				2
2025.10.13	01:06:48.156	0.93164	0.93194			6
2025.10.13	01:06:52.614	0.93169	0.93197			6
2025.10.13	01:06:52.967	0.93178	0.93192			6
2025.10.13	01:06:53.277		0.93193			4
2025.10.13	01:06:53.580		0.93192			4
2025.10.13	01:06:55.027	0.93176				2
2025.10.13	01:06:55.717	0.93178	0.93196			6
2025.10.13	01:06:57.130	0.93175	0.93193			6
2025.10.13	01:06:57.433		0.93196			4
2025.10.13	01:06:58.750	0.93176	0.93198			6
2025.10.13	01:06:59.058	0.93175				2
2025.10.13	01:06:59.372	0.93178				2
2025.10.13	01:06:59.812	0.93176				2
2025.10.13	01:07:00.530	0.93178	0.93188			6
2025.10.13	01:07:01.194	0.93175	0.93193			6
2025.10.13	01:07:01.498	0.93165	0.93192			6
2025.10.13	01:07:01.819	0.93171	0.93191			6
2025.10.13	01:07:02.308	0.93172				2
2025.10.13	01:07:02.643	0.93168	0.93190			6
2025.10.13	01:07:02.987	0.93167				2
2025.10.13	01:07:03.689		0.93189			4
2025.10.13	01:07:04.115	0.93168	0.93190			6
2025.10.13	01:07:04.748	0.93169	0.93193			6
2025.10.13	01:07:06.327	0.93171	0.93190			6
2025.10.13	01:07:07.053	0.93172				2
2025.10.13	01:07:07.729	0.93178	0.93197			6
2025.10.13	01:07:08.074	0.93179				2
2025.10.13	01:07:08.894		0.93198			4
2025.10.13	01:07:10.006		0.93197			4
2025.10.13	01:07:10.746		0.93200			4
2025.10.13	01:07:11.498	0.93178	0.93195			6
2025.10.13	01:07:13.739		0.93198			4
2025.10.13	01:07:14.747	0.93177	0.93197			6
2025.10.13	01:07:16.815	0.93183	0.93200			6
2025.10.13	01:07:17.165		0.93201			4
2025.10.13	01:07:19.300	0.93182	0.93200			6
2025.10.13	01:07:19.663	0.93178	0.93198			6
2025.10.13	01:07:19.980	0.93170	0.93194			6
2025.10.13	01:07:20.293		0.93193			4
2025.10.13	01:07:20.849	0.93166	0.93191			6
2025.10.13	01:07:21.175	0.93171	0.93195			6
2025.10.13	01:07:21.632	0.93173	0.93196			6
2025.10.13	01:07:21.939	0.93170				2
2025.10.13	01:07:22.241	0.93172				2
2025.10.13	01:07:22.843	0.93179	0.93200			6
2025.10.13	01:07:23.158	0.93180				2
2025.10.13	01:07:25.226	0.93179	0.93199			6
2025.10.13	01:07:25.775	0.93182	0.93200			6
2025.10.13	01:07:26.078	0.93183	0.93201			6
2025.10.13	01:07:26.682	0.93181	0.93200			6
2025.10.13	01:07:27.043	0.93182				2
2025.10.13	01:07:27.531	0.93183				2
2025.10.13	01:07:28.261	0.93182				2
2025.10.13	01:07:28.745	0.93184	0.93201			6
2025.10.13	01:07:29.057	0.93185				2
2025.10.13	01:07:31.967	0.93184				2
2025.10.13	01:07:33.831	0.93183				2
2025.10.13	01:07:37.273	0.93184				2
2025.10.13	01:07:37.917	0.93182				2
2025.10.13	01:07:38.243	0.93183				2
2025.10.13	01:07:38.626	0.93182				2
2025.10.13	01:07:40.055	0.93181				2
2025.10.13	01:07:40.614	0.93183	0.93202			6
2025.10.13	01:07:41.364	0.93182	0.93203			6
2025.10.13	01:07:43.361	0.93181	0.93202			6
2025.10.13	01:07:44.008	0.93178	0.93201			6
2025.10.13	01:07:45.360	0.93180				2
2025.10.13	01:07:50.930	0.93179				2
2025.10.13	01:07:51.643	0.93183				2
2025.10.13	01:07:51.974	0.93181	0.93203			6
2025.10.13	01:07:52.312	0.93183				2
2025.10.13	01:07:53.388	0.93186				2
2025.10.13	01:07:53.728	0.93182				2
2025.10.13	01:07:54.986		0.93204			4
2025.10.13	01:07:56.365	0.93185				2
2025.10.13	01:07:57.922	0.93184				2
2025.10.13	01:08:00.531	0.93184				2
2025.10.13	01:08:00.926	0.93186				2
2025.10.13	01:08:01.291	0.93185				2
2025.10.13	01:08:01.598	0.93184				2
2025.10.13	01:08:02.341	0.93185	0.93205			6
2025.10.13	01:08:03.007		0.93204			4
2025.10.13	01:08:03.314		0.93206			4
2025.10.13	01:08:03.926		0.93204			4
2025.10.13	01:08:05.330	0.93186				2
2025.10.13	01:08:05.638	0.93189	0.93202			6
2025.10.13	01:08:06.011		0.93203			4
2025.10.13	01:08:06.850	0.93185	0.93204			6
2025.10.13	01:08:08.132	0.93186				2
2025.10.13	01:08:08.966		0.93203			4
2025.10.13	01:08:10.011	0.93185	0.93202			6
2025.10.13	01:08:10.322	0.93186	0.93203			6
2025.10.13	01:08:10.644	0.93187				2
2025.10.13	01:08:13.050	0.93186	0.93202			6
2025.10.13	01:08:14.184	0.93187	0.93203			6
2025.10.13	01:08:16.039	0.93185	0.93202			6
2025.10.13	01:08:16.871		0.93203			4
2025.10.13	01:08:19.083	0.93184	0.93202			6
2025.10.13	01:08:19.403	0.93183	0.93199			6
2025.10.13	01:08:19.781		0.93200			4
2025.10.13	01:08:20.424		0.93199			4
2025.10.13	01:08:24.765	0.93182				2
2025.10.13	01:08:25.075	0.93186	0.93200			6
2025.10.13	01:08:25.379	0.93188	0.93202			6
2025.10.13	01:08:26.032	0.93187	0.93200			6
2025.10.13	01:08:26.353	0.93188	0.93202			6
2025.10.13	01:08:27.586	0.93181	0.93203			6
2025.10.13	01:08:30.107		0.93202			4
2025.10.13	01:08:30.456		0.93201			4
2025.10.13	01:08:30.763	0.93179				2
2025.10.13	01:08:34.331	0.93180	0.93202			6
2025.10.13	01:08:34.690	0.93181				2
2025.10.13	01:08:40.158	0.93182				2
2025.10.13	01:08:41.016	0.93183	0.93201			6
2025.10.13	01:08:47.836	0.93179				2
2025.10.13	01:08:48.137		0.93202			4
2025.10.13	01:08:48.530	0.93180				2
2025.10.13	01:08:49.744		0.93201			4
2025.10.13	01:08:50.779	0.93182	0.93202			6
2025.10.13	01:08:51.458	0.93183	0.93201			6
2025.10.13	01:08:51.780		0.93202			4
2025.10.13	01:08:52.420	0.93182				2
2025.10.13	01:08:52.962	0.93183				2
2025.10.13	01:08:53.266	0.93182				2
2025.10.13	01:08:53.609	0.93183	0.93201			6
2025.10.13	01:08:54.251	0.93184				2
2025.10.13	01:08:55.720	0.93182				2
2025.10.13	01:08:56.039		0.93202			4
2025.10.13	01:08:56.696	0.93183	0.93201			6
2025.10.13	01:08:57.379	0.93182	0.93202			6
2025.10.13	01:09:00.148	0.93183				2
2025.10.13	01:09:01.244	0.93182	0.93201			6
2025.10.13	01:09:01.558	0.93179				2
2025.10.13	01:09:02.082		0.93202			4
2025.10.13	01:09:02.856	0.93180	0.93201			6
2025.10.13	01:09:03.952	0.93181				2
2025.10.13	01:09:05.177		0.93202			4
2025.10.13	01:09:05.569	0.93182				2
2025.10.13	01:09:05.901	0.93183	0.93201			6
2025.10.13	01:09:07.290	0.93178	0.93199			6
2025.10.13	01:09:07.711		0.93200			4
2025.10.13	01:09:08.019	0.93177	0.93198			6
2025.10.13	01:09:08.681	0.93180	0.93200			6
2025.10.13	01:09:09.281	0.93181	0.93202			6
2025.10.13	01:09:09.844	0.93180	0.93200			6
2025.10.13	01:09:10.184		0.93201			4
2025.10.13	01:09:11.766	0.93175	0.93198			6
2025.10.13	01:09:12.078		0.93196			4
2025.10.13	01:09:12.388	0.93174				2
2025.10.13	01:09:12.917	0.93176	0.93197			6
2025.10.13	01:09:16.146	0.93171	0.93190			6
2025.10.13	01:09:16.800	0.93174	0.93195			6
2025.10.13	01:09:17.102	0.93180	0.93202			6
2025.10.13	01:09:18.359	0.93178				2
2025.10.13	01:09:19.068		0.93200			4
2025.10.13	01:09:19.378	0.93177	0.93202			6
2025.10.13	01:09:20.005	0.93176	0.93199			6
2025.10.13	01:09:21.625	0.93175				2
2025.10.13	01:09:22.118	0.93169	0.93192			6
2025.10.13	01:09:22.890	0.93170	0.93194			6
2025.10.13	01:09:25.072	0.93171	0.93195			6
2025.10.13	01:09:27.369	0.93172				2
2025.10.13	01:09:27.838	0.93170	0.93190			6
2025.10.13	01:09:28.564	0.93172	0.93197			6
2025.10.13	01:09:29.001		0.93196			4
2025.10.13	01:09:29.451	0.93169	0.93193			6
2025.10.13	01:09:29.830	0.93170				2
2025.10.13	01:09:30.210	0.93176	0.93194			6
2025.10.13	01:09:30.535	0.93175				2
2025.10.13	01:09:30.929	0.93174	0.93195			6
2025.10.13	01:09:31.430	0.93169	0.93193			6
2025.10.13	01:09:31.739		0.93192			4
2025.10.13	01:09:32.179	0.93170				2
2025.10.13	01:09:32.988	0.93172	0.93195			6
2025.10.13	01:09:33.824		0.93196			4
2025.10.13	01:09:34.186	0.93175	0.93199			6
2025.10.13	01:09:34.499	0.93174	0.93198			6
2025.10.13	01:09:34.948	0.93175	0.93199			6
2025.10.13	01:09:35.930	0.93174				2
2025.10.13	01:09:37.130	0.93173				2
2025.10.13	01:09:39.412	0.93174	0.93198			6
2025.10.13	01:09:40.744	0.93173	0.93197			6
2025.10.13	01:09:42.194		0.93198			4
2025.10.13	01:09:42.505	0.93175	0.93202			6
2025.10.13	01:09:42.814	0.93176	0.93201			6
2025.10.13	01:09:45.696	0.93174	0.93200			6
2025.10.13	01:09:46.140	0.93173				2
2025.10.13	01:09:47.408		0.93199			4
2025.10.13	01:09:48.877	0.93174	0.93200			6
2025.10.13	01:09:49.430	0.93167	0.93191			6
2025.10.13	01:09:49.739	0.93166	0.93192			6
2025.10.13	01:09:50.630	0.93167				2
2025.10.13	01:09:52.876	0.93168	0.93195			6
2025.10.13	01:09:53.631	0.93171				2
2025.10.13	01:09:54.809	0.93175	0.93193			6
2025.10.13	01:09:55.160		0.93195			4
2025.10.13	01:09:55.467	0.93176				2
2025.10.13	01:09:57.445	0.93177	0.93196			6
2025.10.13	01:09:58.809		0.93197			4
2025.10.13	01:09:59.412	0.93176	0.93201			6
2025.10.13	01:09:59.722	0.93175	0.93195			6
2025.10.13	01:10:00.450	0.93175	0.93199			6
2025.10.13	01:10:01.124	0.93171	0.93198			6
2025.10.13	01:10:01.432	0.93170	0.93197			6
2025.10.13	01:10:01.874	0.93168	0.93196			6
2025.10.13	01:10:04.129	0.93169	0.93198			6
2025.10.13	01:10:04.738	0.93170				2
2025.10.13	01:10:05.630	0.93169	0.93197			6
2025.10.13	01:10:06.967		0.93198			4
2025.10.13	01:10:07.381	0.93173	0.93199			6
2025.10.13	01:10:08.192	0.93172	0.93198			6
2025.10.13	01:10:09.107	0.93171	0.93196			6
2025.10.13	01:10:09.418	0.93170				2
2025.10.13	01:10:11.444	0.93172	0.93198			6
2025.10.13	01:10:17.727	0.93167	0.93194			6
2025.10.13	01:10:21.734		0.93193			4
2025.10.13	01:10:23.254	0.93168	0.93195			6
2025.10.13	01:10:23.629	0.93169	0.93196			6
2025.10.13	01:10:23.965	0.93167	0.93194			6
2025.10.13	01:10:24.270		0.93193			4
2025.10.13	01:10:24.783	0.93166	0.93194			6
2025.10.13	01:10:25.159	0.93167	0.93196			6
2025.10.13	01:10:25.712		0.93195			4
2025.10.13	01:10:26.473		0.93196			4
2025.10.13	01:10:27.149	0.93169	0.93195			6
2025.10.13	01:10:27.485	0.93167	0.93194			6
2025.10.13	01:10:28.377		0.93193			4
2025.10.13	01:10:28.723		0.93194			4
2025.10.13	01:10:31.164	0.93169				2
2025.10.13	01:10:31.765	0.93168				2
2025.10.13	01:10:34.131	0.93169				2
2025.10.13	01:10:38.238	0.93168	0.93195			6
2025.10.13	01:10:41.303	0.93169	0.93196			6
2025.10.13	01:10:43.643	0.93168				2
2025.10.13	01:10:43.959	0.93169				2
2025.10.13	01:10:46.812	0.93168	0.93194			6
2025.10.13	01:10:48.830	0.93169	0.93195			6
2025.10.13	01:10:49.339	0.93170	0.93196			6
2025.10.13	01:10:51.972	0.93169				2
2025.10.13	01:10:55.621		0.93195			4
2025.10.13	01:10:55.954	0.93168	0.93196			6
2025.10.13	01:10:57.254	0.93170				2
2025.10.13	01:10:59.744	0.93175	0.93199			6
2025.10.13	01:11:00.672	0.93173	0.93193			6
2025.10.13	01:11:01.204	0.93174				2
2025.10.13	01:11:03.001	0.93172	0.93190			6
2025.10.13	01:11:05.196	0.93171	0.93186			6
2025.10.13	01:11:05.604	0.93174	0.93190			6
2025.10.13	01:11:08.513		0.93191			4
2025.10.13	01:11:09.389	0.93173	0.93190			6
2025.10.13	01:11:10.154	0.93172	0.93191			6
2025.10.13	01:11:10.730	0.93173				2
2025.10.13	01:11:13.730	0.93172				2
2025.10.13	01:11:14.746		0.93189			4
2025.10.13	01:11:15.277	0.93173	0.93190			6
2025.10.13	01:11:15.585	0.93172	0.93189			6
2025.10.13	01:11:15.901	0.93176	0.93191			6
2025.10.13	01:11:16.209	0.93171	0.93185			6
2025.10.13	01:11:16.559	0.93174	0.93188			6
2025.10.13	01:11:16.878	0.93170	0.93192			6
2025.10.13	01:11:17.856	0.93171	0.93193			6
2025.10.13	01:11:18.222	0.93170				2
2025.10.13	01:11:21.409	0.93167	0.93185			6
2025.10.13	01:11:22.730	0.93169	0.93192			6
2025.10.13	01:11:24.052	0.93167	0.93185			6
2025.10.13	01:11:27.112	0.93168	0.93186			6
2025.10.13	01:11:28.574		0.93192			4
2025.10.13	01:11:28.993	0.93167	0.93190			6
2025.10.13	01:11:29.950		0.93191			4
2025.10.13	01:11:30.530	0.93168				2
2025.10.13	01:11:30.945	0.93169	0.93186			6
2025.10.13	01:11:32.044	0.93170				2
2025.10.13	01:11:34.284	0.93171				2
2025.10.13	01:11:36.702	0.93169				2
2025.10.13	01:11:38.632	0.93168	0.93185			6
2025.10.13	01:11:39.066	0.93167	0.93183			6
2025.10.13	01:11:40.097		0.93184			4
2025.10.13	01:11:40.670	0.93164	0.93183			6
2025.10.13	01:11:41.488	0.93162	0.93182			6
2025.10.13	01:11:42.804	0.93160	0.93178			6
2025.10.13	01:11:43.119	0.93157	0.93175			6
2025.10.13	01:11:44.910	0.93160	0.93180			6
2025.10.13	01:11:45.398		0.93181			4
2025.10.13	01:11:45.742		0.93180			4
2025.10.13	01:11:46.515	0.93159	0.93177			6
2025.10.13	01:11:47.331	0.93158				2
2025.10.13	01:11:48.532	0.93160	0.93180			6
2025.10.13	01:11:48.942		0.93178			4
2025.10.13	01:11:49.641	0.93158	0.93177			6
2025.10.13	01:11:49.955	0.93159				2
2025.10.13	01:11:50.282	0.93160	0.93178			6
2025.10.13	01:11:52.982		0.93176			4
2025.10.13	01:11:53.510	0.93159	0.93177			6
2025.10.13	01:11:54.567	0.93158				2
2025.10.13	01:11:56.174	0.93157	0.93173			6
2025.10.13	01:11:56.755		0.93174			4
2025.10.13	01:11:57.230	0.93159	0.93172			6
2025.10.13	01:11:57.541	0.93157	0.93175			6
2025.10.13	01:11:58.978	0.93158				2
2025.10.13	01:11:59.368		0.93176			4
2025.10.13	01:11:59.802	0.93160	0.93174			6
2025.10.13	01:12:00.286	0.93160	0.93175			6
2025.10.13	01:12:00.634	0.93159	0.93178			6
2025.10.13	01:12:00.938		0.93177			4
2025.10.13	01:12:01.341	0.93161	0.93178			6
2025.10.13	01:12:01.936	0.93162				2
2025.10.13	01:12:03.204	0.93161				2
2025.10.13	01:12:05.031	0.93160				2
2025.10.13	01:12:05.343		0.93176			4
2025.10.13	01:12:05.715		0.93178			4
2025.10.13	01:12:07.745		0.93175			4
2025.10.13	01:12:10.573		0.93178			4
2025.10.13	01:12:12.321	0.93163	0.93179			6
2025.10.13	01:12:14.031	0.93162				2
2025.10.13	01:12:16.379	0.93163				2
2025.10.13	01:12:19.289	0.93164				2
2025.10.13	01:12:19.855	0.93163				2
2025.10.13	01:12:21.339	0.93164	0.93180			6
2025.10.13	01:12:21.761		0.93179			4
2025.10.13	01:12:24.657		0.93180			4
2025.10.13	01:12:25.215		0.93179			4
2025.10.13	01:12:29.404		0.93180			4
2025.10.13	01:12:30.955	0.93163	0.93179			6
2025.10.13	01:12:31.259	0.93164				2
2025.10.13	01:12:31.578		0.93180			4
2025.10.13	01:12:33.830		0.93179			4
2025.10.13	01:12:35.724	0.93163				2
2025.10.13	01:12:41.030	0.93162				2
2025.10.13	01:12:41.414	0.93163				2
2025.10.13	01:12:43.460	0.93162				2
2025.10.13	01:12:43.814	0.93161	0.93178			6
2025.10.13	01:12:44.617	0.93162	0.93179			6
2025.10.13	01:12:45.051	0.93163				2
2025.10.13	01:12:47.765	0.93161				2
2025.10.13	01:12:48.109		0.93178			4
2025.10.13	01:12:48.445		0.93179			4
2025.10.13	01:12:49.887		0.93178			4
2025.10.13	01:12:50.203		0.93177			4
2025.10.13	01:12:50.942	0.93162	0.93179			6
2025.10.13	01:12:51.388	0.93165				2
2025.10.13	01:12:51.722	0.93164				2
2025.10.13	01:12:52.473		0.93180			4
2025.10.13	01:12:53.827		0.93178			4
2025.10.13	01:12:54.275	0.93163				2
2025.10.13	01:12:54.968		0.93179			4
2025.10.13	01:12:57.275	0.93161	0.93178			6
2025.10.13	01:12:58.480	0.93158	0.93176			6
2025.10.13	01:12:58.995		0.93175			4
2025.10.13	01:12:59.557		0.93176			4
2025.10.13	01:12:59.891	0.93156	0.93175			6
2025.10.13	01:13:00.314	0.93156				2
2025.10.13	01:13:00.685	0.93157				2
2025.10.13	01:13:01.008	0.93158				2
2025.10.13	01:13:01.586	0.93159	0.93173			6
2025.10.13	01:13:05.630	0.93158				2
2025.10.13	01:13:06.103	0.93159				2
2025.10.13	01:13:06.780		0.93174			4
2025.10.13	01:13:07.150		0.93173			4
2025.10.13	01:13:07.912		0.93172			4
2025.10.13	01:13:08.486	0.93158				2
2025.10.13	01:13:08.834	0.93159				2
2025.10.13	01:13:10.154	0.93157	0.93171			6
2025.10.13	01:13:10.890	0.93158	0.93172			6
2025.10.13	01:13:12.471	0.93159	0.93171			6
2025.10.13	01:13:12.802	0.93158				2
2025.10.13	01:13:15.347	0.93159				2
2025.10.13	01:13:16.806	0.93157				2
2025.10.13	01:13:17.328		0.93170			4
2025.10.13	01:13:17.674	0.93156				2
2025.10.13	01:13:19.429		0.93171			4
2025.10.13	01:13:20.754		0.93170			4
2025.10.13	01:13:21.339	0.93155				2
2025.10.13	01:13:23.029	0.93157	0.93169			6
2025.10.13	01:13:24.306	0.93156				2
2025.10.13	01:13:28.730	0.93157				2
2025.10.13	01:13:30.523	0.93162	0.93175			6
2025.10.13	01:13:30.839		0.93176			4
2025.10.13	01:13:32.030	0.93161				2
2025.10.13	01:13:33.272		0.93177			4
2025.10.13	01:13:33.782	0.93165				2
2025.10.13	01:13:34.090		0.93178			4
2025.10.13	01:13:35.241	0.93162	0.93177			6
2025.10.13	01:13:35.951	0.93163				2
2025.10.13	01:13:37.144		0.93176			4
2025.10.13	01:13:37.556	0.93162	0.93178			6
2025.10.13	01:13:38.318	0.93163				2
2025.10.13	01:13:40.887		0.93179			4
2025.10.13	01:13:42.348	0.93164				2
2025.10.13	01:13:43.341		0.93180			4
2025.10.13	01:13:44.112	0.93163	0.93178			6
2025.10.13	01:13:44.507		0.93179			4
2025.10.13	01:13:46.602	0.93165	0.93178			6
2025.10.13	01:13:49.428	0.93162	0.93180			6
2025.10.13	01:13:49.952	0.93161				2
2025.10.13	01:13:51.099	0.93160				2
2025.10.13	01:13:51.713	0.93163	0.93181			6
2025.10.13	01:13:52.044	0.93164				2
2025.10.13	01:13:52.901	0.93166	0.93184			6
2025.10.13	01:13:59.162	0.93165				2
2025.10.13	01:14:00.066	0.93165				2
2025.10.13	01:14:01.141	0.93164				2
2025.10.13	01:14:02.689	0.93165	0.93185			6
2025.10.13	01:14:02.998	0.93167	0.93186			6
2025.10.13	01:14:09.311	0.93168	0.93187			6
2025.10.13	01:14:10.206	0.93170				2
2025.10.13	01:14:10.512		0.93188			4
2025.10.13	01:14:11.426	0.93169	0.93189			6
2025.10.13	01:14:11.776		0.93188			4
2025.10.13	01:14:12.077	0.93170	0.93189			6
2025.10.13	01:14:13.427	0.93169	0.93188			6
2025.10.13	01:14:17.023	0.93166	0.93187			6
2025.10.13	01:14:18.229	0.93167				2
2025.10.13	01:14:19.393	0.93166	0.93188			6
2025.10.13	01:14:20.420	0.93165	0.93185			6
2025.10.13	01:14:27.015		0.93181			4
2025.10.13	01:14:28.096	0.93169	0.93183			6
2025.10.13	01:14:28.857		0.93182			4
2025.10.13	01:14:30.325	0.93172	0.93186			6
2025.10.13	01:14:31.770	0.93174	0.93187			6
2025.10.13	01:14:33.512		0.93188			4
2025.10.13	01:14:34.730	0.93173	0.93186			6
2025.10.13	01:14:35.047		0.93188			4
2025.10.13	01:14:36.004		0.93187			4
2025.10.13	01:14:36.380		0.93188			4
2025.10.13	01:14:37.060	0.93174	0.93191			6
2025.10.13	01:14:39.293	0.93172	0.93192			6
2025.10.13	01:14:41.903	0.93173	0.93193			6
2025.10.13	01:14:42.205	0.93172	0.93189			6
2025.10.13	01:14:42.513		0.93194			4
2025.10.13	01:14:43.052		0.93192			4
2025.10.13	01:14:44.283		0.93189			4
2025.10.13	01:14:44.631		0.93190			4
2025.10.13	01:14:45.357	0.93175	0.93193			6
2025.10.13	01:14:47.912	0.93172	0.93191			6
2025.10.13	01:14:50.653		0.93192			4
2025.10.13	01:14:52.009		0.93191			4
2025.10.13	01:14:52.749	0.93174	0.93194			6
2025.10.13	01:14:53.422	0.93173				2
2025.10.13	01:14:56.662		0.93193			4
2025.10.13	01:14:57.185		0.93190			4
2025.10.13	01:14:57.519		0.93191			4
2025.10.13	01:14:57.826		0.93190			4
2025.10.13	01:14:59.261	0.93172	0.93192			6
2025.10.13	01:15:00.429	0.93172				2
2025.10.13	01:15:01.489	0.93173				2
2025.10.13	01:15:02.066	0.93172	0.93191			6
2025.10.13	01:15:02.571	0.93171	0.93192			6
2025.10.13	01:15:03.499	0.93170				2
2025.10.13	01:15:05.033	0.93169				2
2025.10.13	01:15:05.387		0.93189			4
2025.10.13	01:15:05.711	0.93170				2
2025.10.13	01:15:06.877	0.93168				2
2025.10.13	01:15:07.234	0.93170				2
2025.10.13	01:15:07.579		0.93192			4
2025.10.13	01:15:08.142	0.93171				2
2025.10.13	01:15:08.819	0.93168				2
2025.10.13	01:15:09.126	0.93171				2
2025.10.13	01:15:09.918	0.93169				2
2025.10.13	01:15:10.243	0.93173				2
2025.10.13	01:15:11.020	0.93172				2
2025.10.13	01:15:11.332	0.93174	0.93190			6
2025.10.13	01:15:11.639	0.93170	0.93191			6
2025.10.13	01:15:11.957	0.93169				2
2025.10.13	01:15:12.263		0.93190			4
2025.10.13	01:15:12.633	0.93170				2
2025.10.13	01:15:13.596	0.93171	0.93193			6
2025.10.13	01:15:13.899	0.93170	0.93192			6
2025.10.13	01:15:14.207		0.93189			4
2025.10.13	01:15:14.581	0.93173	0.93193			6
2025.10.13	01:15:14.899	0.93172	0.93194			6
2025.10.13	01:15:15.552	0.93174	0.93196			6
2025.10.13	01:15:15.856	0.93175				2
2025.10.13	01:15:16.348	0.93173	0.93195			6
2025.10.13	01:15:16.716	0.93172	0.93193			6
2025.10.13	01:15:17.040	0.93174	0.93194			6
2025.10.13	01:15:17.849	0.93173	0.93193			6
2025.10.13	01:15:18.157	0.93172	0.93192			6
2025.10.13	01:15:18.985	0.93171				2
2025.10.13	01:15:19.475	0.93173	0.93193			6
2025.10.13	01:15:19.922		0.93195			4
2025.10.13	01:15:20.226	0.93174				2
2025.10.13	01:15:20.830	0.93179	0.93193			6
2025.10.13	01:15:21.137	0.93180				2
2025.10.13	01:15:22.026	0.93179				2
2025.10.13	01:15:22.337	0.93178	0.93194			6
2025.10.13	01:15:22.643	0.93180				2
2025.10.13	01:15:23.592	0.93177	0.93191			6
2025.10.13	01:15:23.899	0.93176	0.93188			6
2025.10.13	01:15:24.220	0.93175				2
2025.10.13	01:15:24.742		0.93189			4
2025.10.13	01:15:25.048		0.93192			4
2025.10.13	01:15:25.360	0.93176	0.93190			6
2025.10.13	01:15:26.354	0.93170	0.93187			6
2025.10.13	01:15:26.660	0.93172	0.93185			6
2025.10.13	01:15:27.849	0.93171				2
2025.10.13	01:15:28.156	0.93172	0.93187			6
2025.10.13	01:15:29.540	0.93173				2
2025.10.13	01:15:29.923	0.93174				2
2025.10.13	01:15:31.288	0.93172	0.93188			6
2025.10.13	01:15:31.598	0.93175				2
2025.10.13	01:15:32.331		0.93195			4
2025.10.13	01:15:32.639	0.93183				2
2025.10.13	01:15:32.958	0.93185	0.93196			6
2025.10.13	01:15:33.530	0.93184				2
2025.10.13	01:15:34.608	0.93180	0.93193			6
2025.10.13	01:15:35.872	0.93183	0.93194			6
2025.10.13	01:15:36.262	0.93182				2
2025.10.13	01:15:37.454		0.93195			4
2025.10.13	01:15:37.761		0.93197			4
2025.10.13	01:15:38.126	0.93183				2
2025.10.13	01:15:38.647	0.93184				2
2025.10.13	01:15:38.960	0.93186	0.93198			6
2025.10.13	01:15:41.330		0.93197			4
2025.10.13	01:15:41.774	0.93185				2
2025.10.13	01:15:42.541	0.93186				2
2025.10.13	01:15:44.001		0.93198			4
2025.10.13	01:15:44.429		0.93199			4
2025.10.13	01:15:46.610		0.93198			4
2025.10.13	01:15:47.707	0.93188	0.93199			6
2025.10.13	01:15:48.341	0.93186	0.93198			6
2025.10.13	01:15:49.016		0.93200			4
2025.10.13	01:15:49.319	0.93188				2
2025.10.13	01:15:50.005	0.93194	0.93203			6
2025.10.13	01:15:50.312	0.93195				2
2025.10.13	01:15:50.619	0.93192	0.93204			6
2025.10.13	01:15:50.922	0.93181	0.93196			6
2025.10.13	01:15:51.239	0.93182	0.93195			6
2025.10.13	01:15:51.543	0.93184	0.93196			6
2025.10.13	01:15:51.858		0.93197			4
2025.10.13	01:15:52.187	0.93180	0.93196			6
2025.10.13	01:15:52.506	0.93183	0.93197			6
2025.10.13	01:15:52.810	0.93184	0.93198			6
2025.10.13	01:15:53.331		0.93197			4
2025.10.13	01:15:53.639	0.93179				2
2025.10.13	01:15:53.963	0.93183	0.93198			6
2025.10.13	01:15:54.797	0.93181				2
2025.10.13	01:15:55.107	0.93183				2
2025.10.13	01:15:55.641	0.93182				2
2025.10.13	01:15:55.945	0.93184				2
2025.10.13	01:15:56.581	0.93182	0.93199			6
2025.10.13	01:15:56.887	0.93185				2
2025.10.13	01:15:57.200	0.93180	0.93196			6
2025.10.13	01:15:57.502	0.93182				2
2025.10.13	01:15:57.810		0.93198			4
2025.10.13	01:15:58.182	0.93183	0.93197			6
2025.10.13	01:15:58.532	0.93182	0.93198			6
2025.10.13	01:16:00.069	0.93182				2
2025.10.13	01:16:00.530	0.93181				2
2025.10.13	01:16:00.848	0.93184	0.93200			6
2025.10.13	01:16:01.452	0.93185	0.93197			6
2025.10.13	01:16:01.767		0.93196			4
2025.10.13	01:16:02.193	0.93184				2
2025.10.13	01:16:02.660	0.93185	0.93197			6
2025.10.13	01:16:03.071		0.93198			4
2025.10.13	01:16:03.387	0.93180				2
2025.10.13	01:16:03.724	0.93183	0.93197			6
2025.10.13	01:16:04.039	0.93184	0.93195			6
2025.10.13	01:16:04.747	0.93183	0.93196			6
2025.10.13	01:16:05.051	0.93184				2
2025.10.13	01:16:05.357	0.93182	0.93197			6
2025.10.13	01:16:05.666	0.93184				2
2025.10.13	01:16:05.991	0.93183	0.93196			6
2025.10.13	01:16:06.323	0.93187	0.93202			6
2025.10.13	01:16:06.627	0.93188	0.93199			6
2025.10.13	01:16:07.076		0.93202			4
2025.10.13	01:16:07.696	0.93187				2
2025.10.13	01:16:08.395	0.93188				2
2025.10.13	01:16:10.760		0.93198			4
2025.10.13	01:16:11.076		0.93202			4
2025.10.13	01:16:11.628	0.93187	0.93201			6
2025.10.13	01:16:11.982	0.93186	0.93200			6
2025.10.13	01:16:12.298	0.93187	0.93201			6
2025.10.13	01:16:12.600	0.93188	0.93202			6
2025.10.13	01:16:13.208	0.93187	0.93197			6
2025.10.13	01:16:13.635		0.93203			4
2025.10.13	01:16:13.941	0.93188				2
2025.10.13	01:16:14.740	0.93187				2
2025.10.13	01:16:15.095		0.93202			4
2025.10.13	01:16:15.398	0.93186				2
2025.10.13	01:16:17.372	0.93187	0.93201			6
2025.10.13	01:16:22.626		0.93203			4
2025.10.13	01:16:23.342		0.93202			4
2025.10.13	01:16:24.024		0.93201			4
2025.10.13	01:16:25.052		0.93202			4
2025.10.13	01:16:25.703		0.93201			4
2025.10.13	01:16:26.932		0.93202			4
2025.10.13	01:16:28.373		0.93201			4
2025.10.13	01:16:28.692	0.93186				2
2025.10.13	01:16:29.147	0.93188	0.93203			6
2025.10.13	01:16:30.251	0.93186				2
2025.10.13	01:16:30.558	0.93187	0.93202			6
2025.10.13	01:16:31.406	0.93186				2
2025.10.13	01:16:32.929	0.93185	0.93201			6
2025.10.13	01:16:33.239	0.93187	0.93200			6
2025.10.13	01:16:33.589	0.93186				2
2025.10.13	01:16:35.038		0.93201			4
2025.10.13	01:16:37.786	0.93187	0.93199			6
2025.10.13	01:16:38.418		0.93200			4
2025.10.13	01:16:39.173	0.93186	0.93201			6
2025.10.13	01:16:39.544		0.93200			4
2025.10.13	01:16:39.882	0.93181	0.93197			6
2025.10.13	01:16:40.200	0.93183	0.93196			6
2025.10.13	01:16:40.780		0.93195			4
2025.10.13	01:16:41.121		0.93197			4
2025.10.13	01:16:42.670	0.93180	0.93193			6
2025.10.13	01:16:43.049	0.93182				2
2025.10.13	01:16:43.480		0.93197			4
2025.10.13	01:16:43.798	0.93183	0.93198			6
2025.10.13	01:16:44.561	0.93184	0.93196			6
2025.10.13	01:16:45.443	0.93183				2
2025.10.13	01:16:46.324		0.93197			4
2025.10.13	01:16:46.637	0.93182	0.93196			6
2025.10.13	01:16:46.944	0.93184	0.93197			6
2025.10.13	01:16:47.383		0.93196			4
2025.10.13	01:16:48.303	0.93181	0.93195			6
2025.10.13	01:16:48.629	0.93183	0.93196			6
2025.10.13	01:16:49.523	0.93184	0.93199			6
2025.10.13	01:16:49.839	0.93182	0.93197			6
2025.10.13	01:16:50.218	0.93183				2
2025.10.13	01:16:51.125	0.93184	0.93196			6
2025.10.13	01:16:52.523	0.93183				2
2025.10.13	01:16:52.831	0.93182	0.93195			6
2025.10.13	01:16:53.257	0.93185	0.93197			6
2025.10.13	01:16:53.569	0.93186				2
2025.10.13	01:16:54.295	0.93182				2
2025.10.13	01:16:54.600	0.93184				2
2025.10.13	01:16:54.933	0.93185	0.93198			6
2025.10.13	01:16:55.705	0.93184				2
2025.10.13	01:16:56.081	0.93185				2
2025.10.13	01:16:56.716	0.93182	0.93196			6
2025.10.13	01:16:57.030	0.93183				2
2025.10.13	01:16:58.858	0.93182				2
2025.10.13	01:16:59.172	0.93183				2
2025.10.13	01:16:59.903	0.93182				2
2025.10.13	01:17:00.215	0.93184	0.93194			6
2025.10.13	01:17:00.520	0.93181				2
2025.10.13	01:17:01.623	0.93179	0.93191			6
2025.10.13	01:17:02.745		0.93192			4
2025.10.13	01:17:03.365	0.93177	0.93191			6
2025.10.13	01:17:03.675	0.93178				2
2025.10.13	01:17:03.991	0.93179				2
2025.10.13	01:17:04.314	0.93178				2
2025.10.13	01:17:04.620	0.93176	0.93190			6
2025.10.13	01:17:06.809	0.93171	0.93184			6
2025.10.13	01:17:09.648	0.93173	0.93186			6
2025.10.13	01:17:09.978	0.93174				2
2025.10.13	01:17:10.668	0.93173				2
2025.10.13	01:17:11.635	0.93174				2
2025.10.13	01:17:12.196	0.93173				2
2025.10.13	01:17:12.794	0.93172				2
2025.10.13	01:17:13.098	0.93175				2
2025.10.13	01:17:13.838	0.93176				2
2025.10.13	01:17:14.717	0.93172	0.93183			6
2025.10.13	01:17:15.925	0.93173				2
2025.10.13	01:17:16.459	0.93172				2
2025.10.13	01:17:17.889	0.93171				2
2025.10.13	01:17:18.284	0.93172				2
2025.10.13	01:17:20.610	0.93170				2
2025.10.13	01:17:20.932	0.93168				2
2025.10.13	01:17:21.239	0.93172				2
2025.10.13	01:17:22.218	0.93170	0.93184			6
2025.10.13	01:17:22.554	0.93171	0.93183			6
2025.10.13	01:17:22.858	0.93169	0.93180			6
2025.10.13	01:17:24.123	0.93167				2
2025.10.13	01:17:24.439	0.93162	0.93175			6
2025.10.13	01:17:24.756	0.93163				2
2025.10.13	01:17:25.584	0.93161	0.93173			6
2025.10.13	01:17:25.887	0.93158				2
2025.10.13	01:17:26.200	0.93160				2
2025.10.13	01:17:27.734	0.93162	0.93174			6
2025.10.13	01:17:28.140	0.93161				2
2025.10.13	01:17:28.504	0.93162				2
2025.10.13	01:17:29.270	0.93161				2
2025.10.13	01:17:29.701	0.93160				2
2025.10.13	01:17:30.095	0.93162				2
2025.10.13	01:17:30.896	0.93160				2
2025.10.13	01:17:31.199	0.93162				2
2025.10.13	01:17:32.008	0.93161				2
2025.10.13	01:17:32.621	0.93162				2
2025.10.13	01:17:32.982	0.93161				2
2025.10.13	01:17:33.540	0.93160				2
2025.10.13	01:17:34.431	0.93157	0.93171			6
2025.10.13	01:17:35.123	0.93158				2
2025.10.13	01:17:35.450	0.93157				2
2025.10.13	01:17:37.556	0.93156	0.93170			6
2025.10.13	01:17:37.876	0.93157				2
2025.10.13	01:17:38.372	0.93158				2
2025.10.13	01:17:38.812	0.93157				2
2025.10.13	01:17:39.818	0.93158				2
2025.10.13	01:17:40.589	0.93160	0.93174			6
2025.10.13	01:17:40.919	0.93161				2
2025.10.13	01:17:41.620	0.93160				2
2025.10.13	01:17:43.070	0.93161				2
2025.10.13	01:17:44.049	0.93156	0.93170			6
2025.10.13	01:17:44.373	0.93157				2
2025.10.13	01:17:45.893	0.93158				2
2025.10.13	01:17:46.382	0.93157				2
2025.10.13	01:17:48.803	0.93155	0.93168			6
2025.10.13	01:17:49.728	0.93150	0.93165			6
2025.10.13	01:17:50.044	0.93152	0.93164			6
2025.10.13	01:17:50.370	0.93150	0.93161			6
2025.10.13	01:17:53.634		0.93163			4
2025.10.13	01:17:54.525	0.93149				2
2025.10.13	01:17:55.857	0.93148				2
2025.10.13	01:17:56.159	0.93150				2
2025.10.13	01:17:56.477	0.93151				2
2025.10.13	01:17:58.161	0.93150				2
2025.10.13	01:17:58.976	0.93149				2
2025.10.13	01:18:00.029	0.93149				2
2025.10.13	01:18:00.339		0.93162			4
2025.10.13	01:18:00.642	0.93148				2
2025.10.13	01:18:01.410		0.93163			4
2025.10.13	01:18:03.471	0.93136	0.93150			6
2025.10.13	01:18:04.089	0.93137				2
2025.10.13	01:18:04.733		0.93151			4
2025.10.13	01:18:05.672	0.93138				2
2025.10.13	01:18:06.004	0.93137				2
2025.10.13	01:18:08.725	0.93139	0.93154			6
2025.10.13	01:18:09.038	0.93140	0.93155			6
2025.10.13	01:18:09.360	0.93146	0.93156			6
2025.10.13	01:18:10.075	0.93145				2
2025.10.13	01:18:10.468	0.93146				2
2025.10.13	01:18:12.540	0.93145	0.93161			6
2025.10.13	01:18:12.844	0.93148	0.93158			6
2025.10.13	01:18:13.248	0.93147				2
2025.10.13	01:18:13.728	0.93146				2
2025.10.13	01:18:14.056	0.93148				2
2025.10.13	01:18:14.579	0.93147				2
2025.10.13	01:18:15.230	0.93148				2
2025.10.13	01:18:15.679	0.93147				2
2025.10.13	01:18:16.037	0.93148				2
2025.10.13	01:18:16.358	0.93146	0.93159			6
2025.10.13	01:18:16.682	0.93145				2
2025.10.13	01:18:17.018	0.93148				2
2025.10.13	01:18:19.307	0.93147	0.93162			6
2025.10.13	01:18:19.995	0.93148	0.93160			6
2025.10.13	01:18:22.007	0.93150	0.93161			6
2025.10.13	01:18:30.401	0.93151	0.93164			6
2025.10.13	01:18:30.719	0.93148	0.93162			6
2025.10.13	01:18:31.101	0.93149	0.93163			6
2025.10.13	01:18:32.558	0.93148				2
2025.10.13	01:18:33.042	0.93151	0.93164			6
2025.10.13	01:18:36.676		0.93165			4
2025.10.13	01:18:37.299		0.93163			4
2025.10.13	01:18:39.141	0.93149				2
2025.10.13	01:18:39.456	0.93147	0.93158			6
2025.10.13	01:18:39.758	0.93146				2
2025.10.13	01:18:40.067	0.93147	0.93157			6
2025.10.13	01:18:41.030	0.93146				2
2025.10.13	01:18:42.066	0.93147				2
2025.10.13	01:18:44.140	0.93148				2
2025.10.13	01:18:44.486	0.93147				2
2025.10.13	01:18:45.180	0.93151	0.93165			6
2025.10.13	01:18:45.927	0.93152				2
2025.10.13	01:18:46.563	0.93151				2
2025.10.13	01:18:46.887	0.93152				2
2025.10.13	01:18:48.079	0.93153	0.93166			6
2025.10.13	01:18:48.844		0.93167			4
2025.10.13	01:18:49.360		0.93166			4
2025.10.13	01:18:50.347	0.93155	0.93168			6
2025.10.13	01:18:51.036		0.93169			4
2025.10.13	01:18:52.206	0.93154				2
2025.10.13	01:18:53.397	0.93156	0.93171			6
2025.10.13	01:18:53.813	0.93155	0.93170			6
2025.10.13	01:18:54.125	0.93156	0.93171			6
2025.10.13	01:18:55.242	0.93155				2
2025.10.13	01:18:57.781		0.93170			4
2025.10.13	01:19:00.328	0.93155				2
2025.10.13	01:19:00.697	0.93153	0.93166			6
2025.10.13	01:19:01.620	0.93154	0.93167			6
2025.10.13	01:19:02.476	0.93149	0.93163			6
2025.10.13	01:19:02.789	0.93148	0.93165			6
2025.10.13	01:19:05.223	0.93149				2
2025.10.13	01:19:06.318	0.93148				2
2025.10.13	01:19:07.319	0.93144	0.93162			6
2025.10.13	01:19:07.623	0.93146	0.93161			6
2025.10.13	01:19:11.758	0.93147				2
2025.10.13	01:19:12.543	0.93146				2
2025.10.13	01:19:13.429	0.93147				2
2025.10.13	01:19:13.797	0.93146				2
2025.10.13	01:19:24.829		0.93162			4
2025.10.13	01:19:25.561	0.93147				2
2025.10.13	01:19:26.228	0.93146				2
2025.10.13	01:19:28.661	0.93147				2
2025.10.13	01:19:29.327	0.93145				2
2025.10.13	01:19:29.665	0.93146				2
2025.10.13	01:19:30.328	0.93145				2
2025.10.13	01:19:30.710	0.93146				2
2025.10.13	01:19:31.292	0.93145	0.93160			6
2025.10.13	01:19:31.599	0.93146				2
2025.10.13	01:19:33.378		0.93162			4
2025.10.13	01:19:36.557	0.93143	0.93161			6
2025.10.13	01:19:36.859	0.93145	0.93159			6
2025.10.13	01:19:37.192	0.93143				2
2025.10.13	01:19:37.593	0.93145				2
2025.10.13	01:19:39.375	0.93144				2
2025.10.13	01:19:39.678	0.93145	0.93158			6
2025.10.13	01:19:39.980	0.93147	0.93160			6
2025.10.13	01:19:40.302	0.93149	0.93163			6
2025.10.13	01:19:40.619	0.93152	0.93167			6
2025.10.13	01:19:40.954		0.93168			4
2025.10.13	01:19:41.258	0.93153				2
2025.10.13	01:19:41.579	0.93155	0.93169			6
2025.10.13	01:19:42.026	0.93153				2
2025.10.13	01:19:42.342	0.93156	0.93170			6
2025.10.13	01:19:42.658	0.93154	0.93169			6
2025.10.13	01:19:42.970	0.93153				2
2025.10.13	01:19:43.279	0.93154	0.93168			6
2025.10.13	01:19:44.228	0.93149	0.93164			6
2025.10.13	01:19:44.538	0.93150				2
2025.10.13	01:19:45.874	0.93155	0.93169			6
2025.10.13	01:19:47.338	0.93154	0.93168			6
2025.10.13	01:19:47.642		0.93169			4
2025.10.13	01:19:48.952		0.93168			4
2025.10.13	01:19:49.312	0.93156	0.93170			6
2025.10.13	01:19:49.626	0.93154				2
2025.10.13	01:19:49.937	0.93155				2
2025.10.13	01:19:50.339	0.93156				2
2025.10.13	01:19:50.789	0.93157				2
2025.10.13	01:19:52.347		0.93171			4
2025.10.13	01:19:53.574	0.93156	0.93169			6
2025.10.13	01:19:53.878	0.93154	0.93170			6
2025.10.13	01:19:54.188	0.93156				2
2025.10.13	01:19:54.828	0.93157				2
2025.10.13	01:19:55.137	0.93155				2
2025.10.13	01:19:55.586	0.93157	0.93171			6
2025.10.13	01:20:00.251	0.93157	0.93175			6
2025.10.13	01:20:00.560	0.93155	0.93172			6
2025.10.13	01:20:01.289	0.93154	0.93173			6
2025.10.13	01:20:02.257		0.93174			4
2025.10.13	01:20:02.634	0.93152	0.93171			6
2025.10.13	01:20:03.084	0.93153				2
2025.10.13	01:20:04.445		0.93172			4
2025.10.13	01:20:04.758	0.93152				2
2025.10.13	01:20:05.791	0.93153				2
2025.10.13	01:20:06.732	0.93152				2
2025.10.13	01:20:07.158		0.93168			4
2025.10.13	01:20:07.505	0.93151	0.93170			6
2025.10.13	01:20:08.025	0.93152	0.93169			6
2025.10.13	01:20:08.830		0.93172			4
2025.10.13	01:20:09.138	0.93153				2
2025.10.13	01:20:10.593	0.93152				2
2025.10.13	01:20:10.906	0.93153				2
2025.10.13	01:20:12.890	0.93152				2
2025.10.13	01:20:13.232	0.93153				2
2025.10.13	01:20:13.560	0.93154	0.93171			6
2025.10.13	01:20:14.106	0.93149	0.93169			6
2025.10.13	01:20:16.128	0.93148				2
2025.10.13	01:20:16.436	0.93149				2
2025.10.13	01:20:17.077	0.93151	0.93170			6
2025.10.13	01:20:20.193	0.93150				2
2025.10.13	01:20:21.342		0.93171			4
2025.10.13	01:20:21.658		0.93170			4
2025.10.13	01:20:21.978	0.93152				2
2025.10.13	01:20:22.757	0.93151				2
2025.10.13	01:20:23.070	0.93152				2
2025.10.13	01:20:23.774	0.93150	0.93169			6
2025.10.13	01:20:30.974		0.93171			4
2025.10.13	01:20:31.430	0.93151				2
2025.10.13	01:20:32.363	0.93150				2
2025.10.13	01:20:33.171	0.93151				2
2025.10.13	01:20:33.477	0.93149	0.93169			6
2025.10.13	01:20:35.678	0.93150				2
2025.10.13	01:20:37.265	0.93149				2
2025.10.13	01:20:37.618		0.93168			4
2025.10.13	01:20:38.271	0.93152	0.93169			6
2025.10.13	01:20:38.578	0.93151	0.93168			6
2025.10.13	01:20:39.223		0.93167			4
2025.10.13	01:20:40.139		0.93169			4
2025.10.13	01:20:41.184	0.93150	0.93171			6
2025.10.13	01:20:41.823	0.93151	0.93172			6
2025.10.13	01:20:42.688		0.93173			4
2025.10.13	01:20:44.353	0.93154	0.93174			6
2025.10.13	01:20:47.032		0.93173			4
2025.10.13	01:20:48.064	0.93155				2
2025.10.13	01:20:48.537		0.93174			4
2025.10.13	01:20:49.174	0.93153	0.93175			6
2025.10.13	01:20:49.477		0.93174			4
2025.10.13	01:20:50.267	0.93154				2
2025.10.13	01:20:50.650		0.93173			4
2025.10.13	01:20:51.856	0.93153				2
2025.10.13	01:20:55.490	0.93152				2
2025.10.13	01:20:58.304	0.93153				2
2025.10.13	01:21:00.423	0.93151				2
2025.10.13	01:21:00.754		0.93172			4
2025.10.13	01:21:01.372	0.93152				2
2025.10.13	01:21:02.752	0.93151				2
2025.10.13	01:21:03.369	0.93150	0.93165			6
2025.10.13	01:21:03.679	0.93149	0.93164			6
2025.10.13	01:21:07.326		0.93167			4
2025.10.13	01:21:07.641	0.93148				2
2025.10.13	01:21:08.409		0.93168			4
2025.10.13	01:21:08.740		0.93167			4
2025.10.13	01:21:09.443		0.93168			4
2025.10.13	01:21:10.102	0.93147	0.93166			6
2025.10.13	01:21:10.406	0.93148	0.93167			6
2025.10.13	01:21:11.299	0.93147				2
2025.10.13	01:21:11.647	0.93148				2
2025.10.13	01:21:12.343	0.93147				2
2025.10.13	01:21:12.678	0.93148				2
2025.10.13	01:21:12.999		0.93166			4
2025.10.13	01:21:13.341	0.93147	0.93167			6
2025.10.13	01:21:13.829	0.93148				2
2025.10.13	01:21:14.222	0.93146	0.93166			6
2025.10.13	01:21:14.556	0.93148	0.93167			6
2025.10.13	01:21:15.742	0.93147				2
2025.10.13	01:21:18.226	0.93148				2
2025.10.13	01:21:18.747	0.93149				2
2025.10.13	01:21:19.099		0.93163			4
2025.10.13	01:21:20.275	0.93147				2
2025.10.13	01:21:20.768	0.93153	0.93166			6
2025.10.13	01:21:21.852	0.93149	0.93169			6
2025.10.13	01:21:22.160		0.93164			4
2025.10.13	01:21:22.618	0.93150				2
2025.10.13	01:21:23.144	0.93154	0.93168			6
2025.10.13	01:21:28.877		0.93169			4
2025.10.13	01:21:29.771		0.93168			4
2025.10.13	01:21:30.082	0.93156	0.93169			6
2025.10.13	01:21:30.776	0.93155				2
2025.10.13	01:21:31.825	0.93154				2
2025.10.13	01:21:32.126	0.93153	0.93171			6
2025.10.13	01:21:33.005	0.93152				2
2025.10.13	01:21:33.315		0.93170			4
2025.10.13	01:21:34.540	0.93153				2
2025.10.13	01:21:35.152	0.93152	0.93172			6
2025.10.13	01:21:35.462		0.93170			4
2025.10.13	01:21:36.099	0.93150				2
2025.10.13	01:21:36.453	0.93152				2
2025.10.13	01:21:37.312	0.93151				2
2025.10.13	01:21:38.028	0.93152				2
2025.10.13	01:21:38.348	0.93151				2
2025.10.13	01:21:38.799	0.93153	0.93166			6
2025.10.13	01:21:39.125	0.93150	0.93169			6
2025.10.13	01:21:39.435	0.93151				2
2025.10.13	01:21:39.871		0.93170			4
2025.10.13	01:21:40.216	0.93150				2
2025.10.13	01:21:40.518		0.93168			4
2025.10.13	01:21:41.205	0.93149				2
2025.10.13	01:21:41.518	0.93150				2
2025.10.13	01:21:43.383	0.93149				2
2025.10.13	01:21:43.704	0.93150				2
2025.10.13	01:21:46.119		0.93169			4
2025.10.13	01:21:46.443	0.93149				2
2025.10.13	01:21:46.805	0.93152	0.93171			6
2025.10.13	01:21:47.160	0.93148	0.93169			6
2025.10.13	01:21:47.477	0.93151				2
2025.10.13	01:21:48.347		0.93170			4
2025.10.13	01:21:48.658	0.93153	0.93173			6
2025.10.13	01:21:48.986	0.93152				2
2025.10.13	01:21:49.572	0.93153	0.93168			6
2025.10.13	01:21:49.877	0.93152	0.93170			6
2025.10.13	01:21:50.602	0.93153	0.93172			6
2025.10.13	01:21:50.918		0.93173			4
2025.10.13	01:21:52.303	0.93147	0.93167			6
2025.10.13	01:21:52.625	0.93148	0.93163			6
2025.10.13	01:21:54.135	0.93149	0.93169			6
2025.10.13	01:21:54.458	0.93150	0.93168			6
2025.10.13	01:21:54.765		0.93169			4
2025.10.13	01:21:55.087	0.93152				2
2025.10.13	01:21:55.749	0.93149				2
2025.10.13	01:21:56.125	0.93152				2
2025.10.13	01:21:58.069	0.93151				2
2025.10.13	01:22:00.138	0.93151				2
2025.10.13	01:22:00.689	0.93148	0.93163			6
2025.10.13	01:22:01.758	0.93147	0.93162			6
2025.10.13	01:22:02.079	0.93146	0.93161			6
2025.10.13	01:22:03.014	0.93145				2
2025.10.13	01:22:03.317	0.93147				2
2025.10.13	01:22:04.137	0.93139	0.93157			6
2025.10.13	01:22:04.524	0.93140	0.93158			6
2025.10.13	01:22:05.334	0.93137	0.93150			6
2025.10.13	01:22:05.643	0.93136	0.93149			6
2025.10.13	01:22:08.930	0.93137				2
2025.10.13	01:22:09.601	0.93136				2
2025.10.13	01:22:11.193	0.93137				2
2025.10.13	01:22:12.689	0.93138	0.93150			6
2025.10.13	01:22:14.939	0.93137				2
2025.10.13	01:22:15.877	0.93138				2
2025.10.13	01:22:16.621	0.93137	0.93148			6
2025.10.13	01:22:17.532	0.93136	0.93153			6
2025.10.13	01:22:17.839		0.93151			4
2025.10.13	01:22:18.390		0.93152			4
2025.10.13	01:22:19.323		0.93153			4
2025.10.13	01:22:20.533	0.93135	0.93154			6
2025.10.13	01:22:21.163	0.93136	0.93152			6
2025.10.13	01:22:21.515		0.93153			4
2025.10.13	01:22:21.858	0.93141				2
2025.10.13	01:22:22.165	0.93140				2
2025.10.13	01:22:22.619		0.93154			4
2025.10.13	01:22:22.927	0.93141	0.93153			6
2025.10.13	01:22:23.253	0.93139				2
2025.10.13	01:22:23.916	0.93140				2
2025.10.13	01:22:24.351	0.93139				2
2025.10.13	01:22:25.105	0.93140	0.93154			6
2025.10.13	01:22:25.432	0.93138	0.93156			6
2025.10.13	01:22:26.302	0.93139	0.93155			6
2025.10.13	01:22:26.631		0.93156			4
2025.10.13	01:22:27.160	0.93138	0.93151			6
2025.10.13	01:22:28.528		0.93153			4
2025.10.13	01:22:28.879		0.93151			4
2025.10.13	01:22:30.234		0.93150			4
2025.10.13	01:22:31.126	0.93139	0.93154			6
2025.10.13	01:22:31.464	0.93138	0.93155			6
2025.10.13	01:22:33.082		0.93151			4
2025.10.13	01:22:34.159	0.93139	0.93154			6
2025.10.13	01:22:36.171		0.93153			4
2025.10.13	01:22:36.528		0.93154			4
2025.10.13	01:22:38.170	0.93138				2
2025.10.13	01:22:39.244		0.93152			4
2025.10.13	01:22:39.558	0.93136	0.93148			6
2025.10.13	01:22:39.870	0.93134	0.93153			6
2025.10.13	01:22:40.171		0.93152			4
2025.10.13	01:22:40.563	0.93135	0.93150			6
2025.10.13	01:22:40.885	0.93137	0.93152			6
2025.10.13	01:22:43.022	0.93135	0.93151			6
2025.10.13	01:22:43.769		0.93152			4
2025.10.13	01:22:44.482	0.93136	0.93148			6
2025.10.13	01:22:45.524		0.93147			4
2025.10.13	01:22:46.010		0.93148			4
2025.10.13	01:22:47.092	0.93137	0.93149			6
2025.10.13	01:22:47.436		0.93154			4
2025.10.13	01:22:48.439	0.93138				2
2025.10.13	01:22:49.543	0.93137				2
2025.10.13	01:22:50.354	0.93138	0.93153			6
2025.10.13	01:22:50.768	0.93137	0.93154			6
2025.10.13	01:22:51.251	0.93136	0.93148			6
2025.10.13	01:22:51.578	0.93137	0.93147			6
2025.10.13	01:22:51.913	0.93136	0.93148			6
2025.10.13	01:22:52.263	0.93134	0.93147			6
2025.10.13	01:22:52.582	0.93136	0.93148			6
2025.10.13	01:22:53.201	0.93134	0.93149			6
2025.10.13	01:22:53.566	0.93133	0.93145			6
2025.10.13	01:22:53.871	0.93131				2
2025.10.13	01:22:54.601	0.93132				2
2025.10.13	01:22:55.754	0.93131				2
2025.10.13	01:22:56.797	0.93133				2
2025.10.13	01:22:57.274	0.93132				2
2025.10.13	01:22:58.891	0.93133				2
2025.10.13	01:22:59.199	0.93136	0.93149			6
2025.10.13	01:23:00.249	0.93136				2
2025.10.13	01:23:00.609		0.93148			4
2025.10.13	01:23:01.660		0.93147			4
2025.10.13	01:23:02.242		0.93149			4
2025.10.13	01:23:02.611		0.93147			4
2025.10.13	01:23:03.555	0.93137	0.93150			6
2025.10.13	01:23:03.858	0.93135	0.93149			6
2025.10.13	01:23:04.205		0.93146			4
2025.10.13	01:23:06.389	0.93136	0.93149			6
2025.10.13	01:23:06.713	0.93135	0.93151			6
2025.10.13	01:23:07.481	0.93136	0.93148			6
2025.10.13	01:23:07.788		0.93151			4
2025.10.13	01:23:08.106		0.93152			4
2025.10.13	01:23:08.506		0.93151			4
2025.10.13	01:23:09.607	0.93138	0.93152			6
2025.10.13	01:23:10.003	0.93137				2
2025.10.13	01:23:10.569		0.93151			4
2025.10.13	01:23:10.878		0.93148			4
2025.10.13	01:23:11.602	0.93136				2
2025.10.13	01:23:14.082	0.93137	0.93150			6
2025.10.13	01:23:14.628	0.93138	0.93153			6
2025.10.13	01:23:15.755	0.93136	0.93151			6
2025.10.13	01:23:16.059		0.93148			4
2025.10.13	01:23:17.411	0.93137				2
2025.10.13	01:23:17.819		0.93150			4
2025.10.13	01:23:18.214		0.93149			4
2025.10.13	01:23:18.871		0.93150			4
2025.10.13	01:23:19.216		0.93148			4
2025.10.13	01:23:19.692	0.93136	0.93150			6
2025.10.13	01:23:20.050	0.93137	0.93149			6
2025.10.13	01:23:20.361		0.93148			4
2025.10.13	01:23:20.738		0.93149			4
2025.10.13	01:23:21.158		0.93148			4
2025.10.13	01:23:21.540		0.93151			4
2025.10.13	01:23:22.506	0.93135	0.93150			6
2025.10.13	01:23:22.823	0.93136	0.93147			6
2025.10.13	01:23:24.194	0.93134	0.93144			6
2025.10.13	01:23:25.215	0.93135				2
2025.10.13	01:23:25.531		0.93146			4
2025.10.13	01:23:25.978		0.93147			4
2025.10.13	01:23:26.981		0.93148			4
2025.10.13	01:23:29.694	0.93134	0.93149			6
2025.10.13	01:23:30.820	0.93135	0.93148			6
2025.10.13	01:23:32.352	0.93132	0.93145			6
2025.10.13	01:23:33.225	0.93133				2
2025.10.13	01:23:34.693		0.93144			4
2025.10.13	01:23:35.851	0.93132	0.93147			6
2025.10.13	01:23:36.215		0.93146			4
2025.10.13	01:23:36.741	0.93130	0.93141			6
2025.10.13	01:23:37.553	0.93131				2
2025.10.13	01:23:38.310		0.93142			4
2025.10.13	01:23:38.923	0.93133	0.93143			6
2025.10.13	01:23:39.670	0.93134				2
2025.10.13	01:23:40.011	0.93133				2
2025.10.13	01:23:41.535	0.93134				2
2025.10.13	01:23:41.837	0.93133	0.93142			6
2025.10.13	01:23:42.285	0.93134	0.93143			6
2025.10.13	01:23:42.899	0.93133				2
2025.10.13	01:23:43.216	0.93134				2
2025.10.13	01:23:44.038	0.93133				2
2025.10.13	01:23:44.565		0.93144			4
2025.10.13	01:23:45.359	0.93136	0.93149			6
2025.10.13	01:23:45.823	0.93137				2
2025.10.13	01:23:48.108	0.93136	0.93148			6
2025.10.13	01:23:48.419	0.93137				2
2025.10.13	01:23:48.847	0.93133				2
2025.10.13	01:23:49.160	0.93137				2
2025.10.13	01:23:49.480	0.93132	0.93143			6
2025.10.13	01:23:53.098	0.93133	0.93145			6
2025.10.13	01:23:54.162	0.93134	0.93144			6
2025.10.13	01:23:54.680		0.93145			4
2025.10.13	01:23:55.621		0.93144			4
2025.10.13	01:23:56.344	0.93135				2
2025.10.13	01:23:56.658		0.93145			4
2025.10.13	01:23:58.393		0.93147			4
2025.10.13	01:23:58.705	0.93131	0.93145			6
2025.10.13	01:24:00.015	0.93131				2
2025.10.13	01:24:00.442	0.93134	0.93144			6
2025.10.13	01:24:00.856	0.93132				2
2025.10.13	01:24:01.516	0.93133	0.93143			6
2025.10.13	01:24:01.905		0.93142			4
2025.10.13	01:24:02.939	0.93132				2
2025.10.13	01:24:03.477	0.93133				2
2025.10.13	01:24:03.808	0.93132				2
2025.10.13	01:24:04.141		0.93143			4
2025.10.13	01:24:04.458	0.93131				2
2025.10.13	01:24:04.787	0.93130	0.93141			6
2025.10.13	01:24:05.812	0.93129	0.93140			6
2025.10.13	01:24:07.022	0.93128				2
2025.10.13	01:24:07.749	0.93131	0.93142			6
2025.10.13	01:24:08.896	0.93132				2
2025.10.13	01:24:09.925		0.93143			4
2025.10.13	01:24:10.968		0.93142			4
2025.10.13	01:24:12.203	0.93131				2
2025.10.13	01:24:14.645	0.93132				2
2025.10.13	01:24:15.202	0.93131				2
2025.10.13	01:24:15.538	0.93132				2
2025.10.13	01:24:15.871		0.93143			4
2025.10.13	01:24:17.235		0.93145			4
2025.10.13	01:24:17.633	0.93129	0.93143			6
2025.10.13	01:24:17.956	0.93132	0.93142			6
2025.10.13	01:24:19.079	0.93131				2
2025.10.13	01:24:19.383	0.93129	0.93140			6
2025.10.13	01:24:19.692	0.93128	0.93138			6
2025.10.13	01:24:20.057	0.93125	0.93135			6
2025.10.13	01:24:20.786		0.93137			4
2025.10.13	01:24:21.102	0.93124	0.93135			6
2025.10.13	01:24:21.421		0.93136			4
2025.10.13	01:24:21.792	0.93125	0.93135			6
2025.10.13	01:24:22.204	0.93121	0.93136			6
2025.10.13	01:24:22.524	0.93120				2
2025.10.13	01:24:23.090	0.93121				2
2025.10.13	01:24:23.398	0.93119	0.93137			6
2025.10.13	01:24:23.729	0.93120	0.93136			6
2025.10.13	01:24:24.741	0.93125	0.93135			6
2025.10.13	01:24:25.555		0.93136			4
2025.10.13	01:24:26.352		0.93135			4
2025.10.13	01:24:26.678		0.93136			4
2025.10.13	01:24:27.400	0.93122				2
2025.10.13	01:24:27.701		0.93137			4
2025.10.13	01:24:28.711	0.93124				2
2025.10.13	01:24:29.022		0.93135			4
2025.10.13	01:24:31.583		0.93136			4
2025.10.13	01:24:31.923	0.93122	0.93135			6
2025.10.13	01:24:32.233	0.93120	0.93136			6
2025.10.13	01:24:32.949	0.93121	0.93135			6
2025.10.13	01:24:33.274	0.93120	0.93136			6
2025.10.13	01:24:33.640	0.93119				2
2025.10.13	01:24:34.022	0.93120	0.93135			6
2025.10.13	01:24:34.363	0.93119	0.93134			6
2025.10.13	01:24:34.980	0.93120				2
2025.10.13	01:24:36.106		0.93135			4
2025.10.13	01:24:38.882	0.93118	0.93128			6
2025.10.13	01:24:41.201	0.93121	0.93133			6
2025.10.13	01:24:41.531	0.93119	0.93132			6
2025.10.13	01:24:41.856		0.93130			4
2025.10.13	01:24:42.279	0.93120	0.93131			6
2025.10.13	01:24:42.581		0.93132			4
2025.10.13	01:24:43.283	0.93121	0.93131			6
2025.10.13	01:24:45.410	0.93119				2
2025.10.13	01:24:45.833	0.93121				2
2025.10.13	01:24:46.775	0.93119				2
2025.10.13	01:24:47.302	0.93120	0.93135			6
2025.10.13	01:24:48.321	0.93119				2
2025.10.13	01:24:49.741	0.93120				2
2025.10.13	01:24:51.628	0.93119				2
2025.10.13	01:24:52.347	0.93118	0.93134			6
2025.10.13	01:24:52.667	0.93119	0.93132			6
2025.10.13	01:24:52.980	0.93120				2
2025.10.13	01:24:53.359	0.93119	0.93133			6
2025.10.13	01:24:54.232	0.93120	0.93132			6
2025.10.13	01:24:55.885		0.93133			4
2025.10.13	01:24:57.713	0.93124	0.93135			6
2025.10.13	01:24:58.344		0.93136			4
2025.10.13	01:24:58.646		0.93135			4
2025.10.13	01:24:58.963		0.93136			4
2025.10.13	01:24:59.822		0.93135			4
2025.10.13	01:25:00.312	0.93124				2
2025.10.13	01:25:00.623		0.93133			4
2025.10.13	01:25:01.372	0.93126	0.93135			6
2025.10.13	01:25:01.707		0.93136			4
2025.10.13	01:25:02.412		0.93137			4
2025.10.13	01:25:03.218	0.93123	0.93132			6
2025.10.13	01:25:03.534	0.93122				2
2025.10.13	01:25:04.589	0.93123				2
2025.10.13	01:25:05.672	0.93122				2
2025.10.13	01:25:06.368	0.93123				2
2025.10.13	01:25:06.679	0.93124				2
2025.10.13	01:25:07.038	0.93123				2
2025.10.13	01:25:07.587	0.93124				2
2025.10.13	01:25:07.914	0.93123				2
2025.10.13	01:25:09.316	0.93124				2
2025.10.13	01:25:10.175	0.93126	0.93134			6
2025.10.13	01:25:10.576	0.93125				2
2025.10.13	01:25:12.319	0.93124				2
2025.10.13	01:25:12.669	0.93125				2
2025.10.13	01:25:13.441	0.93122				2
2025.10.13	01:25:13.767		0.93133			4
2025.10.13	01:25:14.722	0.93123	0.93135			6
2025.10.13	01:25:23.230	0.93122				2
2025.10.13	01:25:24.744	0.93123				2
2025.10.13	01:25:28.134	0.93118	0.93129			6
2025.10.13	01:25:28.440	0.93119	0.93130			6
2025.10.13	01:25:28.806	0.93118	0.93131			6
2025.10.13	01:25:30.920	0.93119	0.93132			6
2025.10.13	01:25:31.228		0.93125			4
2025.10.13	01:25:31.540	0.93118	0.93129			6
2025.10.13	01:25:33.120	0.93117				2
2025.10.13	01:25:33.610	0.93118				2
2025.10.13	01:25:34.373	0.93117	0.93130			6
2025.10.13	01:25:37.458	0.93116	0.93128			6
2025.10.13	01:25:37.767	0.93118				2
2025.10.13	01:25:38.107	0.93117	0.93129			6
2025.10.13	01:25:39.678	0.93116				2
2025.10.13	01:25:40.091	0.93117	0.93128			6
2025.10.13	01:25:40.888	0.93116	0.93127			6
2025.10.13	01:25:44.708	0.93117	0.93128			6
2025.10.13	01:25:47.365	0.93118				2
2025.10.13	01:25:48.000		0.93129			4
2025.10.13	01:25:48.315		0.93128			4
2025.10.13	01:25:48.706	0.93117				2
2025.10.13	01:25:49.017	0.93118	0.93130			6
2025.10.13	01:25:49.354	0.93117	0.93129			6
2025.10.13	01:25:51.409	0.93118				2
2025.10.13	01:25:51.928	0.93116	0.93130			6
2025.10.13	01:25:52.239	0.93117				2
2025.10.13	01:25:52.715		0.93128			4
2025.10.13	01:25:53.018	0.93118	0.93130			6
2025.10.13	01:25:53.798	0.93117	0.93128			6
2025.10.13	01:25:54.625	0.93118	0.93130			6
2025.10.13	01:25:54.938	0.93117	0.93129			6
2025.10.13	01:25:55.376	0.93119	0.93131			6
2025.10.13	01:25:55.678	0.93118				2
2025.10.13	01:25:57.098		0.93129			4
2025.10.13	01:25:57.412	0.93117	0.93132			6
2025.10.13	01:25:57.886		0.93131			4
2025.10.13	01:25:58.354	0.93118	0.93130			6
2025.10.13	01:25:58.730	0.93120	0.93133			6
2025.10.13	01:26:00.156	0.93120				2
2025.10.13	01:26:00.462	0.93122				2
2025.10.13	01:26:00.794	0.93123	0.93134			6
2025.10.13	01:26:01.190		0.93135			4
2025.10.13	01:26:01.497	0.93121	0.93132			6
2025.10.13	01:26:01.983	0.93120	0.93131			6
2025.10.13	01:26:03.142	0.93119				2
2025.10.13	01:26:03.445	0.93120	0.93132			6
2025.10.13	01:26:03.806	0.93121	0.93133			6
2025.10.13	01:26:04.109	0.93120	0.93135			6
2025.10.13	01:26:04.449	0.93121	0.93134			6
2025.10.13	01:26:04.769	0.93120	0.93133			6
2025.10.13	01:26:05.100		0.93132			4
2025.10.13	01:26:05.464	0.93119	0.93131			6
2025.10.13	01:26:05.779		0.93132			4
2025.10.13	01:26:08.175	0.93118	0.93129			6
2025.10.13	01:26:08.683	0.93117	0.93126			6
2025.10.13	01:26:11.218	0.93118				2
2025.10.13	01:26:12.660	0.93117				2
2025.10.13	01:26:14.655		0.93125			4
2025.10.13	01:26:15.341	0.93116	0.93128			6
2025.10.13	01:26:15.660		0.93127			4
2025.10.13	01:26:16.198	0.93115	0.93126			6
2025.10.13	01:26:17.675	0.93116	0.93125			6
2025.10.13	01:26:18.082	0.93117	0.93128			6
2025.10.13	01:26:18.743	0.93116				2
2025.10.13	01:26:19.078	0.93115				2
2025.10.13	01:26:19.416	0.93117	0.93127			6
2025.10.13	01:26:19.724	0.93112	0.93126			6
2025.10.13	01:26:20.175	0.93117	0.93129			6
2025.10.13	01:26:20.569		0.93128			4
2025.10.13	01:26:22.955	0.93116				2
2025.10.13	01:26:23.268	0.93117				2
2025.10.13	01:26:23.584	0.93118	0.93130			6
2025.10.13	01:26:24.169	0.93117	0.93128			6
2025.10.13	01:26:25.112	0.93118				2
2025.10.13	01:26:26.415	0.93119	0.93127			6
2025.10.13	01:26:27.369		0.93126			4
2025.10.13	01:26:27.671		0.93130			4
2025.10.13	01:26:28.324	0.93118	0.93129			6
2025.10.13	01:26:29.412		0.93130			4
2025.10.13	01:26:30.939		0.93129			4
2025.10.13	01:26:31.408	0.93117	0.93128			6
2025.10.13	01:26:32.242	0.93116	0.93130			6
2025.10.13	01:26:32.609	0.93117	0.93129			6
2025.10.13	01:26:33.286	0.93116				2
2025.10.13	01:26:33.598	0.93117	0.93128			6
2025.10.13	01:26:34.330	0.93116	0.93129			6
2025.10.13	01:26:34.693	0.93117				2
2025.10.13	01:26:35.145		0.93128			4
2025.10.13	01:26:35.478	0.93116	0.93129			6
2025.10.13	01:26:35.785	0.93117	0.93128			6
2025.10.13	01:26:36.410	0.93119	0.93130			6
2025.10.13	01:26:36.718	0.93118				2
2025.10.13	01:26:37.268	0.93119	0.93131			6
2025.10.13	01:26:38.365	0.93120				2
2025.10.13	01:26:38.909	0.93122	0.93134			6
2025.10.13	01:26:39.222	0.93121				2
2025.10.13	01:26:39.574	0.93124				2
2025.10.13	01:26:39.882	0.93122	0.93135			6
2025.10.13	01:26:41.721	0.93121	0.93134			6
2025.10.13	01:26:42.885		0.93133			4
2025.10.13	01:26:43.200	0.93120				2
2025.10.13	01:26:45.087	0.93119				2
2025.10.13	01:26:45.861	0.93116	0.93126			6
2025.10.13	01:26:46.164	0.93115	0.93127			6
2025.10.13	01:26:46.479	0.93114	0.93125			6
