<DATE>	<TIME>	<BID>	<ASK>	<LAST>	<VOLUME>	<FLAGS>
2025.02.05	00:00:00.148	0.93882	0.94003			6
2025.02.05	00:00:05.503	0.93781	0.93999			6
2025.02.05	00:00:26.691	0.93790				2
2025.02.05	00:00:31.232	0.93774	0.94005			6
2025.02.05	00:00:44.538		0.94006			4
2025.02.05	00:01:00.465	0.93776				2
2025.02.05	00:01:24.849	0.93789				2
2025.02.05	00:01:45.974		0.94006			4
2025.02.05	00:01:51.239	0.93809	0.93985			6
2025.02.05	00:02:04.524	0.93809	0.93987			6
2025.02.05	00:02:24.032		0.93988			4
2025.02.05	00:02:51.241	0.93810				2
2025.02.05	00:03:00.681	0.93810				2
2025.02.05	00:03:15.976		0.93991			4
2025.02.05	00:03:22.423	0.93815	0.93995			6
2025.02.05	00:03:29.346	0.93823	0.93996			6
2025.02.05	00:03:41.341	0.93816				2
2025.02.05	00:03:44.012	0.93818				2
2025.02.05	00:04:05.517	0.93818				2
2025.02.05	00:04:30.686		0.93996			4
2025.02.05	00:04:39.012	0.93821				2
2025.02.05	00:05:00.457	0.93889				2
2025.02.05	00:05:01.522		0.93991			4
2025.02.05	00:05:19.158		0.93992			4
2025.02.05	00:06:00.368	0.93889				2
2025.02.05	00:06:20.511		0.93992			4
2025.02.05	00:07:00.401	0.93889				2
2025.02.05	00:07:20.698		0.93992			4
2025.02.05	00:07:45.532		0.93993			4
2025.02.05	00:08:00.679	0.93889				2
2025.02.05	00:08:45.558		0.93993			4
2025.02.05	00:09:00.323	0.93889				2
2025.02.05	00:09:50.680		0.93993			4
2025.02.05	00:10:00.347	0.93889				2
2025.02.05	00:10:11.287	0.93870	0.93991			6
2025.02.05	00:10:18.239	0.93871	0.93992			6
2025.02.05	00:10:56.701	0.93872	0.93993			6
2025.02.05	00:11:00.030	0.93872				2
2025.02.05	00:11:03.055	0.93889				2
2025.02.05	00:11:06.916	0.93872				2
2025.02.05	00:11:07.843	0.93889				2
2025.02.05	00:11:11.905	0.93872				2
2025.02.05	00:11:12.834	0.93889				2
2025.02.05	00:11:59.559		0.93993			4
2025.02.05	00:12:00.132	0.93889				2
2025.02.05	00:13:00.017	0.93889	0.93993			6
2025.02.05	00:13:07.347		0.93990			4
2025.02.05	00:13:59.534		0.93991			4
2025.02.05	00:14:00.612	0.93889				2
2025.02.05	00:15:01.218	0.93889	0.93991			6
2025.02.05	00:16:16.142	0.93889	0.93991			6
2025.02.05	00:17:00.309	0.93889				2
2025.02.05	00:17:17.413		0.93991			4
2025.02.05	00:18:00.682	0.93889				2
2025.02.05	00:18:18.013		0.93991			4
2025.02.05	00:18:28.302	0.93890				2
2025.02.05	00:18:41.487	0.93894	0.93986			6
2025.02.05	00:18:53.465	0.93892				2
2025.02.05	00:19:02.711	0.93892				2
2025.02.05	00:19:11.958	0.93894				2
2025.02.05	00:19:42.921		0.93986			4
2025.02.05	00:19:49.573	0.93885				2
2025.02.05	00:19:59.267	0.93888				2
2025.02.05	00:20:03.610	0.93888				2
2025.02.05	00:20:24.658	0.93893	0.93984			6
2025.02.05	00:20:36.612	0.93881				2
2025.02.05	00:20:40.680		0.93983			4
2025.02.05	00:21:00.688	0.93881				2
2025.02.05	00:21:14.847	0.93886				2
2025.02.05	00:21:21.106	0.93885				2
2025.02.05	00:21:34.695	0.93881				2
2025.02.05	00:21:42.014		0.93983			4
2025.02.05	00:22:00.683	0.93881				2
2025.02.05	00:22:17.393	0.93885	0.93986			6
2025.02.05	00:22:24.613	0.93889				2
2025.02.05	00:23:03.025	0.93889				2
2025.02.05	00:23:10.811	0.93885				2
2025.02.05	00:23:15.532	0.93894	0.93996			6
2025.02.05	00:23:15.946		0.93999			4
2025.02.05	00:23:16.511	0.93892				2
2025.02.05	00:23:18.937	0.93890				2
2025.02.05	00:23:19.939	0.93898				2
2025.02.05	00:23:29.263	0.93899				2
2025.02.05	00:23:34.950	0.93889				2
2025.02.05	00:23:51.432	0.93891				2
2025.02.05	00:24:00.807	0.93891				2
2025.02.05	00:24:03.968		0.94004			4
2025.02.05	00:24:04.509	0.93890	0.94006			6
2025.02.05	00:24:11.692	0.93889				2
2025.02.05	00:25:00.316	0.93889				2
2025.02.05	00:25:04.513		0.94004			4
2025.02.05	00:25:20.488		0.94006			4
2025.02.05	00:25:57.960		0.94001			4
2025.02.05	00:26:03.432	0.93889				2
2025.02.05	00:26:04.724	0.93897				2
2025.02.05	00:26:18.650		0.94003			4
2025.02.05	00:26:55.645	0.93892				2
2025.02.05	00:26:56.862	0.93897				2
2025.02.05	00:27:00.807	0.93897				2
2025.02.05	00:27:05.408	0.93907	0.94002			6
2025.02.05	00:27:06.370	0.93898	0.94003			6
2025.02.05	00:27:25.670	0.93889				2
2025.02.05	00:27:30.378	0.93891				2
2025.02.05	00:27:35.490	0.93905	0.94002			6
2025.02.05	00:27:41.993	0.93897	0.94003			6
2025.02.05	00:27:52.024	0.93889				2
2025.02.05	00:28:01.338	0.93892				2
2025.02.05	00:28:05.412	0.93899				2
2025.02.05	00:28:21.751	0.93892	0.94001			6
2025.02.05	00:28:25.597	0.93893	0.94003			6
2025.02.05	00:28:35.493	0.93896				2
2025.02.05	00:28:51.983	0.93905				2
2025.02.05	00:28:54.481	0.93889				2
2025.02.05	00:29:00.455	0.93899				2
2025.02.05	00:29:01.492		0.93999			4
2025.02.05	00:29:14.242		0.93988			4
2025.02.05	00:29:24.915		0.93979			4
2025.02.05	00:29:35.713	0.93886				2
2025.02.05	00:29:45.312	0.93899				2
2025.02.05	00:29:48.909	0.93890				2
2025.02.05	00:29:50.512	0.93897				2
2025.02.05	00:30:00.377	0.93897				2
2025.02.05	00:30:08.836	0.93890				2
2025.02.05	00:30:10.647	0.93888				2
2025.02.05	00:30:11.410	0.93890				2
2025.02.05	00:30:15.410	0.93893				2
2025.02.05	00:30:25.809		0.93979			4
2025.02.05	00:30:27.588	0.93887				2
2025.02.05	00:30:28.595	0.93886				2
2025.02.05	00:30:29.434	0.93888				2
2025.02.05	00:30:42.586	0.93891				2
2025.02.05	00:30:59.501	0.93888				2
2025.02.05	00:31:00.734	0.93888				2
2025.02.05	00:31:12.591	0.93891				2
2025.02.05	00:31:21.608	0.93888				2
2025.02.05	00:31:24.411	0.93891				2
2025.02.05	00:31:28.210		0.93979			4
2025.02.05	00:31:41.926	0.93886				2
2025.02.05	00:31:46.141	0.93892				2
2025.02.05	00:31:47.960	0.93886				2
2025.02.05	00:32:00.310	0.93886				2
2025.02.05	00:32:12.588	0.93891				2
2025.02.05	00:32:20.525	0.93888				2
2025.02.05	00:32:29.647	0.93891	0.93979			6
2025.02.05	00:32:42.750	0.93892				2
2025.02.05	00:32:48.588		0.93983			4
2025.02.05	00:32:50.945		0.93985			4
2025.02.05	00:33:00.690	0.93892				2
2025.02.05	00:35:02.807	0.93892	0.93979			6
2025.02.05	00:35:04.844	0.93891				2
2025.02.05	00:35:24.734	0.93898				2
2025.02.05	00:35:27.311	0.93896				2
2025.02.05	00:35:47.668	0.93892				2
2025.02.05	00:35:50.683	0.93891				2
2025.02.05	00:36:00.011	0.93891				2
2025.02.05	00:36:00.679	0.93890				2
2025.02.05	00:36:03.199		0.93979			4
2025.02.05	00:36:13.852	0.93888				2
2025.02.05	00:36:15.081	0.93898				2
2025.02.05	00:36:15.582	0.93891				2
2025.02.05	00:36:24.369	0.93898				2
2025.02.05	00:36:34.945	0.93888				2
2025.02.05	00:36:35.500	0.93894				2
2025.02.05	00:36:47.887	0.93899				2
2025.02.05	00:36:57.597	0.93898				2
2025.02.05	00:37:01.219	0.93898				2
2025.02.05	00:37:03.326		0.93979			4
2025.02.05	00:37:20.172	0.93892				2
2025.02.05	00:37:22.801		0.93982			4
2025.02.05	00:37:24.011		0.93983			4
2025.02.05	00:37:24.612		0.93982			4
2025.02.05	00:37:29.830		0.93984			4
2025.02.05	00:37:37.367		0.93982			4
2025.02.05	00:37:41.095	0.93889				2
2025.02.05	00:37:41.708	0.93895				2
2025.02.05	00:37:42.156		0.93981			4
2025.02.05	00:37:45.670		0.93982			4
2025.02.05	00:38:00.010	0.93895				2
2025.02.05	00:38:02.768	0.93889				2
2025.02.05	00:38:30.944	0.93888	0.93979			6
2025.02.05	00:38:36.943	0.93892				2
2025.02.05	00:38:37.727	0.93888				2
2025.02.05	00:38:38.759		0.93984			4
2025.02.05	00:38:41.926	0.93894	0.93980			6
2025.02.05	00:38:51.910	0.93893	0.93978			6
2025.02.05	00:38:52.644		0.93977			4
2025.02.05	00:38:54.308	0.93894				2
2025.02.05	00:38:55.218		0.93983			4
2025.02.05	00:38:56.378		0.93978			4
2025.02.05	00:38:58.511		0.93977			4
2025.02.05	00:38:59.036		0.93976			4
2025.02.05	00:38:59.408		0.93977			4
2025.02.05	00:38:59.760		0.93982			4
2025.02.05	00:39:00.409	0.93894	0.93978			6
2025.02.05	00:39:00.766		0.93975			4
2025.02.05	00:39:03.207		0.93981			4
2025.02.05	00:39:03.520	0.93895	0.93976			6
2025.02.05	00:39:04.737		0.93975			4
2025.02.05	00:39:06.835		0.93982			4
2025.02.05	00:39:07.279		0.93973			4
2025.02.05	00:39:11.649		0.93972			4
2025.02.05	00:39:12.012		0.93973			4
2025.02.05	00:39:14.777		0.93974			4
2025.02.05	00:39:16.639		0.93977			4
2025.02.05	00:39:16.945		0.93981			4
2025.02.05	00:39:17.304		0.93982			4
2025.02.05	00:39:17.768	0.93888	0.93976			6
2025.02.05	00:39:18.619	0.93889				2
2025.02.05	00:39:19.894	0.93888	0.93987			6
2025.02.05	00:39:20.718		0.93976			4
2025.02.05	00:39:22.074	0.93891	0.93974			6
2025.02.05	00:39:23.719	0.93890	0.93973			6
2025.02.05	00:39:29.114		0.93972			4
2025.02.05	00:39:34.698	0.93892				2
2025.02.05	00:39:40.679		0.93980			4
2025.02.05	00:39:40.989		0.93985			4
2025.02.05	00:39:41.654		0.93978			4
2025.02.05	00:39:42.051		0.93977			4
2025.02.05	00:39:42.740		0.93976			4
2025.02.05	00:39:43.068		0.93977			4
2025.02.05	00:39:44.259		0.93978			4
2025.02.05	00:39:45.612		0.93976			4
2025.02.05	00:39:46.517		0.93975			4
2025.02.05	00:39:47.480		0.93974			4
2025.02.05	00:39:48.614		0.93973			4
2025.02.05	00:39:50.416		0.93970			4
2025.02.05	00:39:50.813		0.93971			4
2025.02.05	00:39:51.610		0.93969			4
2025.02.05	00:39:52.080		0.93974			4
2025.02.05	00:39:55.781		0.93970			4
2025.02.05	00:39:57.010		0.93969			4
2025.02.05	00:39:58.831		0.93976			4
2025.02.05	00:39:59.410		0.93975			4
2025.02.05	00:39:59.826		0.93970			4
2025.02.05	00:40:02.565	0.93892				2
2025.02.05	00:40:03.010		0.93971			4
2025.02.05	00:40:03.323		0.93983			4
2025.02.05	00:40:03.625		0.93977			4
2025.02.05	00:40:03.942		0.93973			4
2025.02.05	00:40:04.412		0.93970			4
2025.02.05	00:40:05.137		0.93969			4
2025.02.05	00:40:08.476		0.93968			4
2025.02.05	00:40:08.781		0.93969			4
2025.02.05	00:40:09.097		0.93971			4
2025.02.05	00:40:09.541		0.93970			4
2025.02.05	00:40:09.864		0.93971			4
2025.02.05	00:40:11.380		0.93968			4
2025.02.05	00:40:11.685		0.93974			4
2025.02.05	00:40:12.203		0.93970			4
2025.02.05	00:40:13.202		0.93968			4
2025.02.05	00:40:13.562		0.93970			4
2025.02.05	00:40:14.131		0.93971			4
2025.02.05	00:40:14.886		0.93970			4
2025.02.05	00:40:19.692		0.93971			4
2025.02.05	00:40:20.407		0.93972			4
2025.02.05	00:40:21.242		0.93970			4
2025.02.05	00:40:21.635		0.93972			4
2025.02.05	00:40:23.226		0.93970			4
2025.02.05	00:40:23.693		0.93969			4
2025.02.05	00:40:24.427		0.93972			4
2025.02.05	00:40:25.067	0.93883	0.93987			6
2025.02.05	00:40:25.386	0.93884				2
2025.02.05	00:40:26.098		0.93984			4
2025.02.05	00:40:26.528	0.93893				2
2025.02.05	00:40:26.939		0.93983			4
2025.02.05	00:40:27.259		0.93985			4
2025.02.05	00:40:27.610		0.93983			4
2025.02.05	00:40:28.208		0.93981			4
2025.02.05	00:40:28.813		0.93980			4
2025.02.05	00:40:29.135		0.93979			4
2025.02.05	00:40:30.014		0.93978			4
2025.02.05	00:40:30.610		0.93972			4
2025.02.05	00:40:32.604		0.93975			4
2025.02.05	00:40:45.306		0.93982			4
2025.02.05	00:40:47.637		0.93971			4
2025.02.05	00:40:48.718		0.93970			4
2025.02.05	00:40:49.221	0.93903	0.93971			6
2025.02.05	00:40:49.728		0.93973			4
2025.02.05	00:40:51.614		0.93974			4
2025.02.05	00:40:52.813		0.93973			4
2025.02.05	00:40:53.239		0.93981			4
2025.02.05	00:40:53.688		0.93974			4
2025.02.05	00:40:54.226		0.93978			4
2025.02.05	00:40:55.682		0.93981			4
2025.02.05	00:40:56.711		0.93982			4
2025.02.05	00:41:00.613	0.93903				2
2025.02.05	00:41:00.996		0.93978			4
2025.02.05	00:41:02.199		0.93977			4
2025.02.05	00:41:03.002		0.93972			4
2025.02.05	00:41:04.144		0.93973			4
2025.02.05	00:41:05.412		0.93972			4
2025.02.05	00:41:05.713		0.93973			4
2025.02.05	00:41:06.707		0.93976			4
2025.02.05	00:41:07.013		0.93978			4
2025.02.05	00:41:07.401		0.93975			4
2025.02.05	00:41:08.041		0.93973			4
2025.02.05	00:41:08.796		0.93981			4
2025.02.05	00:41:09.103		0.93976			4
2025.02.05	00:41:10.876		0.93985			4
2025.02.05	00:41:12.013		0.93983			4
2025.02.05	00:41:15.317		0.93984			4
2025.02.05	00:41:15.784	0.93901				2
2025.02.05	00:41:17.110		0.93975			4
2025.02.05	00:41:17.658		0.93973			4
2025.02.05	00:41:21.953		0.93974			4
2025.02.05	00:41:22.460		0.93977			4
2025.02.05	00:41:23.184		0.93975			4
2025.02.05	00:41:23.807		0.93976			4
2025.02.05	00:41:24.325		0.93971			4
2025.02.05	00:41:25.548		0.93973			4
2025.02.05	00:41:26.162		0.93974			4
2025.02.05	00:41:26.707		0.93975			4
2025.02.05	00:41:27.305		0.93976			4
2025.02.05	00:41:27.896		0.93973			4
2025.02.05	00:41:32.294		0.93977			4
2025.02.05	00:41:32.709		0.93972			4
2025.02.05	00:41:33.909		0.93973			4
2025.02.05	00:41:35.144		0.93969			4
2025.02.05	00:41:35.709		0.93977			4
2025.02.05	00:41:36.284		0.93976			4
2025.02.05	00:41:36.756		0.93974			4
2025.02.05	00:41:38.805		0.93978			4
2025.02.05	00:41:39.134		0.93969			4
2025.02.05	00:41:39.901		0.93978			4
2025.02.05	00:41:41.082		0.93975			4
2025.02.05	00:41:41.942		0.93970			4
2025.02.05	00:41:44.467	0.93895	0.93976			6
2025.02.05	00:41:45.909		0.93975			4
2025.02.05	00:41:46.272		0.93977			4
2025.02.05	00:41:50.108		0.93978			4
2025.02.05	00:41:58.004		0.93976			4
2025.02.05	00:41:59.651	0.93904	0.93972			6
2025.02.05	00:42:00.681	0.93904				2
2025.02.05	00:42:01.489		0.93976			4
2025.02.05	00:42:05.485	0.93896	0.93970			6
2025.02.05	00:42:06.498		0.93969			4
2025.02.05	00:42:07.743		0.93972			4
2025.02.05	00:42:09.192		0.93969			4
2025.02.05	00:42:11.599		0.93972			4
2025.02.05	00:42:11.977		0.93969			4
2025.02.05	00:42:13.530	0.93903				2
2025.02.05	00:42:14.835		0.93971			4
2025.02.05	00:42:18.670		0.93976			4
2025.02.05	00:42:31.815		0.93968			4
2025.02.05	00:42:33.672		0.93976			4
2025.02.05	00:42:41.924		0.93968			4
2025.02.05	00:42:43.626		0.93976			4
2025.02.05	00:42:46.855		0.93968			4
2025.02.05	00:42:49.282		0.93972			4
2025.02.05	00:42:50.113		0.93971			4
2025.02.05	00:42:51.010		0.93973			4
2025.02.05	00:42:53.449		0.93971			4
2025.02.05	00:42:57.700		0.93970			4
2025.02.05	00:42:58.512		0.93971			4
2025.02.05	00:43:00.680	0.93903				2
2025.02.05	00:43:01.165		0.93968			4
2025.02.05	00:43:02.254		0.93972			4
2025.02.05	00:43:04.150		0.93969			4
2025.02.05	00:43:07.838		0.93968			4
2025.02.05	00:43:14.337		0.93973			4
2025.02.05	00:43:17.991		0.93976			4
2025.02.05	00:43:20.110		0.93975			4
2025.02.05	00:43:22.810		0.93976			4
2025.02.05	00:43:24.369		0.93972			4
2025.02.05	00:43:28.072		0.93970			4
2025.02.05	00:43:31.022		0.93976			4
2025.02.05	00:43:36.908		0.93968			4
2025.02.05	00:43:38.038		0.93969			4
2025.02.05	00:43:38.408		0.93968			4
2025.02.05	00:43:53.409		0.93970			4
2025.02.05	00:43:54.291		0.93976			4
2025.02.05	00:44:01.518	0.93903				2
2025.02.05	00:44:31.735	0.93888				2
2025.02.05	00:44:32.822	0.93887				2
2025.02.05	00:44:40.045	0.93888				2
2025.02.05	00:44:42.568	0.93907				2
2025.02.05	00:44:54.339		0.93976			4
2025.02.05	00:44:57.670		0.93975			4
2025.02.05	00:44:58.805		0.93976			4
2025.02.05	00:45:00.062	0.93907				2
2025.02.05	00:45:01.902	0.93866	0.93987			6
2025.02.05	00:45:04.018	0.93907	0.93976			6
2025.02.05	00:45:07.990	0.93925	0.93958			6
2025.02.05	00:45:09.390	0.93908	0.93957			6
2025.02.05	00:45:09.704	0.93909	0.93956			6
2025.02.05	00:45:10.143	0.93922				2
2025.02.05	00:45:15.322		0.93958			4
2025.02.05	00:45:29.765	0.93924				2
2025.02.05	00:45:30.097		0.93960			4
2025.02.05	00:45:33.840		0.93961			4
2025.02.05	00:45:38.585		0.93960			4
2025.02.05	00:45:41.432		0.93959			4
2025.02.05	00:45:41.734		0.93958			4
2025.02.05	00:45:42.071		0.93959			4
2025.02.05	00:45:43.436		0.93961			4
2025.02.05	00:45:43.757		0.93962			4
2025.02.05	00:45:44.090		0.93965			4
2025.02.05	00:45:50.250		0.93964			4
2025.02.05	00:45:50.631		0.93965			4
2025.02.05	00:45:51.062		0.93964			4
2025.02.05	00:45:51.429		0.93965			4
2025.02.05	00:45:51.777		0.93963			4
2025.02.05	00:45:53.707		0.93965			4
2025.02.05	00:45:56.823	0.93918				2
2025.02.05	00:45:58.810		0.93964			4
2025.02.05	00:46:00.619	0.93918	0.93965			6
2025.02.05	00:46:01.810		0.93964			4
2025.02.05	00:46:05.610	0.93914				2
2025.02.05	00:46:13.209		0.93963			4
2025.02.05	00:46:17.604	0.93919	0.93962			6
2025.02.05	00:46:18.099		0.93963			4
2025.02.05	00:46:18.597		0.93962			4
2025.02.05	00:46:27.947	0.93915				2
2025.02.05	00:46:30.892	0.93917				2
2025.02.05	00:46:34.210		0.93961			4
2025.02.05	00:46:34.668	0.93915				2
2025.02.05	00:46:35.100	0.93912	0.93955			6
2025.02.05	00:46:39.827	0.93911	0.93954			6
2025.02.05	00:46:41.344	0.93919				2
2025.02.05	00:46:50.521	0.93923				2
2025.02.05	00:47:00.803	0.93923				2
2025.02.05	00:47:02.142	0.93892	0.93977			6
2025.02.05	00:47:03.368	0.93893	0.93978			6
2025.02.05	00:47:03.972	0.93923	0.93954			6
2025.02.05	00:47:11.398		0.93953			4
2025.02.05	00:47:24.320		0.93954			4
2025.02.05	00:47:33.227		0.93953			4
2025.02.05	00:47:49.025	0.93919				2
2025.02.05	00:48:00.679	0.93919				2
2025.02.05	00:48:04.039	0.93923				2
2025.02.05	00:48:19.939	0.93915				2
2025.02.05	00:48:35.101		0.93953			4
2025.02.05	00:48:54.095	0.93920				2
2025.02.05	00:49:00.608	0.93920				2
2025.02.05	00:49:05.853		0.93952			4
2025.02.05	00:49:19.000		0.93967			4
2025.02.05	00:49:23.557		0.93971			4
2025.02.05	00:49:47.386		0.93970			4
2025.02.05	00:49:49.077		0.93971			4
2025.02.05	00:49:50.396	0.93919	0.93977			6
2025.02.05	00:49:51.642		0.93978			4
2025.02.05	00:49:53.171		0.93979			4
2025.02.05	00:49:58.532		0.93969			4
2025.02.05	00:49:59.110		0.93968			4
2025.02.05	00:50:00.312	0.93919	0.93967			6
2025.02.05	00:50:05.829		0.93968			4
2025.02.05	00:50:07.832		0.93967			4
2025.02.05	00:50:27.258	0.93918				2
2025.02.05	00:50:35.322	0.93911				2
2025.02.05	00:50:45.593	0.93907				2
2025.02.05	00:50:48.009		0.93966			4
2025.02.05	00:50:54.009		0.93967			4
2025.02.05	00:50:57.847		0.93966			4
2025.02.05	00:51:00.249	0.93907	0.93965			6
2025.02.05	00:51:00.683		0.93966			4
2025.02.05	00:51:04.536		0.93965			4
2025.02.05	00:51:05.532		0.93964			4
2025.02.05	00:51:07.107		0.93965			4
2025.02.05	00:51:08.974		0.93972			4
2025.02.05	00:51:12.535		0.93975			4
2025.02.05	00:51:14.126		0.93972			4
2025.02.05	00:51:14.554	0.93903	0.93968			6
2025.02.05	00:51:14.952	0.93909	0.93962			6
2025.02.05	00:51:15.294	0.93910	0.93961			6
2025.02.05	00:51:15.619	0.93913	0.93958			6
2025.02.05	00:51:16.054	0.93914	0.93956			6
2025.02.05	00:51:21.022	0.93915				2
2025.02.05	00:51:36.308		0.93955			4
2025.02.05	00:52:00.010	0.93915				2
2025.02.05	00:52:03.010	0.93916				2
2025.02.05	00:52:14.410		0.93956			4
2025.02.05	00:52:15.980	0.93917				2
2025.02.05	00:53:00.225	0.93916	0.93957			6
2025.02.05	00:53:03.565	0.93915	0.93958			6
2025.02.05	00:53:05.784	0.93917	0.93957			6
2025.02.05	00:53:06.154		0.93956			4
2025.02.05	00:53:34.918	0.93918				2
2025.02.05	00:53:39.927	0.93917				2
2025.02.05	00:53:46.516		0.93957			4
2025.02.05	00:53:50.179	0.93918	0.93956			6
2025.02.05	00:54:00.231	0.93918				2
2025.02.05	00:54:03.724		0.93955			4
2025.02.05	00:54:20.413	0.93917	0.93956			6
2025.02.05	00:54:25.519	0.93918	0.93955			6
2025.02.05	00:54:26.710	0.93917	0.93956			6
2025.02.05	00:54:33.311	0.93916	0.93957			6
2025.02.05	00:54:33.821	0.93918	0.93956			6
2025.02.05	00:54:34.497	0.93906	0.93976			6
2025.02.05	00:54:34.917	0.93907				2
2025.02.05	00:54:36.123	0.93900				2
2025.02.05	00:54:36.909	0.93907				2
2025.02.05	00:54:46.319	0.93912				2
2025.02.05	00:55:00.017	0.93912				2
2025.02.05	00:55:08.861	0.93910				2
2025.02.05	00:55:10.231	0.93912				2
2025.02.05	00:55:37.510		0.93976			4
2025.02.05	00:55:44.750	0.93911				2
2025.02.05	00:55:45.058	0.93908				2
2025.02.05	00:55:45.374	0.93901				2
2025.02.05	00:55:45.731	0.93902	0.93971			6
2025.02.05	00:55:46.419	0.93900	0.93976			6
2025.02.05	00:55:46.794	0.93912				2
2025.02.05	00:56:00.232	0.93912				2
2025.02.05	00:56:14.068	0.93907				2
2025.02.05	00:56:14.424	0.93912				2
2025.02.05	00:56:48.609		0.93976			4
2025.02.05	00:57:00.973	0.93912				2
2025.02.05	00:57:48.910		0.93976			4
2025.02.05	00:58:00.823	0.93912				2
2025.02.05	00:58:50.684		0.93976			4
2025.02.05	00:58:55.695		0.93975			4
2025.02.05	00:58:57.072	0.93901	0.93972			6
2025.02.05	00:58:57.728	0.93904	0.93969			6
2025.02.05	00:58:58.813	0.93906	0.93967			6
2025.02.05	00:58:59.418	0.93912	0.93961			6
2025.02.05	00:58:59.880	0.93909	0.93963			6
2025.02.05	00:59:00.609	0.93909	0.93964			6
2025.02.05	00:59:01.618	0.93908	0.93965			6
2025.02.05	00:59:02.087	0.93891	0.93975			6
2025.02.05	00:59:07.273	0.93907				2
2025.02.05	00:59:07.591	0.93912				2
2025.02.05	00:59:12.458	0.93904				2
2025.02.05	00:59:13.492	0.93905				2
2025.02.05	00:59:13.814	0.93912				2
2025.02.05	00:59:15.995	0.93904				2
2025.02.05	00:59:17.993	0.93911				2
2025.02.05	00:59:21.221	0.93912				2
2025.02.05	00:59:21.524	0.93903				2
2025.02.05	00:59:21.848	0.93900				2
2025.02.05	00:59:22.296	0.93909				2
2025.02.05	00:59:24.115	0.93896				2
2025.02.05	00:59:24.470	0.93887				2
2025.02.05	00:59:26.409	0.93894				2
2025.02.05	00:59:26.749	0.93900				2
2025.02.05	00:59:27.061	0.93895				2
2025.02.05	00:59:27.544	0.93892				2
2025.02.05	00:59:30.096	0.93891				2
2025.02.05	00:59:32.104		0.93972			4
2025.02.05	00:59:33.273	0.93906				2
2025.02.05	00:59:46.095	0.93898				2
2025.02.05	00:59:46.411	0.93906	0.93966			6
2025.02.05	00:59:51.228		0.93967			4
2025.02.05	01:00:00.315	0.93909	0.93972			6
2025.02.05	01:00:00.941	0.93908				2
2025.02.05	01:00:01.252	0.93906				2
2025.02.05	01:00:01.565	0.93932				2
2025.02.05	01:00:01.883	0.93917				2
2025.02.05	01:00:02.202	0.93923				2
2025.02.05	01:00:02.912		0.93973			4
2025.02.05	01:00:03.399	0.93919	0.93968			6
2025.02.05	01:00:03.714	0.93922	0.93971			6
2025.02.05	01:00:04.621	0.93919	0.93969			6
2025.02.05	01:00:04.925	0.93918	0.93968			6
2025.02.05	01:00:05.528	0.93914	0.93940			6
2025.02.05	01:00:06.472	0.93921	0.93973			6
2025.02.05	01:00:08.407		0.93972			4
2025.02.05	01:00:10.065	0.93915	0.93945			6
2025.02.05	01:00:10.395		0.93948			4
2025.02.05	01:00:11.110	0.93921				2
2025.02.05	01:00:12.320	0.93916				2
2025.02.05	01:00:13.334		0.93941			4
2025.02.05	01:00:14.412		0.93945			4
2025.02.05	01:00:15.453		0.93943			4
2025.02.05	01:00:16.343		0.93944			4
2025.02.05	01:00:19.821	0.93922				2
2025.02.05	01:00:20.238		0.93940			4
2025.02.05	01:00:22.479		0.93939			4
2025.02.05	01:00:23.812	0.93926	0.93948			6
2025.02.05	01:00:24.540	0.93927	0.93949			6
2025.02.05	01:00:27.070	0.93926				2
2025.02.05	01:00:30.398	0.93924	0.93947			6
2025.02.05	01:00:30.704	0.93925	0.93954			6
2025.02.05	01:00:32.638	0.93926	0.93950			6
2025.02.05	01:00:33.909	0.93927				2
2025.02.05	01:00:34.474		0.93949			4
2025.02.05	01:00:36.773	0.93928	0.93950			6
2025.02.05	01:00:40.315	0.93927				2
2025.02.05	01:00:41.741		0.93948			4
2025.02.05	01:00:42.353	0.93928	0.93950			6
2025.02.05	01:00:43.056		0.93963			4
2025.02.05	01:00:44.822	0.93927				2
2025.02.05	01:00:46.143	0.93926	0.93959			6
2025.02.05	01:00:48.413		0.93958			4
2025.02.05	01:00:48.911		0.93960			4
2025.02.05	01:00:49.223		0.93959			4
2025.02.05	01:00:49.782	0.93927	0.93957			6
2025.02.05	01:00:51.511		0.93958			4
2025.02.05	01:00:54.600		0.93957			4
2025.02.05	01:00:55.624		0.93960			4
2025.02.05	01:00:57.310	0.93928				2
2025.02.05	01:00:57.699	0.93927				2
2025.02.05	01:00:58.169	0.93928	0.93957			6
2025.02.05	01:01:00.750	0.93927	0.93955			6
2025.02.05	01:01:02.141		0.93953			4
2025.02.05	01:01:04.471		0.93954			4
2025.02.05	01:01:06.241		0.93955			4
2025.02.05	01:01:06.610		0.93954			4
2025.02.05	01:01:10.403		0.93953			4
2025.02.05	01:01:14.376		0.93956			4
2025.02.05	01:01:21.512		0.93957			4
2025.02.05	01:01:21.872	0.93928	0.93958			6
2025.02.05	01:01:25.623	0.93933	0.93961			6
2025.02.05	01:01:30.050		0.93962			4
2025.02.05	01:01:32.130		0.93970			4
2025.02.05	01:01:33.133		0.93961			4
2025.02.05	01:01:36.399		0.93959			4
2025.02.05	01:01:39.296	0.93934				2
2025.02.05	01:01:42.316	0.93940				2
2025.02.05	01:01:42.706	0.93941				2
2025.02.05	01:01:49.074	0.93944	0.93961			6
2025.02.05	01:01:49.781		0.93960			4
2025.02.05	01:01:51.508		0.93963			4
2025.02.05	01:01:53.188		0.93962			4
2025.02.05	01:01:54.911	0.93942				2
2025.02.05	01:01:56.036	0.93945	0.93965			6
2025.02.05	01:02:00.101	0.93945				2
2025.02.05	01:02:01.139		0.93960			4
2025.02.05	01:02:01.511		0.93959			4
2025.02.05	01:02:03.570		0.93960			4
2025.02.05	01:02:04.121		0.93961			4
2025.02.05	01:02:04.488	0.93941	0.93957			6
2025.02.05	01:02:07.503		0.93959			4
2025.02.05	01:02:08.636	0.93946	0.93962			6
2025.02.05	01:02:09.583	0.93947	0.93964			6
2025.02.05	01:02:11.110	0.93943				2
2025.02.05	01:02:12.178		0.93962			4
2025.02.05	01:02:13.899	0.93946				2
2025.02.05	01:02:14.322	0.93947				2
2025.02.05	01:02:17.878		0.93963			4
2025.02.05	01:02:24.251		0.93962			4
2025.02.05	01:02:24.615	0.93942				2
2025.02.05	01:02:27.727		0.93963			4
2025.02.05	01:02:29.410		0.93962			4
2025.02.05	01:02:33.315	0.93946	0.93964			6
2025.02.05	01:02:36.965		0.93966			4
2025.02.05	01:02:57.981		0.93964			4
2025.02.05	01:03:00.684	0.93946				2
2025.02.05	01:03:08.884	0.93944				2
2025.02.05	01:03:12.001	0.93945				2
2025.02.05	01:03:14.312	0.93947	0.93966			6
2025.02.05	01:03:16.818	0.93949	0.93957			6
2025.02.05	01:03:18.633	0.93947	0.93966			6
2025.02.05	01:03:21.244		0.93964			4
2025.02.05	01:03:22.052		0.93966			4
2025.02.05	01:03:28.633	0.93946				2
2025.02.05	01:03:39.388	0.93942				2
2025.02.05	01:03:41.715	0.93945	0.93968			6
2025.02.05	01:03:42.056	0.93946	0.93966			6
2025.02.05	01:03:46.391	0.93945				2
2025.02.05	01:03:46.869	0.93942	0.93963			6
2025.02.05	01:03:47.184	0.93944	0.93964			6
2025.02.05	01:03:49.082	0.93942	0.93963			6
2025.02.05	01:03:49.913		0.93960			4
2025.02.05	01:03:53.701		0.93963			4
2025.02.05	01:04:00.316	0.93942				2
2025.02.05	01:04:07.706		0.93964			4
2025.02.05	01:04:09.249		0.93963			4
2025.02.05	01:04:29.106		0.93962			4
2025.02.05	01:04:40.774	0.93940	0.93960			6
2025.02.05	01:04:41.571	0.93944	0.93964			6
2025.02.05	01:04:43.510	0.93945				2
2025.02.05	01:04:44.707	0.93944				2
2025.02.05	01:04:46.449	0.93942	0.93961			6
2025.02.05	01:04:48.130	0.93941				2
2025.02.05	01:04:49.989	0.93944	0.93963			6
2025.02.05	01:04:54.863		0.93964			4
2025.02.05	01:05:00.010	0.93944				2
2025.02.05	01:05:03.000	0.93945	0.93965			6
2025.02.05	01:05:21.278	0.93951	0.93958			6
2025.02.05	01:05:23.120	0.93945	0.93965			6
2025.02.05	01:05:25.510	0.93946				2
2025.02.05	01:05:28.356	0.93947				2
2025.02.05	01:05:39.830		0.93967			4
2025.02.05	01:05:43.208	0.93952				2
2025.02.05	01:05:46.426		0.93966			4
2025.02.05	01:05:49.073		0.93967			4
2025.02.05	01:05:53.805		0.93965			4
2025.02.05	01:05:57.317	0.93950	0.93963			6
2025.02.05	01:06:00.508	0.93950	0.93964			6
2025.02.05	01:06:20.368		0.93966			4
2025.02.05	01:06:27.126		0.93965			4
2025.02.05	01:06:28.200	0.93945	0.93962			6
2025.02.05	01:06:35.475	0.93942	0.93957			6
2025.02.05	01:06:46.464		0.93956			4
2025.02.05	01:07:00.495	0.93942				2
2025.02.05	01:07:01.646	0.93940	0.93954			6
2025.02.05	01:07:02.574	0.93938				2
2025.02.05	01:07:09.296		0.93955			4
2025.02.05	01:07:23.317	0.93939				2
2025.02.05	01:07:46.664	0.93934	0.93951			6
2025.02.05	01:07:47.661	0.93936	0.93954			6
2025.02.05	01:07:55.659		0.93953			4
2025.02.05	01:07:56.411		0.93954			4
2025.02.05	01:08:00.491	0.93936				2
2025.02.05	01:08:03.011	0.93932	0.93950			6
2025.02.05	01:08:04.209	0.93934	0.93953			6
2025.02.05	01:08:07.151	0.93932	0.93950			6
2025.02.05	01:08:32.711	0.93938	0.93955			6
2025.02.05	01:08:35.634		0.93954			4
2025.02.05	01:08:42.775	0.93933	0.93949			6
2025.02.05	01:08:48.616	0.93932				2
2025.02.05	01:08:50.679		0.93948			4
2025.02.05	01:09:00.609	0.93932				2
2025.02.05	01:09:04.176	0.93925	0.93944			6
2025.02.05	01:09:04.483		0.93945			4
2025.02.05	01:09:30.680	0.93929	0.93944			6
2025.02.05	01:09:46.410		0.93947			4
2025.02.05	01:09:47.020		0.93945			4
2025.02.05	01:09:59.378		0.93942			4
2025.02.05	01:10:00.305	0.93929				2
2025.02.05	01:10:02.624		0.93943			4
2025.02.05	01:10:02.929	0.93937	0.93954			6
2025.02.05	01:10:04.417	0.93939	0.93957			6
2025.02.05	01:10:06.652		0.93954			4
2025.02.05	01:10:18.609	0.93937	0.93951			6
2025.02.05	01:10:19.666		0.93950			4
2025.02.05	01:10:30.652	0.93934				2
2025.02.05	01:10:41.476		0.93951			4
2025.02.05	01:10:55.720		0.93949			4
2025.02.05	01:11:00.461	0.93934	0.93950			6
2025.02.05	01:11:10.075	0.93945	0.93961			6
2025.02.05	01:11:10.390	0.93946				2
2025.02.05	01:11:10.906	0.93943	0.93957			6
2025.02.05	01:11:18.489		0.93958			4
2025.02.05	01:11:36.615	0.93941				2
2025.02.05	01:12:00.015	0.93941				2
2025.02.05	01:12:09.392		0.93957			4
2025.02.05	01:12:11.376	0.93940				2
2025.02.05	01:12:23.143		0.93956			4
2025.02.05	01:12:25.069	0.93941	0.93957			6
2025.02.05	01:12:25.464		0.93956			4
2025.02.05	01:12:26.436	0.93940	0.93957			6
2025.02.05	01:12:29.111	0.93941				2
2025.02.05	01:12:32.111	0.93940				2
2025.02.05	01:12:35.088		0.93956			4
2025.02.05	01:12:35.962		0.93957			4
2025.02.05	01:12:38.951	0.93938	0.93956			6
2025.02.05	01:12:39.256	0.93940				2
2025.02.05	01:12:39.605	0.93941				2
2025.02.05	01:12:50.704		0.93957			4
2025.02.05	01:12:53.700		0.93958			4
2025.02.05	01:13:00.308	0.93941				2
2025.02.05	01:13:18.346	0.93942				2
2025.02.05	01:13:19.509	0.93941				2
2025.02.05	01:13:25.508	0.93942				2
2025.02.05	01:13:30.310	0.93941				2
2025.02.05	01:13:44.583		0.93957			4
2025.02.05	01:13:45.910	0.93940				2
2025.02.05	01:13:51.647	0.93941				2
2025.02.05	01:13:56.674	0.93940	0.93956			6
2025.02.05	01:14:00.031	0.93940				2
2025.02.05	01:14:00.910	0.93939				2
2025.02.05	01:14:03.583	0.93941	0.93958			6
2025.02.05	01:14:07.572		0.93959			4
2025.02.05	01:14:10.208	0.93942				2
2025.02.05	01:14:15.207	0.93943				2
2025.02.05	01:14:16.575	0.93942				2
2025.02.05	01:14:18.854	0.93943				2
2025.02.05	01:14:23.923	0.93942				2
2025.02.05	01:14:28.092	0.93943				2
2025.02.05	01:14:28.415	0.93947	0.93964			6
2025.02.05	01:14:35.993	0.93949	0.93965			6
2025.02.05	01:14:40.811	0.93948				2
2025.02.05	01:14:41.219	0.93949				2
2025.02.05	01:14:43.800	0.93952	0.93970			6
2025.02.05	01:14:59.708	0.93951	0.93966			6
2025.02.05	01:15:00.358	0.93951				2
2025.02.05	01:15:17.526		0.93962			4
2025.02.05	01:15:22.269		0.93961			4
2025.02.05	01:15:36.864		0.93960			4
2025.02.05	01:15:41.318	0.93949				2
2025.02.05	01:15:41.709	0.93948				2
2025.02.05	01:15:44.710	0.93949				2
2025.02.05	01:15:45.849	0.93948				2
2025.02.05	01:15:46.574		0.93965			4
2025.02.05	01:15:47.390		0.93960			4
2025.02.05	01:15:48.141	0.93950	0.93963			6
2025.02.05	01:15:49.512	0.93949				2
2025.02.05	01:15:50.408	0.93948				2
2025.02.05	01:15:59.941	0.93949	0.93965			6
2025.02.05	01:16:00.691	0.93949				2
2025.02.05	01:16:01.498	0.93950				2
2025.02.05	01:16:02.313		0.93966			4
2025.02.05	01:16:02.707	0.93951				2
2025.02.05	01:16:07.410		0.93965			4
2025.02.05	01:16:09.545	0.93950	0.93963			6
2025.02.05	01:16:11.761	0.93951	0.93965			6
2025.02.05	01:16:17.015	0.93950				2
2025.02.05	01:16:24.913		0.93964			4
2025.02.05	01:16:26.418	0.93949	0.93963			6
2025.02.05	01:16:28.257	0.93950	0.93964			6
2025.02.05	01:16:30.962		0.93968			4
2025.02.05	01:16:31.885		0.93965			4
2025.02.05	01:16:32.470	0.93951	0.93967			6
2025.02.05	01:16:34.938		0.93965			4
2025.02.05	01:16:35.426		0.93967			4
2025.02.05	01:16:42.310	0.93952				2
2025.02.05	01:16:55.779	0.93951				2
2025.02.05	01:16:56.780	0.93952	0.93968			6
2025.02.05	01:17:00.311	0.93952				2
2025.02.05	01:17:01.808		0.93967			4
2025.02.05	01:17:03.287		0.93968			4
2025.02.05	01:17:03.896	0.93953				2
2025.02.05	01:17:04.579	0.93952	0.93967			6
2025.02.05	01:18:00.009	0.93951				2
2025.02.05	01:18:04.586		0.93967			4
2025.02.05	01:18:17.432		0.93968			4
2025.02.05	01:18:18.665		0.93969			4
2025.02.05	01:18:20.323		0.93968			4
2025.02.05	01:18:40.600		0.93969			4
2025.02.05	01:18:41.337		0.93968			4
2025.02.05	01:18:45.608	0.93950	0.93964			6
2025.02.05	01:18:51.957	0.93948	0.93962			6
2025.02.05	01:18:52.346	0.93947				2
2025.02.05	01:18:53.219	0.93949	0.93964			6
2025.02.05	01:18:54.720		0.93967			4
2025.02.05	01:18:55.116		0.93965			4
2025.02.05	01:18:55.810	0.93950				2
2025.02.05	01:18:56.818		0.93963			4
2025.02.05	01:18:57.671	0.93949	0.93964			6
2025.02.05	01:18:59.144		0.93963			4
2025.02.05	01:19:00.490	0.93949				2
2025.02.05	01:19:01.405	0.93944	0.93958			6
2025.02.05	01:19:01.820	0.93943				2
2025.02.05	01:19:02.259		0.93957			4
2025.02.05	01:19:05.420		0.93956			4
2025.02.05	01:19:13.665		0.93960			4
2025.02.05	01:19:14.414		0.93955			4
2025.02.05	01:19:16.061		0.93958			4
2025.02.05	01:19:17.708	0.93944				2
2025.02.05	01:19:19.510	0.93943				2
2025.02.05	01:19:22.211	0.93944				2
2025.02.05	01:19:24.312	0.93943				2
2025.02.05	01:19:26.727		0.93956			4
2025.02.05	01:19:27.043		0.93958			4
2025.02.05	01:19:41.929	0.93944	0.93957			6
2025.02.05	01:19:57.729	0.93943				2
2025.02.05	01:19:58.770	0.93942				2
2025.02.05	01:20:00.480	0.93942				2
2025.02.05	01:20:06.867	0.93944				2
2025.02.05	01:20:09.262		0.93959			4
2025.02.05	01:20:12.465		0.93958			4
2025.02.05	01:20:14.739		0.93957			4
2025.02.05	01:20:16.556		0.93958			4
2025.02.05	01:20:28.961		0.93959			4
2025.02.05	01:20:30.016		0.93958			4
2025.02.05	01:20:36.984		0.93959			4
2025.02.05	01:20:37.303	0.93945				2
2025.02.05	01:20:37.675		0.93958			4
2025.02.05	01:20:38.101	0.93944				2
2025.02.05	01:20:46.780	0.93946	0.93959			6
2025.02.05	01:20:50.777		0.93960			4
2025.02.05	01:20:52.641		0.93959			4
2025.02.05	01:20:52.969		0.93958			4
2025.02.05	01:20:57.935		0.93959			4
2025.02.05	01:20:59.775		0.93963			4
2025.02.05	01:21:00.358	0.93946	0.93960			6
2025.02.05	01:21:01.282	0.93945				2
2025.02.05	01:21:06.888	0.93944	0.93958			6
2025.02.05	01:21:07.941	0.93942	0.93957			6
2025.02.05	01:21:12.875		0.93956			4
2025.02.05	01:21:14.244	0.93943	0.93955			6
2025.02.05	01:21:15.381		0.93956			4
2025.02.05	01:21:17.844		0.93955			4
2025.02.05	01:21:21.308		0.93958			4
2025.02.05	01:21:22.204		0.93955			4
2025.02.05	01:21:23.806		0.93956			4
2025.02.05	01:21:24.875	0.93942				2
2025.02.05	01:21:25.208		0.93955			4
2025.02.05	01:21:29.725		0.93956			4
2025.02.05	01:21:37.255		0.93955			4
2025.02.05	01:21:38.108		0.93956			4
2025.02.05	01:21:41.002	0.93944	0.93957			6
2025.02.05	01:21:41.307		0.93958			4
2025.02.05	01:21:44.697		0.93957			4
2025.02.05	01:21:45.618		0.93958			4
2025.02.05	01:21:48.348		0.93956			4
2025.02.05	01:21:50.732		0.93955			4
2025.02.05	01:21:52.767		0.93958			4
2025.02.05	01:21:53.070		0.93957			4
2025.02.05	01:21:57.977	0.93945	0.93958			6
2025.02.05	01:22:01.401	0.93944	0.93956			6
2025.02.05	01:22:02.947	0.93946	0.93959			6
2025.02.05	01:22:03.505	0.93947				2
2025.02.05	01:22:03.852		0.93962			4
2025.02.05	01:22:04.601		0.93959			4
2025.02.05	01:22:15.881	0.93948				2
2025.02.05	01:22:19.939		0.93960			4
2025.02.05	01:22:20.471		0.93959			4
2025.02.05	01:22:38.950	0.93951	0.93963			6
2025.02.05	01:22:40.681		0.93965			4
2025.02.05	01:22:41.481		0.93963			4
2025.02.05	01:22:50.461		0.93965			4
2025.02.05	01:22:51.043		0.93963			4
2025.02.05	01:22:53.430		0.93965			4
2025.02.05	01:22:54.181		0.93963			4
2025.02.05	01:22:59.221	0.93949	0.93960			6
2025.02.05	01:23:00.491	0.93949				2
2025.02.05	01:23:09.610	0.93948	0.93958			6
2025.02.05	01:23:14.917	0.93946	0.93957			6
2025.02.05	01:23:19.982	0.93944	0.93954			6
2025.02.05	01:23:23.078	0.93943				2
2025.02.05	01:23:23.942		0.93953			4
2025.02.05	01:23:29.843	0.93944	0.93954			6
2025.02.05	01:23:39.772		0.93955			4
2025.02.05	01:23:41.709		0.93958			4
2025.02.05	01:23:42.534		0.93955			4
2025.02.05	01:23:51.838		0.93956			4
2025.02.05	01:24:00.147	0.93946	0.93958			6
2025.02.05	01:24:00.551		0.93957			4
2025.02.05	01:24:06.077		0.93958			4
2025.02.05	01:24:06.524	0.93948	0.93957			6
2025.02.05	01:24:10.956		0.93958			4
2025.02.05	01:24:19.620	0.93945	0.93956			6
2025.02.05	01:24:19.963		0.93955			4
2025.02.05	01:24:22.566		0.93956			4
2025.02.05	01:24:32.888		0.93955			4
2025.02.05	01:24:33.320	0.93944	0.93953			6
2025.02.05	01:24:34.055	0.93941	0.93950			6
2025.02.05	01:24:36.193		0.93951			4
2025.02.05	01:24:37.824		0.93950			4
2025.02.05	01:24:38.492	0.93940	0.93949			6
2025.02.05	01:24:51.079		0.93950			4
2025.02.05	01:24:59.900		0.93951			4
2025.02.05	01:25:00.457	0.93940	0.93950			6
2025.02.05	01:25:16.004	0.93937				2
2025.02.05	01:25:23.512		0.93949			4
2025.02.05	01:25:30.909		0.93948			4
2025.02.05	01:25:36.016		0.93949			4
2025.02.05	01:25:36.570		0.93951			4
2025.02.05	01:25:40.278	0.93941	0.93954			6
2025.02.05	01:25:41.815	0.93942	0.93955			6
2025.02.05	01:25:42.251		0.93954			4
2025.02.05	01:25:52.020	0.93943	0.93956			6
2025.02.05	01:25:52.348		0.93957			4
2025.02.05	01:25:53.127		0.93954			4
2025.02.05	01:25:55.366		0.93955			4
2025.02.05	01:26:04.962	0.93943				2
2025.02.05	01:26:09.978		0.93954			4
2025.02.05	01:26:14.510	0.93940	0.93952			6
2025.02.05	01:26:29.170	0.93942				2
2025.02.05	01:26:32.455		0.93953			4
2025.02.05	01:26:32.835		0.93952			4
2025.02.05	01:26:33.470		0.93951			4
2025.02.05	01:26:39.717	0.93940	0.93952			6
2025.02.05	01:26:49.491		0.93951			4
2025.02.05	01:26:51.910		0.93952			4
2025.02.05	01:26:58.685		0.93951			4
2025.02.05	01:27:00.508	0.93940				2
2025.02.05	01:27:03.229		0.93952			4
2025.02.05	01:27:04.105	0.93938	0.93950			6
2025.02.05	01:27:04.789		0.93949			4
2025.02.05	01:27:16.040	0.93939	0.93950			6
2025.02.05	01:27:33.920	0.93940				2
2025.02.05	01:27:36.570		0.93951			4
2025.02.05	01:27:42.841		0.93950			4
2025.02.05	01:27:43.785		0.93951			4
2025.02.05	01:27:44.092		0.93953			4
2025.02.05	01:27:44.392		0.93952			4
2025.02.05	01:27:45.437	0.93941				2
2025.02.05	01:27:46.184		0.93951			4
2025.02.05	01:27:47.410	0.93940	0.93952			6
2025.02.05	01:27:48.309	0.93941				2
2025.02.05	01:27:53.923	0.93939	0.93949			6
2025.02.05	01:28:00.485	0.93939				2
2025.02.05	01:28:12.564		0.93948			4
2025.02.05	01:28:14.602		0.93949			4
2025.02.05	01:28:20.108		0.93952			4
2025.02.05	01:28:25.454	0.93938				2
2025.02.05	01:28:31.122		0.93951			4
2025.02.05	01:28:39.498		0.93948			4
2025.02.05	01:28:45.178	0.93939	0.93950			6
2025.02.05	01:28:45.574		0.93949			4
2025.02.05	01:28:50.692		0.93951			4
2025.02.05	01:28:55.155	0.93941				2
2025.02.05	01:28:55.580	0.93939	0.93950			6
2025.02.05	01:28:55.983		0.93951			4
2025.02.05	01:29:00.354	0.93939	0.93953			6
2025.02.05	01:29:01.157		0.93949			4
2025.02.05	01:29:03.596	0.93936	0.93946			6
2025.02.05	01:29:08.644	0.93935	0.93945			6
2025.02.05	01:29:13.370		0.93944			4
2025.02.05	01:29:26.180		0.93945			4
2025.02.05	01:29:28.657		0.93944			4
2025.02.05	01:29:42.323		0.93946			4
2025.02.05	01:30:00.307	0.93935	0.93944			6
2025.02.05	01:30:00.654		0.93945			4
2025.02.05	01:30:02.194	0.93936	0.93943			6
2025.02.05	01:30:03.131		0.93947			4
2025.02.05	01:30:04.042	0.93935	0.93946			6
2025.02.05	01:30:08.737	0.93936	0.93947			6
2025.02.05	01:30:11.070	0.93935	0.93946			6
2025.02.05	01:30:12.471	0.93934	0.93945			6
2025.02.05	01:30:15.045		0.93944			4
2025.02.05	01:30:16.733		0.93943			4
2025.02.05	01:30:20.739		0.93944			4
2025.02.05	01:30:21.065		0.93945			4
2025.02.05	01:30:26.662	0.93935				2
2025.02.05	01:30:27.318		0.93947			4
2025.02.05	01:30:33.118		0.93948			4
2025.02.05	01:30:35.014	0.93936	0.93949			6
2025.02.05	01:30:35.910		0.93950			4
2025.02.05	01:30:36.218	0.93937	0.93951			6
2025.02.05	01:30:36.525		0.93950			4
2025.02.05	01:30:45.825	0.93936	0.93949			6
2025.02.05	01:30:49.155		0.93948			4
2025.02.05	01:30:58.894		0.93950			4
2025.02.05	01:31:00.481	0.93936	0.93948			6
2025.02.05	01:31:02.163		0.93947			4
2025.02.05	01:31:03.015	0.93935	0.93948			6
2025.02.05	01:31:07.830	0.93938				2
2025.02.05	01:31:08.984	0.93939				2
2025.02.05	01:31:09.947		0.93949			4
2025.02.05	01:31:17.451	0.93950	0.93962			6
2025.02.05	01:31:17.787	0.93952	0.93963			6
2025.02.05	01:31:18.310	0.93949	0.93961			6
2025.02.05	01:31:22.635		0.93960			4
2025.02.05	01:31:24.592		0.93959			4
2025.02.05	01:31:26.718	0.93946	0.93958			6
2025.02.05	01:31:27.024	0.93948	0.93960			6
2025.02.05	01:31:28.282	0.93949				2
2025.02.05	01:31:37.094	0.93948				2
2025.02.05	01:31:39.608		0.93959			4
2025.02.05	01:31:40.245	0.93947	0.93958			6
2025.02.05	01:31:47.280	0.93948				2
2025.02.05	01:31:53.382	0.93947				2
2025.02.05	01:31:56.061	0.93946				2
2025.02.05	01:32:00.609	0.93946				2
2025.02.05	01:32:01.996	0.93944				2
2025.02.05	01:32:02.404		0.93957			4
2025.02.05	01:32:03.610	0.93943				2
2025.02.05	01:32:05.419	0.93944				2
2025.02.05	01:32:05.896	0.93943				2
2025.02.05	01:32:07.570	0.93942	0.93956			6
2025.02.05	01:32:09.226	0.93943				2
2025.02.05	01:32:14.136	0.93942				2
2025.02.05	01:32:26.130	0.93943	0.93957			6
2025.02.05	01:32:32.532	0.93942	0.93956			6
2025.02.05	01:32:33.654	0.93941	0.93955			6
2025.02.05	01:33:01.703	0.93941				2
2025.02.05	01:33:05.201		0.93954			4
2025.02.05	01:33:10.488		0.93953			4
2025.02.05	01:33:12.487	0.93938	0.93952			6
2025.02.05	01:33:23.710		0.93951			4
2025.02.05	01:33:31.512		0.93952			4
2025.02.05	01:33:31.824		0.93950			4
2025.02.05	01:33:33.410	0.93936				2
2025.02.05	01:33:34.624		0.93948			4
2025.02.05	01:33:35.836		0.93950			4
2025.02.05	01:33:36.230		0.93949			4
2025.02.05	01:33:36.761		0.93950			4
2025.02.05	01:33:37.154	0.93935	0.93948			6
2025.02.05	01:33:38.714		0.93949			4
2025.02.05	01:33:39.658	0.93936				2
2025.02.05	01:33:41.127		0.93948			4
2025.02.05	01:33:42.136		0.93949			4
2025.02.05	01:33:44.702	0.93935				2
2025.02.05	01:33:45.529		0.93948			4
2025.02.05	01:33:48.804		0.93949			4
2025.02.05	01:33:55.544		0.93948			4
2025.02.05	01:34:00.698	0.93935				2
2025.02.05	01:34:16.508		0.93949			4
2025.02.05	01:34:17.662		0.93948			4
2025.02.05	01:34:24.186	0.93933	0.93947			6
2025.02.05	01:34:25.544	0.93934				2
2025.02.05	01:34:27.186	0.93936	0.93948			6
2025.02.05	01:34:27.506		0.93950			4
2025.02.05	01:34:27.858	0.93937				2
2025.02.05	01:34:28.365		0.93951			4
2025.02.05	01:34:37.399	0.93938				2
2025.02.05	01:34:43.188	0.93937				2
2025.02.05	01:34:43.549	0.93938				2
2025.02.05	01:34:47.531	0.93936	0.93947			6
2025.02.05	01:34:48.503	0.93935				2
2025.02.05	01:35:00.353	0.93935				2
2025.02.05	01:35:00.676	0.93934	0.93946			6
2025.02.05	01:35:02.888		0.93945			4
2025.02.05	01:35:10.678		0.93946			4
2025.02.05	01:35:24.081		0.93947			4
2025.02.05	01:35:24.385		0.93948			4
2025.02.05	01:35:24.796		0.93947			4
2025.02.05	01:35:36.124		0.93948			4
2025.02.05	01:35:43.487	0.93936	0.93950			6
2025.02.05	01:35:47.504		0.93949			4
2025.02.05	01:36:00.337	0.93936				2
2025.02.05	01:36:00.682	0.93935				2
2025.02.05	01:36:02.374	0.93936				2
2025.02.05	01:36:06.449	0.93935				2
2025.02.05	01:36:16.512	0.93936				2
2025.02.05	01:36:23.263	0.93935				2
2025.02.05	01:36:30.461	0.93936	0.93950			6
2025.02.05	01:36:45.437	0.93934	0.93948			6
2025.02.05	01:36:48.733		0.93947			4
2025.02.05	01:36:49.042	0.93933	0.93946			6
2025.02.05	01:36:49.536	0.93935	0.93948			6
2025.02.05	01:37:00.088	0.93935				2
2025.02.05	01:37:08.333	0.93934				2
2025.02.05	01:37:11.347	0.93935				2
2025.02.05	01:37:12.082	0.93934				2
2025.02.05	01:37:19.351	0.93935				2
2025.02.05	01:37:21.911	0.93934				2
2025.02.05	01:37:32.227	0.93936	0.93950			6
2025.02.05	01:37:50.679	0.93937				2
2025.02.05	01:37:50.986	0.93939				2
2025.02.05	01:38:00.356	0.93939				2
2025.02.05	01:38:03.606		0.93951			4
2025.02.05	01:38:32.759	0.93938				2
2025.02.05	01:38:34.150	0.93939				2
2025.02.05	01:38:36.480		0.93952			4
2025.02.05	01:38:38.463	0.93940				2
2025.02.05	01:38:50.030	0.93939				2
2025.02.05	01:38:50.356	0.93940				2
2025.02.05	01:38:59.881	0.93938	0.93951			6
2025.02.05	01:39:00.278	0.93936	0.93949			6
2025.02.05	01:39:01.362	0.93935	0.93948			6
2025.02.05	01:39:05.488	0.93932	0.93945			6
2025.02.05	01:39:08.059		0.93946			4
2025.02.05	01:39:08.715	0.93933	0.93947			6
2025.02.05	01:39:27.366	0.93935	0.93948			6
2025.02.05	01:39:29.378	0.93934	0.93947			6
2025.02.05	01:39:31.220	0.93935	0.93948			6
2025.02.05	01:39:42.149	0.93933	0.93946			6
2025.02.05	01:39:42.466	0.93932	0.93945			6
2025.02.05	01:40:00.413	0.93932				2
2025.02.05	01:40:02.255		0.93946			4
2025.02.05	01:40:08.709	0.93929	0.93942			6
2025.02.05	01:40:09.023	0.93930	0.93943			6
2025.02.05	01:40:10.086		0.93944			4
2025.02.05	01:40:10.421		0.93943			4
2025.02.05	01:40:11.443	0.93929	0.93942			6
2025.02.05	01:40:12.186		0.93943			4
2025.02.05	01:40:14.943	0.93930				2
2025.02.05	01:40:16.193	0.93929				2
2025.02.05	01:40:17.712	0.93930				2
2025.02.05	01:40:18.836	0.93929				2
2025.02.05	01:40:20.342	0.93930				2
2025.02.05	01:40:21.946	0.93929	0.93942			6
2025.02.05	01:40:22.837	0.93928				2
2025.02.05	01:40:24.356	0.93929				2
2025.02.05	01:40:26.556	0.93928				2
2025.02.05	01:40:26.861	0.93929				2
2025.02.05	01:40:27.561	0.93926	0.93940			6
2025.02.05	01:40:33.930	0.93927				2
2025.02.05	01:40:52.516	0.93926				2
2025.02.05	01:40:56.699	0.93930	0.93943			6
2025.02.05	01:40:59.665	0.93931				2
2025.02.05	01:41:00.170	0.93931				2
2025.02.05	01:41:01.020	0.93929				2
2025.02.05	01:41:02.186	0.93928	0.93941			6
2025.02.05	01:41:08.003		0.93942			4
2025.02.05	01:41:10.377		0.93941			4
2025.02.05	01:41:10.727	0.93927				2
2025.02.05	01:41:14.829	0.93929	0.93943			6
2025.02.05	01:41:15.349		0.93942			4
2025.02.05	01:41:15.855		0.93943			4
2025.02.05	01:41:17.993		0.93942			4
2025.02.05	01:41:18.303	0.93930	0.93943			6
2025.02.05	01:41:18.635	0.93929				2
2025.02.05	01:41:19.087	0.93928	0.93942			6
2025.02.05	01:41:19.564	0.93926	0.93940			6
2025.02.05	01:41:21.349		0.93939			4
2025.02.05	01:41:21.715	0.93925	0.93938			6
2025.02.05	01:41:23.845	0.93924				2
2025.02.05	01:41:25.693	0.93925				2
2025.02.05	01:41:26.032	0.93924				2
2025.02.05	01:41:26.956	0.93925				2
2025.02.05	01:41:27.808	0.93924				2
2025.02.05	01:41:30.114	0.93925				2
2025.02.05	01:41:31.903	0.93924				2
2025.02.05	01:41:35.411	0.93925				2
2025.02.05	01:41:41.523	0.93924				2
2025.02.05	01:41:45.975	0.93930	0.93942			6
2025.02.05	01:41:53.410	0.93929	0.93941			6
2025.02.05	01:42:00.734	0.93929				2
2025.02.05	01:42:01.149		0.93942			4
2025.02.05	01:42:03.145	0.93930				2
2025.02.05	01:42:10.541	0.93929	0.93943			6
2025.02.05	01:42:12.526	0.93930				2
2025.02.05	01:42:23.364	0.93931	0.93944			6
2025.02.05	01:42:29.006	0.93930				2
2025.02.05	01:42:34.032	0.93931	0.93945			6
2025.02.05	01:42:35.099		0.93944			4
2025.02.05	01:42:37.094		0.93945			4
2025.02.05	01:42:37.975		0.93944			4
2025.02.05	01:42:41.611		0.93945			4
2025.02.05	01:42:42.720	0.93932	0.93946			6
2025.02.05	01:42:45.587		0.93945			4
2025.02.05	01:42:46.669		0.93946			4
2025.02.05	01:42:52.630		0.93945			4
2025.02.05	01:43:00.222	0.93932				2
2025.02.05	01:43:02.612	0.93933				2
2025.02.05	01:43:15.257	0.93932				2
2025.02.05	01:43:17.427	0.93931	0.93943			6
2025.02.05	01:43:51.568	0.93930	0.93942			6
2025.02.05	01:44:00.070	0.93930				2
2025.02.05	01:44:00.469	0.93929				2
2025.02.05	01:44:01.037	0.93928	0.93939			6
2025.02.05	01:44:01.362		0.93938			4
2025.02.05	01:44:01.666	0.93926				2
2025.02.05	01:44:04.674	0.93925				2
2025.02.05	01:44:05.418		0.93939			4
2025.02.05	01:44:09.093	0.93926				2
2025.02.05	01:44:18.754	0.93928	0.93941			6
2025.02.05	01:44:21.780	0.93929				2
2025.02.05	01:44:24.075		0.93942			4
2025.02.05	01:44:24.510	0.93931	0.93943			6
2025.02.05	01:44:25.309	0.93930	0.93942			6
2025.02.05	01:44:28.052	0.93929	0.93941			6
2025.02.05	01:44:29.065	0.93930				2
2025.02.05	01:44:29.464		0.93942			4
2025.02.05	01:44:30.151		0.93943			4
2025.02.05	01:44:33.730	0.93931	0.93944			6
2025.02.05	01:44:35.985	0.93930	0.93943			6
2025.02.05	01:44:38.826	0.93931				2
2025.02.05	01:44:39.144		0.93944			4
2025.02.05	01:44:55.390	0.93932				2
2025.02.05	01:44:58.723	0.93931				2
2025.02.05	01:45:00.381	0.93931				2
2025.02.05	01:45:03.908		0.93945			4
2025.02.05	01:45:05.500		0.93943			4
2025.02.05	01:45:06.231	0.93930				2
2025.02.05	01:45:06.681		0.93942			4
2025.02.05	01:45:07.071		0.93943			4
2025.02.05	01:45:10.172	0.93929				2
2025.02.05	01:45:14.255		0.93942			4
2025.02.05	01:45:14.811	0.93930	0.93944			6
2025.02.05	01:45:17.603	0.93931				2
2025.02.05	01:45:17.966	0.93930				2
2025.02.05	01:45:18.897	0.93931				2
2025.02.05	01:45:20.673	0.93930				2
2025.02.05	01:45:21.908	0.93931	0.93943			6
2025.02.05	01:45:23.044	0.93930				2
2025.02.05	01:45:24.082	0.93931	0.93944			6
2025.02.05	01:45:26.156	0.93930				2
2025.02.05	01:45:27.191	0.93931				2
2025.02.05	01:45:28.231	0.93930				2
2025.02.05	01:45:31.842	0.93931				2
2025.02.05	01:45:33.105	0.93928	0.93941			6
2025.02.05	01:45:35.087	0.93929				2
2025.02.05	01:45:36.796	0.93924	0.93937			6
2025.02.05	01:45:39.335	0.93923	0.93936			6
2025.02.05	01:45:39.990	0.93922				2
2025.02.05	01:45:41.581	0.93923	0.93937			6
2025.02.05	01:45:42.757	0.93925				2
2025.02.05	01:45:43.062		0.93938			4
2025.02.05	01:45:43.721	0.93923	0.93936			6
2025.02.05	01:45:50.023	0.93924	0.93937			6
2025.02.05	01:45:53.518	0.93923	0.93936			6
2025.02.05	01:45:57.431	0.93924	0.93937			6
2025.02.05	01:46:00.665	0.93923				2
2025.02.05	01:46:01.166		0.93936			4
2025.02.05	01:46:01.909	0.93922	0.93935			6
2025.02.05	01:46:09.889	0.93923	0.93937			6
2025.02.05	01:46:16.817	0.93922	0.93935			6
2025.02.05	01:46:27.034	0.93923				2
2025.02.05	01:46:27.511	0.93922				2
2025.02.05	01:46:27.819		0.93934			4
2025.02.05	01:46:29.711	0.93921				2
2025.02.05	01:46:31.511		0.93933			4
2025.02.05	01:46:36.008		0.93934			4
2025.02.05	01:46:37.991	0.93920				2
2025.02.05	01:46:41.709	0.93921				2
2025.02.05	01:46:45.715	0.93920				2
2025.02.05	01:46:46.102	0.93922				2
2025.02.05	01:46:47.186	0.93924	0.93938			6
2025.02.05	01:46:47.548		0.93937			4
2025.02.05	01:46:48.075	0.93923				2
2025.02.05	01:46:48.386	0.93921	0.93935			6
2025.02.05	01:46:50.660	0.93922				2
2025.02.05	01:46:54.072	0.93921	0.93934			6
2025.02.05	01:46:54.983	0.93922				2
2025.02.05	01:46:55.890	0.93920	0.93933			6
2025.02.05	01:46:56.758	0.93922	0.93936			6
2025.02.05	01:46:58.412	0.93921	0.93935			6
2025.02.05	01:46:58.886	0.93923	0.93936			6
2025.02.05	01:47:00.027	0.93923				2
2025.02.05	01:47:00.680	0.93924				2
2025.02.05	01:47:01.690	0.93923	0.93934			6
2025.02.05	01:47:02.600	0.93924	0.93937			6
2025.02.05	01:47:13.301	0.93926	0.93938			6
2025.02.05	01:47:13.605	0.93924				2
2025.02.05	01:47:13.961	0.93923	0.93937			6
2025.02.05	01:47:16.847	0.93924				2
2025.02.05	01:47:20.684	0.93925				2
2025.02.05	01:47:21.989	0.93924				2
2025.02.05	01:47:25.647	0.93925				2
2025.02.05	01:47:28.318	0.93923				2
2025.02.05	01:47:31.491	0.93924	0.93938			6
2025.02.05	01:47:38.709	0.93923	0.93937			6
2025.02.05	01:47:39.382		0.93936			4
2025.02.05	01:47:39.745	0.93921	0.93935			6
2025.02.05	01:47:46.832		0.93934			4
2025.02.05	01:47:48.906		0.93935			4
2025.02.05	01:47:51.360	0.93920	0.93934			6
2025.02.05	01:47:52.582	0.93922	0.93936			6
2025.02.05	01:48:00.311	0.93922				2
2025.02.05	01:48:03.093	0.93923				2
2025.02.05	01:48:05.395	0.93924				2
2025.02.05	01:48:08.293		0.93937			4
2025.02.05	01:48:14.273	0.93923	0.93935			6
2025.02.05	01:48:14.584	0.93924	0.93936			6
2025.02.05	01:48:15.076	0.93926	0.93937			6
2025.02.05	01:48:16.868	0.93927	0.93939			6
2025.02.05	01:48:18.611	0.93928	0.93940			6
2025.02.05	01:48:18.946	0.93926	0.93939			6
2025.02.05	01:48:19.262		0.93938			4
2025.02.05	01:48:20.112	0.93925				2
2025.02.05	01:48:20.795	0.93927				2
2025.02.05	01:48:29.462	0.93925				2
2025.02.05	01:48:41.092	0.93927	0.93939			6
2025.02.05	01:48:41.477	0.93926				2
2025.02.05	01:48:43.902	0.93925	0.93937			6
2025.02.05	01:48:50.828	0.93924				2
2025.02.05	01:48:57.419		0.93936			4
2025.02.05	01:48:59.804	0.93925	0.93935			6
2025.02.05	01:49:00.481	0.93925				2
2025.02.05	01:49:02.848		0.93937			4
2025.02.05	01:49:04.485	0.93926	0.93938			6
2025.02.05	01:49:06.504	0.93927				2
2025.02.05	01:49:11.589	0.93928	0.93939			6
2025.02.05	01:49:20.639	0.93926				2
2025.02.05	01:49:22.380	0.93927				2
2025.02.05	01:49:23.362	0.93928				2
2025.02.05	01:49:31.136	0.93927				2
2025.02.05	01:49:35.629	0.93928				2
2025.02.05	01:49:47.780	0.93927	0.93938			6
2025.02.05	01:50:00.347	0.93927				2
2025.02.05	01:50:02.109	0.93925				2
2025.02.05	01:50:12.049	0.93924				2
2025.02.05	01:50:25.811	0.93923	0.93937			6
2025.02.05	01:50:26.622	0.93924				2
2025.02.05	01:50:27.585	0.93923				2
2025.02.05	01:50:46.948	0.93925	0.93938			6
2025.02.05	01:50:47.378	0.93923	0.93936			6
2025.02.05	01:50:50.017	0.93913	0.93925			6
2025.02.05	01:50:50.327	0.93912	0.93924			6
2025.02.05	01:50:50.643	0.93913	0.93925			6
2025.02.05	01:50:50.982		0.93926			4
2025.02.05	01:50:52.116		0.93925			4
2025.02.05	01:50:54.573	0.93915	0.93927			6
2025.02.05	01:50:55.387	0.93913	0.93926			6
2025.02.05	01:50:55.841		0.93925			4
2025.02.05	01:50:58.708	0.93914	0.93926			6
2025.02.05	01:50:59.094	0.93913				2
2025.02.05	01:50:59.846		0.93925			4
2025.02.05	01:51:00.361	0.93913				2
2025.02.05	01:51:01.932		0.93926			4
2025.02.05	01:51:02.257	0.93912				2
2025.02.05	01:51:03.010	0.93917	0.93928			6
2025.02.05	01:51:04.387	0.93915				2
2025.02.05	01:51:04.935	0.93914	0.93927			6
2025.02.05	01:51:08.903	0.93915	0.93928			6
2025.02.05	01:51:09.303	0.93916				2
2025.02.05	01:51:09.926	0.93915				2
2025.02.05	01:51:11.399	0.93913	0.93927			6
2025.02.05	01:51:16.014		0.93926			4
2025.02.05	01:51:18.065	0.93914	0.93925			6
2025.02.05	01:51:18.655	0.93913				2
2025.02.05	01:51:21.456	0.93915				2
2025.02.05	01:51:23.877		0.93927			4
2025.02.05	01:51:32.352	0.93914	0.93926			6
2025.02.05	01:51:36.351		0.93927			4
2025.02.05	01:51:47.760		0.93926			4
2025.02.05	01:51:49.210		0.93927			4
2025.02.05	01:51:49.900		0.93926			4
2025.02.05	01:51:51.293	0.93913				2
2025.02.05	01:51:51.737		0.93927			4
2025.02.05	01:51:56.649	0.93915				2
2025.02.05	01:51:57.740	0.93917	0.93928			6
2025.02.05	01:52:00.468	0.93916				2
2025.02.05	01:52:01.115	0.93915				2
2025.02.05	01:52:01.513		0.93927			4
2025.02.05	01:52:07.977		0.93928			4
2025.02.05	01:52:10.118		0.93927			4
2025.02.05	01:52:14.672	0.93916	0.93928			6
2025.02.05	01:52:15.209	0.93915	0.93927			6
2025.02.05	01:52:16.444	0.93914				2
2025.02.05	01:52:20.361		0.93928			4
2025.02.05	01:52:33.359	0.93915				2
2025.02.05	01:52:34.677	0.93914				2
2025.02.05	01:52:40.405		0.93927			4
2025.02.05	01:52:43.461		0.93928			4
2025.02.05	01:52:45.074	0.93915				2
2025.02.05	01:52:46.246	0.93916				2
2025.02.05	01:52:46.792	0.93915				2
2025.02.05	01:52:47.226	0.93914				2
2025.02.05	01:52:53.972	0.93915	0.93927			6
2025.02.05	01:52:54.871	0.93914				2
2025.02.05	01:52:55.581	0.93913				2
2025.02.05	01:52:56.776	0.93914				2
2025.02.05	01:52:57.912	0.93913				2
2025.02.05	01:53:00.236	0.93913				2
2025.02.05	01:53:10.309	0.93914				2
2025.02.05	01:53:11.086	0.93915				2
2025.02.05	01:53:13.087	0.93916				2
2025.02.05	01:53:13.683		0.93928			4
2025.02.05	01:53:18.614	0.93914	0.93927			6
2025.02.05	01:53:18.931	0.93913				2
2025.02.05	01:53:21.482	0.93914				2
2025.02.05	01:53:24.117	0.93915				2
2025.02.05	01:53:28.714	0.93914				2
2025.02.05	01:53:30.809	0.93915				2
2025.02.05	01:53:31.825	0.93914				2
2025.02.05	01:53:33.900	0.93913				2
2025.02.05	01:53:40.456	0.93914				2
2025.02.05	01:53:44.190	0.93915				2
2025.02.05	01:53:46.002	0.93912	0.93925			6
2025.02.05	01:53:50.638	0.93913				2
2025.02.05	01:53:51.814	0.93912				2
2025.02.05	01:53:52.373		0.93924			4
2025.02.05	01:53:52.750		0.93925			4
2025.02.05	01:53:54.372		0.93924			4
2025.02.05	01:53:56.078		0.93926			4
2025.02.05	01:53:59.122		0.93925			4
2025.02.05	01:54:00.263	0.93912	0.93924			6
2025.02.05	01:54:01.142	0.93913	0.93925			6
2025.02.05	01:54:15.088		0.93926			4
2025.02.05	01:54:23.181		0.93925			4
2025.02.05	01:54:33.305	0.93912				2
2025.02.05	01:54:43.457		0.93924			4
2025.02.05	01:54:51.705	0.93913	0.93925			6
2025.02.05	01:54:52.892		0.93924			4
2025.02.05	01:54:53.192		0.93925			4
2025.02.05	01:54:54.980		0.93924			4
2025.02.05	01:54:56.999		0.93925			4
2025.02.05	01:54:58.949		0.93924			4
2025.02.05	01:55:01.030	0.93913				2
2025.02.05	01:55:01.509		0.93925			4
2025.02.05	01:55:01.926		0.93926			4
2025.02.05	01:55:06.126	0.93915				2
2025.02.05	01:55:07.111	0.93914	0.93927			6
2025.02.05	01:55:09.194	0.93915				2
2025.02.05	01:55:10.049	0.93914				2
2025.02.05	01:55:11.325	0.93912	0.93924			6
2025.02.05	01:55:16.081	0.93913	0.93925			6
2025.02.05	01:55:17.051	0.93912				2
2025.02.05	01:55:19.307		0.93926			4
2025.02.05	01:55:20.654		0.93924			4
2025.02.05	01:55:21.681	0.93911	0.93923			6
2025.02.05	01:55:26.681		0.93922			4
2025.02.05	01:55:29.252		0.93923			4
2025.02.05	01:55:29.661	0.93913	0.93924			6
2025.02.05	01:55:33.547	0.93912				2
2025.02.05	01:55:33.908	0.93911	0.93923			6
2025.02.05	01:55:34.271	0.93912	0.93924			6
2025.02.05	01:55:39.911		0.93923			4
2025.02.05	01:55:44.958		0.93924			4
2025.02.05	01:55:51.700	0.93911	0.93923			6
2025.02.05	01:55:52.500		0.93922			4
2025.02.05	01:55:54.906	0.93910				2
2025.02.05	01:55:56.618	0.93911				2
2025.02.05	01:55:59.221		0.93923			4
2025.02.05	01:56:00.968	0.93911				2
2025.02.05	01:56:09.585		0.93922			4
2025.02.05	01:56:09.936	0.93912	0.93924			6
2025.02.05	01:56:11.176	0.93911	0.93923			6
2025.02.05	01:56:11.495	0.93910	0.93922			6
2025.02.05	01:56:50.519	0.93909				2
2025.02.05	01:56:53.081	0.93910				2
2025.02.05	01:56:54.152	0.93909				2
2025.02.05	01:56:54.633	0.93910				2
2025.02.05	01:56:55.673	0.93911	0.93923			6
2025.02.05	01:57:00.360	0.93911				2
2025.02.05	01:57:14.049		0.93924			4
2025.02.05	01:57:17.998	0.93910	0.93923			6
2025.02.05	01:57:20.385		0.93921			4
2025.02.05	01:57:24.334	0.93909				2
2025.02.05	01:57:27.048	0.93908	0.93920			6
2025.02.05	01:57:27.598	0.93907	0.93919			6
2025.02.05	01:57:28.332	0.93908	0.93920			6
2025.02.05	01:57:29.533	0.93909				2
2025.02.05	01:57:30.340	0.93908				2
2025.02.05	01:57:31.773	0.93909				2
2025.02.05	01:57:36.616	0.93908				2
2025.02.05	01:57:39.040	0.93909				2
2025.02.05	01:57:40.172	0.93908				2
2025.02.05	01:57:41.597	0.93909				2
2025.02.05	01:57:42.268	0.93908				2
2025.02.05	01:57:44.161	0.93909				2
2025.02.05	01:57:45.660		0.93919			4
2025.02.05	01:57:46.727		0.93920			4
2025.02.05	01:57:47.041		0.93921			4
2025.02.05	01:57:47.984	0.93910				2
2025.02.05	01:57:50.911	0.93909				2
2025.02.05	01:57:59.486		0.93918			4
2025.02.05	01:58:01.092	0.93909				2
2025.02.05	01:58:01.833	0.93907				2
2025.02.05	01:58:02.447	0.93906				2
2025.02.05	01:58:10.792	0.93907	0.93919			6
2025.02.05	01:58:12.100	0.93909				2
2025.02.05	01:58:14.498	0.93908				2
2025.02.05	01:58:16.230	0.93909	0.93921			6
2025.02.05	01:58:18.885		0.93920			4
2025.02.05	01:58:19.512	0.93908				2
2025.02.05	01:58:20.244		0.93919			4
2025.02.05	01:58:20.709	0.93910	0.93920			6
2025.02.05	01:58:21.022		0.93921			4
2025.02.05	01:58:25.026	0.93909				2
2025.02.05	01:58:26.556	0.93908				2
2025.02.05	01:58:27.097	0.93909				2
2025.02.05	01:58:28.520		0.93920			4
2025.02.05	01:58:28.822		0.93922			4
2025.02.05	01:58:30.360		0.93921			4
2025.02.05	01:58:30.832	0.93910	0.93922			6
2025.02.05	01:58:36.375	0.93909				2
2025.02.05	01:58:36.683	0.93910				2
2025.02.05	01:58:37.979	0.93909				2
2025.02.05	01:58:48.214	0.93908				2
2025.02.05	01:58:49.958		0.93920			4
2025.02.05	01:58:50.263	0.93909				2
2025.02.05	01:58:54.532		0.93922			4
2025.02.05	01:58:59.628		0.93921			4
2025.02.05	01:59:00.061	0.93909				2
2025.02.05	01:59:00.548	0.93907				2
2025.02.05	01:59:01.219		0.93922			4
2025.02.05	01:59:01.940		0.93921			4
2025.02.05	01:59:05.020	0.93908				2
2025.02.05	01:59:13.697	0.93907	0.93920			6
2025.02.05	01:59:14.010	0.93906				2
2025.02.05	01:59:15.471	0.93907				2
2025.02.05	01:59:17.772	0.93908	0.93922			6
2025.02.05	01:59:26.187	0.93906	0.93921			6
2025.02.05	01:59:29.972	0.93907	0.93919			6
2025.02.05	01:59:30.277	0.93908	0.93921			6
2025.02.05	01:59:37.260	0.93906	0.93918			6
2025.02.05	01:59:40.823	0.93907				2
2025.02.05	01:59:46.390	0.93906				2
2025.02.05	01:59:48.255	0.93905	0.93919			6
2025.02.05	01:59:50.389	0.93906	0.93918			6
2025.02.05	01:59:52.528	0.93905	0.93919			6
2025.02.05	01:59:55.672	0.93906				2
2025.02.05	01:59:59.783	0.93908	0.93920			6
2025.02.05	02:00:00.133	0.93908	0.93921			6
2025.02.05	02:00:00.444	0.93909	0.93919			6
2025.02.05	02:00:00.748	0.93908	0.93916			6
2025.02.05	02:00:01.121		0.93918			4
2025.02.05	02:00:01.789		0.93917			4
2025.02.05	02:00:03.435	0.93907				2
2025.02.05	02:00:04.949	0.93908	0.93918			6
2025.02.05	02:00:05.340	0.93909				2
2025.02.05	02:00:05.648		0.93919			4
2025.02.05	02:00:05.958		0.93920			4
2025.02.05	02:00:06.335		0.93919			4
2025.02.05	02:00:06.679		0.93920			4
2025.02.05	02:00:07.413		0.93919			4
2025.02.05	02:00:08.123	0.93910				2
2025.02.05	02:00:10.183		0.93920			4
2025.02.05	02:00:10.557	0.93909	0.93922			6
2025.02.05	02:00:10.911	0.93910				2
2025.02.05	02:00:11.572		0.93923			4
2025.02.05	02:00:11.916	0.93909				2
2025.02.05	02:00:12.993	0.93910	0.93922			6
2025.02.05	02:00:14.496	0.93909				2
2025.02.05	02:00:18.758	0.93910				2
2025.02.05	02:00:23.856	0.93909				2
2025.02.05	02:00:24.276	0.93910	0.93924			6
2025.02.05	02:00:24.580		0.93925			4
2025.02.05	02:00:28.522		0.93924			4
2025.02.05	02:00:29.111		0.93925			4
2025.02.05	02:00:29.495		0.93924			4
2025.02.05	02:00:31.063		0.93925			4
2025.02.05	02:00:32.121	0.93913	0.93926			6
2025.02.05	02:00:32.736		0.93927			4
2025.02.05	02:00:33.726		0.93926			4
2025.02.05	02:00:34.445	0.93912	0.93927			6
2025.02.05	02:00:34.762	0.93913				2
2025.02.05	02:00:37.743	0.93914				2
2025.02.05	02:00:38.352	0.93913				2
2025.02.05	02:00:38.789	0.93912				2
2025.02.05	02:00:39.373	0.93911	0.93926			6
2025.02.05	02:00:39.990	0.93914				2
2025.02.05	02:00:40.363	0.93915				2
2025.02.05	02:00:40.773	0.93914	0.93925			6
2025.02.05	02:00:43.273	0.93911				2
2025.02.05	02:00:43.668		0.93924			4
2025.02.05	02:00:44.038		0.93925			4
2025.02.05	02:00:45.211	0.93912				2
2025.02.05	02:00:45.983	0.93909	0.93922			6
2025.02.05	02:00:50.866		0.93921			4
2025.02.05	02:00:52.279	0.93910				2
2025.02.05	02:00:52.617	0.93908				2
2025.02.05	02:00:56.390		0.93920			4
2025.02.05	02:00:57.034	0.93909				2
2025.02.05	02:01:00.051	0.93909				2
2025.02.05	02:01:00.383	0.93910				2
2025.02.05	02:01:00.826	0.93908				2
2025.02.05	02:01:02.229	0.93909				2
2025.02.05	02:01:03.172	0.93908				2
2025.02.05	02:01:03.482	0.93909	0.93922			6
2025.02.05	02:01:04.115	0.93910	0.93921			6
2025.02.05	02:01:04.871	0.93909	0.93923			6
2025.02.05	02:01:05.387	0.93910				2
2025.02.05	02:01:08.220		0.93924			4
2025.02.05	02:01:09.057	0.93911				2
2025.02.05	02:01:11.061	0.93910	0.93923			6
2025.02.05	02:01:11.747		0.93925			4
2025.02.05	02:01:12.317	0.93911				2
2025.02.05	02:01:12.621	0.93910				2
2025.02.05	02:01:14.616	0.93912				2
2025.02.05	02:01:14.938	0.93913				2
2025.02.05	02:01:16.479	0.93914	0.93924			6
2025.02.05	02:01:17.073	0.93913				2
2025.02.05	02:01:17.467	0.93914				2
2025.02.05	02:01:18.995		0.93926			4
2025.02.05	02:01:19.846	0.93911	0.93923			6
2025.02.05	02:01:20.679	0.93912	0.93922			6
2025.02.05	02:01:20.985	0.93909	0.93924			6
2025.02.05	02:01:21.344	0.93911				2
2025.02.05	02:01:22.303	0.93912	0.93925			6
2025.02.05	02:01:22.628	0.93911	0.93923			6
2025.02.05	02:01:23.631	0.93912				2
2025.02.05	02:01:25.046		0.93925			4
2025.02.05	02:01:29.005	0.93911	0.93924			6
2025.02.05	02:01:29.307	0.93910	0.93923			6
2025.02.05	02:01:29.741	0.93912	0.93924			6
2025.02.05	02:01:30.351		0.93923			4
2025.02.05	02:01:30.700	0.93911				2
2025.02.05	02:01:31.664		0.93924			4
2025.02.05	02:01:32.050		0.93922			4
2025.02.05	02:01:32.655		0.93923			4
2025.02.05	02:01:33.107		0.93922			4
2025.02.05	02:01:33.670		0.93923			4
2025.02.05	02:01:35.194		0.93922			4
2025.02.05	02:01:35.820	0.93912	0.93921			6
2025.02.05	02:01:36.989		0.93922			4
2025.02.05	02:01:40.735		0.93923			4
2025.02.05	02:01:41.916	0.93913	0.93922			6
2025.02.05	02:01:42.308	0.93912	0.93924			6
2025.02.05	02:01:42.636		0.93923			4
2025.02.05	02:01:43.103		0.93921			4
2025.02.05	02:01:44.032		0.93922			4
2025.02.05	02:01:46.103		0.93921			4
2025.02.05	02:01:46.412	0.93909	0.93918			6
2025.02.05	02:01:46.741		0.93916			4
2025.02.05	02:01:47.120	0.93910	0.93918			6
2025.02.05	02:01:48.349		0.93919			4
2025.02.05	02:01:49.594		0.93921			4
2025.02.05	02:01:53.552		0.93920			4
2025.02.05	02:01:55.528		0.93921			4
2025.02.05	02:01:56.005		0.93922			4
2025.02.05	02:02:00.361	0.93910	0.93921			6
2025.02.05	02:02:02.446		0.93922			4
2025.02.05	02:02:07.158		0.93921			4
2025.02.05	02:02:07.574		0.93919			4
2025.02.05	02:02:07.934		0.93920			4
2025.02.05	02:02:08.242		0.93919			4
2025.02.05	02:02:08.564		0.93920			4
2025.02.05	02:02:09.218		0.93919			4
2025.02.05	02:02:09.552		0.93920			4
2025.02.05	02:02:11.428		0.93922			4
2025.02.05	02:02:12.427		0.93921			4
2025.02.05	02:02:16.751		0.93922			4
2025.02.05	02:02:18.433	0.93909				2
2025.02.05	02:02:22.582		0.93923			4
2025.02.05	02:02:23.214		0.93922			4
2025.02.05	02:02:25.353		0.93923			4
2025.02.05	02:02:25.776	0.93910				2
2025.02.05	02:02:26.577		0.93922			4
2025.02.05	02:02:26.979		0.93923			4
2025.02.05	02:02:28.496		0.93922			4
2025.02.05	02:02:29.999	0.93911				2
2025.02.05	02:02:30.671		0.93923			4
2025.02.05	02:02:31.480		0.93922			4
2025.02.05	02:02:31.873		0.93923			4
2025.02.05	02:02:32.181		0.93924			4
2025.02.05	02:02:32.486	0.93910	0.93923			6
2025.02.05	02:02:34.734		0.93922			4
2025.02.05	02:02:36.458	0.93913	0.93924			6
2025.02.05	02:02:36.772	0.93914	0.93925			6
2025.02.05	02:02:38.354		0.93926			4
2025.02.05	02:02:43.087	0.93911	0.93923			6
2025.02.05	02:02:46.450		0.93922			4
2025.02.05	02:02:46.788		0.93923			4
2025.02.05	02:02:47.315		0.93924			4
2025.02.05	02:02:47.949		0.93923			4
2025.02.05	02:02:48.309	0.93910	0.93922			6
2025.02.05	02:02:48.953		0.93921			4
2025.02.05	02:02:51.541		0.93922			4
2025.02.05	02:02:52.826		0.93921			4
2025.02.05	02:02:55.213		0.93923			4
2025.02.05	02:02:56.344		0.93922			4
2025.02.05	02:02:57.571		0.93921			4
2025.02.05	02:02:58.379		0.93920			4
2025.02.05	02:03:00.186	0.93910	0.93921			6
2025.02.05	02:03:01.262		0.93920			4
2025.02.05	02:03:09.229		0.93921			4
2025.02.05	02:03:09.705		0.93920			4
2025.02.05	02:03:10.066		0.93921			4
2025.02.05	02:03:10.861		0.93920			4
2025.02.05	02:03:11.916		0.93921			4
2025.02.05	02:03:17.277		0.93919			4
2025.02.05	02:03:18.028	0.93909				2
2025.02.05	02:03:19.065		0.93920			4
2025.02.05	02:03:21.841		0.93918			4
2025.02.05	02:03:22.885	0.93908				2
2025.02.05	02:03:23.369		0.93919			4
2025.02.05	02:03:25.523		0.93918			4
2025.02.05	02:03:25.840	0.93907				2
2025.02.05	02:03:28.492		0.93917			4
2025.02.05	02:03:29.589	0.93908	0.93918			6
2025.02.05	02:03:33.616	0.93909	0.93919			6
2025.02.05	02:03:37.341		0.93918			4
2025.02.05	02:03:38.355		0.93917			4
2025.02.05	02:03:39.141		0.93919			4
2025.02.05	02:03:44.275	0.93910	0.93918			6
2025.02.05	02:03:44.604		0.93919			4
2025.02.05	02:03:49.919		0.93918			4
2025.02.05	02:03:53.108	0.93909				2
2025.02.05	02:03:53.410	0.93910				2
2025.02.05	02:03:54.415	0.93908				2
2025.02.05	02:03:57.597	0.93909	0.93917			6
2025.02.05	02:03:58.107		0.93919			4
2025.02.05	02:03:58.962	0.93908	0.93916			6
2025.02.05	02:03:59.333		0.93917			4
2025.02.05	02:04:00.239	0.93909	0.93918			6
2025.02.05	02:04:01.251		0.93917			4
2025.02.05	02:04:01.563		0.93919			4
2025.02.05	02:04:02.651	0.93907	0.93915			6
2025.02.05	02:04:12.631	0.93906				2
2025.02.05	02:04:13.254	0.93907	0.93914			6
2025.02.05	02:04:13.563		0.93915			4
2025.02.05	02:04:17.151	0.93906				2
2025.02.05	02:04:17.555	0.93907				2
2025.02.05	02:04:18.033	0.93906				2
2025.02.05	02:04:19.078	0.93907				2
2025.02.05	02:04:19.401	0.93905	0.93914			6
2025.02.05	02:04:24.351		0.93915			4
2025.02.05	02:04:25.051	0.93908	0.93914			6
2025.02.05	02:04:25.372	0.93909				2
2025.02.05	02:04:27.185	0.93906	0.93916			6
2025.02.05	02:04:28.495		0.93915			4
2025.02.05	02:04:28.964	0.93907	0.93917			6
2025.02.05	02:04:29.358	0.93908	0.93916			6
2025.02.05	02:04:30.428	0.93907	0.93915			6
2025.02.05	02:04:32.771		0.93916			4
2025.02.05	02:04:33.081	0.93906				2
2025.02.05	02:04:33.498	0.93907	0.93915			6
2025.02.05	02:04:33.840	0.93906				2
2025.02.05	02:04:34.531	0.93907				2
2025.02.05	02:04:35.425	0.93906	0.93914			6
2025.02.05	02:04:36.076	0.93907	0.93915			6
2025.02.05	02:04:46.011		0.93916			4
2025.02.05	02:04:46.919		0.93915			4
2025.02.05	02:04:47.284	0.93906				2
2025.02.05	02:04:49.780		0.93914			4
2025.02.05	02:04:50.920	0.93907				2
2025.02.05	02:04:51.493		0.93915			4
2025.02.05	02:04:51.862	0.93906				2
2025.02.05	02:04:52.167	0.93907	0.93917			6
2025.02.05	02:04:54.239		0.93916			4
2025.02.05	02:04:59.409	0.93908				2
2025.02.05	02:05:00.176	0.93908				2
2025.02.05	02:05:01.067	0.93907				2
2025.02.05	02:05:01.948		0.93915			4
2025.02.05	02:05:03.604	0.93908	0.93917			6
2025.02.05	02:05:04.638	0.93909	0.93919			6
2025.02.05	02:05:05.808	0.93910	0.93920			6
2025.02.05	02:05:06.152	0.93909				2
2025.02.05	02:05:06.787	0.93910				2
2025.02.05	02:05:08.155		0.93919			4
2025.02.05	02:05:08.465	0.93909	0.93918			6
2025.02.05	02:05:10.612		0.93919			4
2025.02.05	02:05:11.920		0.93918			4
2025.02.05	02:05:12.910	0.93908	0.93917			6
2025.02.05	02:05:13.446		0.93918			4
2025.02.05	02:05:14.324	0.93909	0.93917			6
2025.02.05	02:05:15.409		0.93918			4
2025.02.05	02:05:23.815		0.93919			4
2025.02.05	02:05:25.182		0.93918			4
2025.02.05	02:05:26.007		0.93919			4
2025.02.05	02:05:26.489		0.93917			4
2025.02.05	02:05:26.887		0.93918			4
2025.02.05	02:05:27.878		0.93919			4
2025.02.05	02:05:31.193	0.93910	0.93918			6
2025.02.05	02:05:34.472	0.93909				2
2025.02.05	02:05:35.614		0.93919			4
2025.02.05	02:05:36.032		0.93918			4
2025.02.05	02:05:36.660		0.93919			4
2025.02.05	02:05:37.077		0.93918			4
2025.02.05	02:05:37.598		0.93919			4
2025.02.05	02:05:38.123		0.93918			4
2025.02.05	02:05:38.962	0.93910				2
2025.02.05	02:05:39.272		0.93920			4
2025.02.05	02:05:39.620		0.93919			4
2025.02.05	02:05:40.364		0.93918			4
2025.02.05	02:05:41.414	0.93909				2
2025.02.05	02:05:43.116		0.93919			4
2025.02.05	02:05:44.748		0.93918			4
2025.02.05	02:05:45.136	0.93910	0.93920			6
2025.02.05	02:05:45.919		0.93921			4
2025.02.05	02:05:47.384	0.93911				2
2025.02.05	02:05:48.314	0.93910				2
2025.02.05	02:05:55.663		0.93920			4
2025.02.05	02:05:56.043		0.93921			4
2025.02.05	02:06:00.566	0.93910				2
2025.02.05	02:06:02.224	0.93908	0.93917			6
2025.02.05	02:06:03.315	0.93909				2
2025.02.05	02:06:03.660		0.93918			4
2025.02.05	02:06:04.056		0.93917			4
2025.02.05	02:06:04.357		0.93919			4
2025.02.05	02:06:10.186		0.93917			4
2025.02.05	02:06:10.681		0.93918			4
2025.02.05	02:06:12.248		0.93919			4
2025.02.05	02:06:17.325		0.93918			4
2025.02.05	02:06:17.647	0.93910				2
2025.02.05	02:06:23.868	0.93908	0.93917			6
2025.02.05	02:06:24.173		0.93918			4
2025.02.05	02:06:24.999		0.93917			4
2025.02.05	02:06:25.313		0.93918			4
2025.02.05	02:06:25.978	0.93907	0.93917			6
2025.02.05	02:06:26.980		0.93918			4
2025.02.05	02:06:30.553		0.93917			4
2025.02.05	02:06:31.600		0.93918			4
2025.02.05	02:06:38.354		0.93917			4
2025.02.05	02:06:39.912		0.93915			4
2025.02.05	02:06:40.827		0.93916			4
2025.02.05	02:06:41.130		0.93917			4
2025.02.05	02:06:42.376		0.93916			4
2025.02.05	02:06:44.783	0.93908	0.93918			6
2025.02.05	02:06:45.880		0.93916			4
2025.02.05	02:06:49.009		0.93917			4
2025.02.05	02:06:50.057		0.93916			4
2025.02.05	02:06:52.142		0.93915			4
2025.02.05	02:06:53.243		0.93916			4
2025.02.05	02:06:53.934		0.93915			4
2025.02.05	02:06:55.099	0.93907	0.93914			6
2025.02.05	02:06:57.192		0.93915			4
2025.02.05	02:06:57.503	0.93908	0.93917			6
2025.02.05	02:06:58.422		0.93916			4
2025.02.05	02:07:00.288	0.93908				2
2025.02.05	02:07:02.374		0.93915			4
2025.02.05	02:07:02.708		0.93917			4
2025.02.05	02:07:03.012		0.93916			4
2025.02.05	02:07:04.365	0.93909	0.93917			6
2025.02.05	02:07:05.333	0.93908				2
2025.02.05	02:07:06.570		0.93918			4
2025.02.05	02:07:09.003	0.93909	0.93920			6
2025.02.05	02:07:09.563		0.93919			4
2025.02.05	02:07:10.672	0.93910	0.93920			6
2025.02.05	02:07:13.492	0.93909	0.93918			6
2025.02.05	02:07:14.268		0.93919			4
2025.02.05	02:07:14.587	0.93910				2
2025.02.05	02:07:15.394		0.93918			4
2025.02.05	02:07:15.725	0.93909	0.93917			6
2025.02.05	02:07:16.056		0.93918			4
2025.02.05	02:07:19.129		0.93919			4
2025.02.05	02:07:24.418	0.93910	0.93921			6
2025.02.05	02:07:31.235		0.93918			4
2025.02.05	02:07:31.838	0.93909				2
2025.02.05	02:07:33.771		0.93919			4
2025.02.05	02:07:34.395		0.93918			4
2025.02.05	02:07:38.972	0.93910	0.93919			6
2025.02.05	02:07:39.289		0.93918			4
2025.02.05	02:07:40.432		0.93919			4
2025.02.05	02:07:40.745		0.93920			4
2025.02.05	02:07:41.117		0.93919			4
2025.02.05	02:07:41.933		0.93921			4
2025.02.05	02:07:42.634		0.93920			4
2025.02.05	02:07:42.973		0.93918			4
2025.02.05	02:07:43.283		0.93920			4
2025.02.05	02:07:44.695		0.93919			4
2025.02.05	02:07:46.131		0.93920			4
2025.02.05	02:07:47.700		0.93921			4
2025.02.05	02:07:48.101	0.93909	0.93920			6
2025.02.05	02:07:48.573		0.93921			4
2025.02.05	02:07:49.002		0.93919			4
2025.02.05	02:07:52.284		0.93920			4
2025.02.05	02:07:52.604	0.93910				2
2025.02.05	02:07:53.266		0.93919			4
2025.02.05	02:07:54.118	0.93909				2
2025.02.05	02:07:58.867		0.93920			4
2025.02.05	02:07:59.371	0.93910	0.93919			6
2025.02.05	02:08:00.224	0.93909				2
2025.02.05	02:08:00.670	0.93908	0.93917			6
2025.02.05	02:08:00.986		0.93918			4
2025.02.05	02:08:02.357		0.93919			4
2025.02.05	02:08:04.640	0.93909				2
2025.02.05	02:08:06.377	0.93908				2
2025.02.05	02:08:06.927	0.93909				2
2025.02.05	02:08:14.988		0.93918			4
2025.02.05	02:08:15.753	0.93910	0.93919			6
2025.02.05	02:08:16.588		0.93920			4
2025.02.05	02:08:18.028	0.93908	0.93918			6
2025.02.05	02:08:18.376		0.93917			4
2025.02.05	02:08:18.800		0.93916			4
2025.02.05	02:08:19.638		0.93917			4
2025.02.05	02:08:20.480		0.93916			4
2025.02.05	02:08:21.811	0.93909	0.93917			6
2025.02.05	02:08:22.443	0.93908	0.93916			6
2025.02.05	02:08:22.804		0.93917			4
2025.02.05	02:08:24.172	0.93909				2
2025.02.05	02:08:24.473	0.93908				2
2025.02.05	02:08:24.848	0.93907				2
2025.02.05	02:08:26.357		0.93918			4
2025.02.05	02:08:27.274		0.93916			4
2025.02.05	02:08:28.316		0.93913			4
2025.02.05	02:08:32.808	0.93908	0.93915			6
2025.02.05	02:08:33.114		0.93917			4
2025.02.05	02:08:34.134		0.93916			4
2025.02.05	02:08:37.117		0.93917			4
2025.02.05	02:08:41.920		0.93918			4
2025.02.05	02:08:42.262		0.93917			4
2025.02.05	02:08:43.563		0.93918			4
2025.02.05	02:08:45.705		0.93917			4
2025.02.05	02:08:48.124	0.93910	0.93918			6
2025.02.05	02:08:49.037	0.93911	0.93919			6
2025.02.05	02:08:49.828		0.93918			4
2025.02.05	02:08:50.265		0.93919			4
2025.02.05	02:08:50.979	0.93908	0.93917			6
2025.02.05	02:08:51.316		0.93916			4
2025.02.05	02:08:52.111	0.93909	0.93917			6
2025.02.05	02:08:53.930	0.93908	0.93916			6
2025.02.05	02:08:54.315	0.93909	0.93918			6
2025.02.05	02:08:55.615		0.93920			4
2025.02.05	02:08:56.230		0.93919			4
2025.02.05	02:08:57.046		0.93918			4
2025.02.05	02:08:59.841	0.93910	0.93921			6
2025.02.05	02:09:00.225	0.93909	0.93919			6
2025.02.05	02:09:00.998	0.93910				2
2025.02.05	02:09:01.706	0.93911				2
2025.02.05	02:09:02.684		0.93920			4
2025.02.05	02:09:03.374		0.93921			4
2025.02.05	02:09:04.119		0.93920			4
2025.02.05	02:09:08.602		0.93921			4
2025.02.05	02:09:09.228		0.93920			4
2025.02.05	02:09:10.243		0.93921			4
2025.02.05	02:09:12.249		0.93920			4
2025.02.05	02:09:15.240		0.93919			4
2025.02.05	02:09:15.718		0.93920			4
2025.02.05	02:09:17.624		0.93921			4
2025.02.05	02:09:24.103		0.93922			4
2025.02.05	02:09:24.416		0.93921			4
2025.02.05	02:09:26.092	0.93910	0.93920			6
2025.02.05	02:09:27.756	0.93911				2
2025.02.05	02:09:29.660	0.93913	0.93923			6
2025.02.05	02:09:34.026	0.93912				2
2025.02.05	02:09:37.627	0.93911	0.93921			6
2025.02.05	02:09:38.360		0.93922			4
2025.02.05	02:09:38.696		0.93921			4
2025.02.05	02:09:39.241	0.93912	0.93922			6
2025.02.05	02:09:39.557		0.93921			4
2025.02.05	02:09:41.456		0.93922			4
2025.02.05	02:09:41.762	0.93911				2
2025.02.05	02:09:42.216		0.93921			4
2025.02.05	02:09:46.875		0.93920			4
2025.02.05	02:09:48.502	0.93912				2
2025.02.05	02:09:49.864		0.93921			4
2025.02.05	02:09:53.558	0.93911				2
2025.02.05	02:09:53.989		0.93920			4
2025.02.05	02:10:00.380	0.93911				2
2025.02.05	02:10:01.605		0.93919			4
2025.02.05	02:10:08.345		0.93920			4
2025.02.05	02:10:09.663		0.93921			4
2025.02.05	02:10:10.361		0.93919			4
2025.02.05	02:10:11.706		0.93920			4
2025.02.05	02:10:12.369		0.93919			4
2025.02.05	02:10:12.673		0.93920			4
2025.02.05	02:10:13.187		0.93919			4
2025.02.05	02:10:14.265		0.93920			4
2025.02.05	02:10:15.434		0.93921			4
2025.02.05	02:10:16.566		0.93920			4
2025.02.05	02:10:19.023		0.93921			4
2025.02.05	02:10:20.507		0.93920			4
2025.02.05	02:10:20.864		0.93921			4
2025.02.05	02:10:21.911		0.93922			4
2025.02.05	02:10:23.250		0.93921			4
2025.02.05	02:10:25.604	0.93912	0.93922			6
2025.02.05	02:10:26.365		0.93921			4
2025.02.05	02:10:26.677		0.93922			4
2025.02.05	02:10:28.732		0.93921			4
2025.02.05	02:10:29.321		0.93922			4
2025.02.05	02:10:29.624	0.93913				2
2025.02.05	02:10:30.222	0.93914	0.93921			6
2025.02.05	02:10:30.665	0.93913				2
2025.02.05	02:10:31.669	0.93912	0.93920			6
2025.02.05	02:10:36.104	0.93914	0.93922			6
2025.02.05	02:10:38.908	0.93911				2
2025.02.05	02:10:40.424		0.93921			4
2025.02.05	02:10:40.890		0.93922			4
2025.02.05	02:10:41.847		0.93920			4
2025.02.05	02:10:42.709		0.93921			4
2025.02.05	02:10:43.046		0.93920			4
2025.02.05	02:10:44.333		0.93921			4
2025.02.05	02:10:46.481	0.93914	0.93919			6
2025.02.05	02:10:46.786		0.93924			4
2025.02.05	02:10:47.405		0.93926			4
2025.02.05	02:10:47.707		0.93924			4
2025.02.05	02:10:48.360		0.93926			4
2025.02.05	02:10:53.444	0.93913	0.93925			6
2025.02.05	02:11:00.528	0.93913				2
2025.02.05	02:11:00.978	0.93914				2
2025.02.05	02:11:04.908		0.93926			4
2025.02.05	02:11:10.119	0.93916	0.93927			6
2025.02.05	02:11:14.512	0.93915	0.93926			6
2025.02.05	02:11:15.953	0.93917	0.93929			6
2025.02.05	02:11:19.332	0.93918				2
2025.02.05	02:11:21.846	0.93915	0.93926			6
2025.02.05	02:11:22.278		0.93927			4
2025.02.05	02:11:23.529		0.93926			4
2025.02.05	02:11:27.314		0.93925			4
2025.02.05	02:11:27.681	0.93914				2
2025.02.05	02:11:35.560	0.93915	0.93926			6
2025.02.05	02:11:39.441	0.93914				2
2025.02.05	02:11:44.399	0.93916	0.93927			6
2025.02.05	02:11:46.411		0.93926			4
2025.02.05	02:11:48.801		0.93927			4
2025.02.05	02:11:49.594		0.93926			4
2025.02.05	02:11:49.901	0.93915	0.93925			6
2025.02.05	02:11:51.654	0.93916	0.93926			6
2025.02.05	02:11:53.374	0.93915				2
2025.02.05	02:11:53.735	0.93916	0.93927			6
2025.02.05	02:11:54.265		0.93926			4
2025.02.05	02:11:58.358		0.93925			4
2025.02.05	02:11:59.252	0.93914				2
2025.02.05	02:12:00.066	0.93914	0.93924			6
2025.02.05	02:12:01.564		0.93925			4
2025.02.05	02:12:02.062		0.93924			4
2025.02.05	02:12:07.854	0.93913				2
2025.02.05	02:12:08.971	0.93914				2
2025.02.05	02:12:16.798		0.93923			4
2025.02.05	02:12:18.433		0.93924			4
2025.02.05	02:12:18.935		0.93923			4
2025.02.05	02:12:19.243	0.93913				2
2025.02.05	02:12:23.406		0.93924			4
2025.02.05	02:12:23.734		0.93923			4
2025.02.05	02:12:24.351		0.93921			4
2025.02.05	02:12:25.051		0.93924			4
2025.02.05	02:12:25.383	0.93914	0.93923			6
2025.02.05	02:12:25.956		0.93924			4
2025.02.05	02:12:26.690	0.93913	0.93923			6
2025.02.05	02:12:28.088		0.93922			4
2025.02.05	02:12:28.856		0.93920			4
2025.02.05	02:12:32.807	0.93911				2
2025.02.05	02:12:33.150		0.93921			4
2025.02.05	02:12:33.777	0.93912	0.93923			6
2025.02.05	02:12:34.174		0.93922			4
2025.02.05	02:12:35.012		0.93923			4
2025.02.05	02:12:37.820	0.93913	0.93924			6
2025.02.05	02:12:40.013		0.93923			4
2025.02.05	02:12:42.969	0.93912				2
2025.02.05	02:12:43.979		0.93922			4
2025.02.05	02:12:44.982		0.93923			4
2025.02.05	02:12:45.377		0.93922			4
2025.02.05	02:12:45.727		0.93923			4
2025.02.05	02:12:46.080		0.93924			4
2025.02.05	02:12:46.383	0.93913	0.93923			6
2025.02.05	02:12:54.554		0.93924			4
2025.02.05	02:12:55.004	0.93915	0.93923			6
2025.02.05	02:12:57.192		0.93925			4
2025.02.05	02:12:57.569		0.93924			4
2025.02.05	02:12:58.113		0.93925			4
2025.02.05	02:12:58.515	0.93913	0.93923			6
2025.02.05	02:12:59.954	0.93911	0.93922			6
2025.02.05	02:13:00.256	0.93911				2
2025.02.05	02:13:01.245		0.93923			4
2025.02.05	02:13:01.974		0.93922			4
2025.02.05	02:13:02.302		0.93923			4
2025.02.05	02:13:03.102	0.93912	0.93922			6
2025.02.05	02:13:04.394		0.93923			4
2025.02.05	02:13:05.130		0.93922			4
2025.02.05	02:13:07.992		0.93920			4
2025.02.05	02:13:09.230		0.93921			4
2025.02.05	02:13:10.453		0.93920			4
2025.02.05	02:13:11.392		0.93921			4
2025.02.05	02:13:12.639		0.93922			4
2025.02.05	02:13:14.368		0.93923			4
2025.02.05	02:13:17.512		0.93924			4
2025.02.05	02:13:18.813		0.93923			4
2025.02.05	02:13:21.994	0.93911				2
2025.02.05	02:13:22.340		0.93921			4
2025.02.05	02:13:22.919		0.93922			4
2025.02.05	02:13:23.991		0.93923			4
2025.02.05	02:13:24.346	0.93912				2
2025.02.05	02:13:26.344		0.93924			4
2025.02.05	02:13:26.952	0.93913				2
2025.02.05	02:13:28.308		0.93925			4
2025.02.05	02:13:30.390		0.93924			4
2025.02.05	02:13:31.763		0.93925			4
2025.02.05	02:13:32.196		0.93923			4
2025.02.05	02:13:32.613		0.93924			4
2025.02.05	02:13:35.819		0.93923			4
2025.02.05	02:13:38.174		0.93924			4
2025.02.05	02:13:41.587		0.93925			4
2025.02.05	02:13:47.532		0.93924			4
2025.02.05	02:13:49.067	0.93914				2
2025.02.05	02:13:51.874	0.93913	0.93922			6
2025.02.05	02:13:52.177		0.93924			4
2025.02.05	02:13:52.949		0.93923			4
2025.02.05	02:13:58.252		0.93922			4
2025.02.05	02:14:00.005	0.93913				2
2025.02.05	02:14:02.286	0.93912				2
2025.02.05	02:14:05.436		0.93921			4
2025.02.05	02:14:06.919		0.93920			4
2025.02.05	02:14:10.390	0.93911	0.93918			6
2025.02.05	02:14:13.977		0.93919			4
2025.02.05	02:14:15.350		0.93920			4
2025.02.05	02:14:22.411	0.93912				2
2025.02.05	02:14:24.293	0.93911				2
2025.02.05	02:14:24.842	0.93910				2
2025.02.05	02:14:25.214	0.93911				2
2025.02.05	02:14:26.294	0.93912	0.93924			6
2025.02.05	02:14:27.327	0.93911	0.93922			6
2025.02.05	02:14:27.829		0.93921			4
2025.02.05	02:14:28.131	0.93912	0.93923			6
2025.02.05	02:14:28.511	0.93911				2
2025.02.05	02:14:31.393	0.93912				2
2025.02.05	02:14:32.718	0.93911				2
2025.02.05	02:14:33.069	0.93913	0.93925			6
2025.02.05	02:14:34.255	0.93914	0.93924			6
2025.02.05	02:14:34.929	0.93913				2
2025.02.05	02:14:35.870		0.93923			4
2025.02.05	02:14:37.826	0.93912	0.93922			6
2025.02.05	02:14:42.879	0.93911	0.93919			6
2025.02.05	02:14:45.207		0.93922			4
2025.02.05	02:14:48.525		0.93921			4
2025.02.05	02:14:50.290		0.93923			4
2025.02.05	02:15:00.909	0.93911				2
2025.02.05	02:15:01.574	0.93913	0.93924			6
2025.02.05	02:15:03.360	0.93914	0.93925			6
2025.02.05	02:15:04.183		0.93926			4
2025.02.05	02:15:04.767		0.93925			4
2025.02.05	02:15:07.376	0.93913	0.93924			6
2025.02.05	02:15:08.257		0.93925			4
2025.02.05	02:15:14.061		0.93922			4
2025.02.05	02:15:14.514		0.93923			4
2025.02.05	02:15:15.763		0.93922			4
2025.02.05	02:15:18.009	0.93912				2
2025.02.05	02:15:20.460		0.93923			4
2025.02.05	02:15:21.163		0.93922			4
2025.02.05	02:15:22.101	0.93911	0.93921			6
2025.02.05	02:15:22.737	0.93912	0.93923			6
2025.02.05	02:15:30.415		0.93922			4
2025.02.05	02:15:30.982		0.93923			4
2025.02.05	02:15:34.263		0.93922			4
2025.02.05	02:15:46.330		0.93923			4
2025.02.05	02:15:53.049	0.93910	0.93921			6
2025.02.05	02:15:53.458	0.93911				2
2025.02.05	02:15:54.930		0.93920			4
2025.02.05	02:15:55.240		0.93922			4
2025.02.05	02:16:01.509	0.93911				2
2025.02.05	02:16:01.814		0.93923			4
2025.02.05	02:16:02.387	0.93912				2
2025.02.05	02:16:04.221	0.93911	0.93922			6
2025.02.05	02:16:06.197	0.93912	0.93921			6
2025.02.05	02:16:08.908		0.93922			4
2025.02.05	02:16:09.413		0.93921			4
2025.02.05	02:16:09.910	0.93911				2
2025.02.05	02:16:11.411		0.93922			4
2025.02.05	02:16:11.760		0.93923			4
2025.02.05	02:16:12.862		0.93921			4
2025.02.05	02:16:13.241		0.93922			4
2025.02.05	02:16:21.416	0.93910	0.93924			6
2025.02.05	02:16:22.200	0.93912	0.93926			6
2025.02.05	02:16:22.803	0.93915				2
2025.02.05	02:16:28.345		0.93925			4
2025.02.05	02:16:28.729		0.93926			4
2025.02.05	02:16:29.157	0.93914				2
2025.02.05	02:16:31.392	0.93915				2
2025.02.05	02:16:33.634	0.93914				2
2025.02.05	02:16:35.656		0.93924			4
2025.02.05	02:16:37.014		0.93925			4
2025.02.05	02:16:38.302	0.93911	0.93924			6
2025.02.05	02:16:38.697	0.93913	0.93925			6
2025.02.05	02:16:40.379	0.93914				2
2025.02.05	02:16:41.288	0.93915				2
2025.02.05	02:16:42.230	0.93914				2
2025.02.05	02:16:43.364	0.93912				2
2025.02.05	02:16:47.697	0.93911	0.93924			6
2025.02.05	02:16:48.252	0.93913	0.93925			6
2025.02.05	02:16:49.661		0.93924			4
2025.02.05	02:16:51.009		0.93925			4
2025.02.05	02:16:52.756	0.93912	0.93924			6
2025.02.05	02:16:54.593		0.93925			4
2025.02.05	02:17:00.262	0.93912				2
2025.02.05	02:17:01.489	0.93911	0.93922			6
2025.02.05	02:17:07.841	0.93912	0.93925			6
2025.02.05	02:17:08.614		0.93924			4
2025.02.05	02:17:09.743	0.93914	0.93926			6
2025.02.05	02:17:11.890		0.93925			4
2025.02.05	02:17:12.305	0.93915				2
2025.02.05	02:17:13.993		0.93926			4
2025.02.05	02:17:15.114		0.93925			4
2025.02.05	02:17:15.442		0.93924			4
2025.02.05	02:17:15.747	0.93914	0.93925			6
2025.02.05	02:17:17.127	0.93915				2
2025.02.05	02:17:18.431		0.93924			4
2025.02.05	02:17:19.448		0.93925			4
2025.02.05	02:17:20.301	0.93916	0.93926			6
2025.02.05	02:17:24.883	0.93915	0.93925			6
2025.02.05	02:17:26.356		0.93924			4
2025.02.05	02:17:27.638	0.93914				2
2025.02.05	02:17:35.773		0.93925			4
2025.02.05	02:17:37.523		0.93926			4
2025.02.05	02:17:39.275		0.93925			4
2025.02.05	02:17:43.117	0.93915				2
2025.02.05	02:17:44.757		0.93926			4
2025.02.05	02:17:58.876	0.93914	0.93925			6
2025.02.05	02:18:00.222	0.93915				2
2025.02.05	02:18:00.607		0.93926			4
2025.02.05	02:18:03.718		0.93925			4
2025.02.05	02:18:05.356		0.93926			4
2025.02.05	02:18:08.085		0.93927			4
2025.02.05	02:18:10.982		0.93926			4
2025.02.05	02:18:11.995		0.93925			4
2025.02.05	02:18:14.066		0.93926			4
2025.02.05	02:18:23.108	0.93914				2
2025.02.05	02:18:28.970	0.93915				2
2025.02.05	02:18:31.022	0.93916	0.93925			6
2025.02.05	02:18:31.474	0.93915	0.93927			6
2025.02.05	02:18:32.190		0.93926			4
2025.02.05	02:18:46.342	0.93914				2
2025.02.05	02:18:56.764	0.93915				2
2025.02.05	02:19:00.521	0.93915				2
2025.02.05	02:19:08.085	0.93916	0.93927			6
2025.02.05	02:19:08.405		0.93926			4
2025.02.05	02:19:11.467	0.93915				2
2025.02.05	02:19:16.828	0.93913	0.93925			6
2025.02.05	02:19:22.353		0.93926			4
2025.02.05	02:19:22.666	0.93914				2
2025.02.05	02:19:24.343	0.93915				2
2025.02.05	02:19:25.767	0.93914				2
2025.02.05	02:19:29.833	0.93913				2
2025.02.05	02:19:36.723		0.93925			4
2025.02.05	02:19:41.691	0.93914	0.93926			6
2025.02.05	02:19:45.354	0.93913				2
2025.02.05	02:19:46.110		0.93925			4
2025.02.05	02:19:49.617		0.93924			4
2025.02.05	02:19:50.636	0.93912	0.93925			6
2025.02.05	02:19:51.158		0.93924			4
2025.02.05	02:19:51.852		0.93923			4
2025.02.05	02:19:52.347	0.93913	0.93925			6
2025.02.05	02:19:56.313		0.93924			4
2025.02.05	02:19:58.344		0.93923			4
2025.02.05	02:20:01.375	0.93914	0.93925			6
2025.02.05	02:20:06.062	0.93913	0.93924			6
2025.02.05	02:20:06.476		0.93923			4
2025.02.05	02:20:07.922	0.93915	0.93924			6
2025.02.05	02:20:08.224	0.93916				2
2025.02.05	02:20:10.444		0.93923			4
2025.02.05	02:20:11.013		0.93925			4
2025.02.05	02:20:11.830	0.93915				2
2025.02.05	02:20:14.307	0.93916	0.93926			6
2025.02.05	02:20:14.676	0.93915				2
2025.02.05	02:20:20.780	0.93914	0.93925			6
2025.02.05	02:20:21.167	0.93915	0.93926			6
2025.02.05	02:20:23.788		0.93925			4
2025.02.05	02:20:24.696		0.93926			4
2025.02.05	02:20:26.503	0.93916				2
2025.02.05	02:20:36.715	0.93915				2
2025.02.05	02:20:37.586	0.93918				2
2025.02.05	02:20:42.907		0.93927			4
2025.02.05	02:20:43.741		0.93926			4
2025.02.05	02:20:49.023	0.93917				2
2025.02.05	02:21:00.679	0.93917				2
2025.02.05	02:21:06.721	0.93916				2
2025.02.05	02:21:13.480	0.93917				2
2025.02.05	02:21:26.325		0.93927			4
2025.02.05	02:21:28.349		0.93926			4
2025.02.05	02:21:29.313		0.93927			4
2025.02.05	02:21:30.452		0.93926			4
2025.02.05	02:21:31.330		0.93927			4
2025.02.05	02:21:32.202		0.93926			4
2025.02.05	02:21:33.754	0.93916				2
2025.02.05	02:21:34.065		0.93925			4
2025.02.05	02:21:34.420	0.93915				2
2025.02.05	02:21:35.993	0.93914				2
2025.02.05	02:21:40.812		0.93926			4
2025.02.05	02:21:42.816		0.93925			4
2025.02.05	02:21:43.780		0.93926			4
2025.02.05	02:22:00.780	0.93914				2
2025.02.05	02:22:02.386	0.93916				2
2025.02.05	02:22:04.960	0.93915				2
2025.02.05	02:22:06.054	0.93916				2
2025.02.05	02:22:14.125	0.93915				2
2025.02.05	02:22:14.718	0.93916				2
2025.02.05	02:22:31.444		0.93925			4
2025.02.05	02:22:37.895	0.93915				2
2025.02.05	02:22:40.133		0.93924			4
2025.02.05	02:22:43.127	0.93914				2
2025.02.05	02:22:47.871		0.93923			4
2025.02.05	02:22:49.913		0.93925			4
2025.02.05	02:22:51.414		0.93923			4
2025.02.05	02:22:51.927		0.93925			4
2025.02.05	02:22:52.668		0.93923			4
2025.02.05	02:22:54.912	0.93915				2
2025.02.05	02:22:58.217	0.93914				2
2025.02.05	02:22:59.941		0.93924			4
2025.02.05	02:23:00.870	0.93914	0.93923			6
2025.02.05	02:23:04.926	0.93913				2
2025.02.05	02:23:06.417	0.93912	0.93922			6
2025.02.05	02:23:06.839	0.93913				2
2025.02.05	02:23:09.886	0.93914	0.93923			6
2025.02.05	02:23:12.039	0.93913	0.93922			6
2025.02.05	02:23:14.101	0.93912	0.93923			6
2025.02.05	02:23:14.415		0.93921			4
2025.02.05	02:23:16.412	0.93913	0.93924			6
2025.02.05	02:23:16.729		0.93922			4
2025.02.05	02:23:18.792		0.93924			4
2025.02.05	02:23:20.961	0.93914	0.93926			6
2025.02.05	02:23:21.309	0.93915				2
2025.02.05	02:23:22.740	0.93914	0.93924			6
2025.02.05	02:23:24.747	0.93913				2
2025.02.05	02:23:25.684		0.93923			4
2025.02.05	02:23:27.861		0.93925			4
2025.02.05	02:23:28.278		0.93924			4
2025.02.05	02:23:34.353		0.93923			4
2025.02.05	02:23:35.807		0.93924			4
2025.02.05	02:23:36.710		0.93923			4
2025.02.05	02:23:37.656		0.93924			4
2025.02.05	02:23:38.263	0.93914				2
2025.02.05	02:23:39.303		0.93923			4
2025.02.05	02:23:39.654		0.93924			4
2025.02.05	02:23:41.375		0.93925			4
2025.02.05	02:23:42.380	0.93915				2
2025.02.05	02:23:42.829	0.93914	0.93926			6
2025.02.05	02:23:43.430		0.93925			4
2025.02.05	02:23:45.481	0.93915				2
2025.02.05	02:23:45.792	0.93914	0.93926			6
2025.02.05	02:23:48.116		0.93925			4
2025.02.05	02:23:48.876	0.93916	0.93926			6
2025.02.05	02:23:51.096	0.93914	0.93925			6
2025.02.05	02:23:52.614		0.93923			4
2025.02.05	02:23:53.899		0.93925			4
2025.02.05	02:23:56.955		0.93924			4
2025.02.05	02:23:57.370		0.93925			4
2025.02.05	02:23:58.183		0.93926			4
2025.02.05	02:24:00.189	0.93914				2
2025.02.05	02:24:05.456		0.93925			4
2025.02.05	02:24:06.132	0.93915				2
2025.02.05	02:24:08.812		0.93924			4
2025.02.05	02:24:12.686		0.93923			4
2025.02.05	02:24:19.655	0.93914				2
2025.02.05	02:24:19.990	0.93916	0.93925			6
2025.02.05	02:24:21.851	0.93915	0.93926			6
2025.02.05	02:24:28.118		0.93924			4
2025.02.05	02:24:30.524	0.93913	0.93923			6
2025.02.05	02:24:30.862		0.93924			4
2025.02.05	02:24:31.175		0.93922			4
2025.02.05	02:24:31.832		0.93923			4
2025.02.05	02:24:32.143	0.93914	0.93922			6
2025.02.05	02:24:32.770	0.93913				2
2025.02.05	02:24:35.694		0.93921			4
2025.02.05	02:24:36.025	0.93912	0.93920			6
2025.02.05	02:24:40.316		0.93921			4
2025.02.05	02:24:49.851		0.93922			4
2025.02.05	02:24:50.201		0.93923			4
2025.02.05	02:24:51.330		0.93922			4
2025.02.05	02:24:54.343		0.93923			4
2025.02.05	02:24:55.105		0.93922			4
2025.02.05	02:24:56.651		0.93923			4
2025.02.05	02:24:57.473		0.93922			4
2025.02.05	02:24:58.691	0.93911	0.93923			6
2025.02.05	02:24:59.018		0.93922			4
2025.02.05	02:25:01.554	0.93911	0.93923			6
2025.02.05	02:25:04.831		0.93922			4
2025.02.05	02:25:05.333	0.93913	0.93924			6
2025.02.05	02:25:05.650		0.93925			4
2025.02.05	02:25:06.060		0.93923			4
2025.02.05	02:25:06.773	0.93915	0.93925			6
2025.02.05	02:25:10.855		0.93926			4
2025.02.05	02:25:12.021		0.93925			4
2025.02.05	02:25:20.668	0.93914	0.93924			6
2025.02.05	02:25:26.118		0.93925			4
2025.02.05	02:25:31.061		0.93924			4
2025.02.05	02:25:34.351		0.93925			4
2025.02.05	02:25:36.425		0.93926			4
2025.02.05	02:25:48.835	0.93913	0.93925			6
2025.02.05	02:25:49.233	0.93914				2
2025.02.05	02:25:50.360		0.93924			4
2025.02.05	02:26:00.010	0.93914				2
2025.02.05	02:26:00.367	0.93913				2
2025.02.05	02:26:08.856		0.93925			4
2025.02.05	02:26:09.189		0.93926			4
2025.02.05	02:26:10.358		0.93925			4
2025.02.05	02:26:12.909	0.93912	0.93923			6
2025.02.05	02:26:13.211		0.93924			4
2025.02.05	02:26:17.265		0.93923			4
2025.02.05	02:26:19.465		0.93922			4
2025.02.05	02:26:20.318		0.93923			4
2025.02.05	02:26:31.327		0.93922			4
2025.02.05	02:26:32.516		0.93923			4
2025.02.05	02:26:34.746		0.93922			4
2025.02.05	02:26:36.157		0.93924			4
2025.02.05	02:26:36.474		0.93922			4
2025.02.05	02:26:38.207	0.93913	0.93923			6
2025.02.05	02:26:39.178	0.93912	0.93924			6
2025.02.05	02:26:42.269		0.93923			4
2025.02.05	02:26:42.941		0.93924			4
2025.02.05	02:26:54.984	0.93913				2
2025.02.05	02:26:56.346	0.93914	0.93925			6
2025.02.05	02:26:56.705	0.93915				2
2025.02.05	02:27:00.488	0.93914	0.93924			6
2025.02.05	02:27:00.814		0.93926			4
2025.02.05	02:27:01.446	0.93915				2
2025.02.05	02:27:02.191		0.93925			4
2025.02.05	02:27:02.658		0.93926			4
2025.02.05	02:27:03.903	0.93914	0.93924			6
2025.02.05	02:27:04.301		0.93925			4
2025.02.05	02:27:05.207	0.93915				2
2025.02.05	02:27:08.596		0.93926			4
2025.02.05	02:27:11.947	0.93913	0.93924			6
2025.02.05	02:27:15.339	0.93912				2
2025.02.05	02:27:17.112		0.93923			4
2025.02.05	02:27:17.621		0.93922			4
2025.02.05	02:27:22.075	0.93913	0.93923			6
2025.02.05	02:27:23.626	0.93912	0.93922			6
2025.02.05	02:27:24.077		0.93923			4
2025.02.05	02:27:24.794		0.93922			4
2025.02.05	02:27:27.522	0.93911	0.93920			6
2025.02.05	02:27:29.148		0.93919			4
2025.02.05	02:27:29.507		0.93920			4
2025.02.05	02:27:31.488		0.93919			4
2025.02.05	02:27:36.424		0.93920			4
2025.02.05	02:27:42.908		0.93922			4
2025.02.05	02:27:44.017	0.93910	0.93920			6
2025.02.05	02:27:44.371	0.93911	0.93921			6
2025.02.05	02:27:44.966		0.93922			4
2025.02.05	02:27:45.317		0.93920			4
2025.02.05	02:27:46.686		0.93921			4
2025.02.05	02:27:47.697		0.93920			4
2025.02.05	02:27:49.188		0.93921			4
2025.02.05	02:27:49.676		0.93920			4
2025.02.05	02:27:50.459		0.93921			4
2025.02.05	02:27:51.865		0.93922			4
2025.02.05	02:27:53.001		0.93921			4
2025.02.05	02:27:57.166		0.93922			4
2025.02.05	02:27:58.019		0.93920			4
2025.02.05	02:28:00.237	0.93910	0.93919			6
2025.02.05	02:28:01.433	0.93911	0.93921			6
2025.02.05	02:28:02.008		0.93922			4
2025.02.05	02:28:02.444		0.93921			4
2025.02.05	02:28:04.948		0.93922			4
2025.02.05	02:28:09.342		0.93921			4
2025.02.05	02:28:11.992		0.93923			4
2025.02.05	02:28:15.910	0.93914	0.93925			6
2025.02.05	02:28:16.313	0.93915	0.93927			6
2025.02.05	02:28:16.623	0.93917				2
2025.02.05	02:28:16.944	0.93916	0.93926			6
2025.02.05	02:28:18.360	0.93914				2
2025.02.05	02:28:19.511	0.93913	0.93925			6
2025.02.05	02:28:19.980	0.93914	0.93926			6
2025.02.05	02:28:20.364	0.93913	0.93925			6
2025.02.05	02:28:26.576	0.93915				2
2025.02.05	02:28:30.998	0.93914				2
2025.02.05	02:28:37.106	0.93917	0.93926			6
2025.02.05	02:28:38.567	0.93916				2
2025.02.05	02:28:40.883	0.93917				2
2025.02.05	02:28:41.341		0.93925			4
2025.02.05	02:28:41.950	0.93916				2
2025.02.05	02:28:44.455	0.93917	0.93926			6
2025.02.05	02:28:44.936	0.93916				2
2025.02.05	02:28:45.945		0.93925			4
2025.02.05	02:28:47.001	0.93915				2
2025.02.05	02:28:47.302	0.93916				2
2025.02.05	02:28:48.414		0.93926			4
2025.02.05	02:28:59.841	0.93917				2
2025.02.05	02:29:00.414	0.93917				2
2025.02.05	02:29:02.382	0.93916				2
2025.02.05	02:29:07.281	0.93915				2
2025.02.05	02:29:09.066		0.93925			4
2025.02.05	02:29:12.167		0.93926			4
2025.02.05	02:29:12.555	0.93916				2
2025.02.05	02:29:16.152		0.93927			4
2025.02.05	02:29:21.709	0.93915	0.93926			6
2025.02.05	02:29:42.351		0.93927			4
2025.02.05	02:29:45.706		0.93926			4
2025.02.05	02:29:46.019		0.93927			4
2025.02.05	02:29:50.870		0.93926			4
2025.02.05	02:29:51.720		0.93925			4
2025.02.05	02:29:52.228		0.93926			4
2025.02.05	02:29:52.544		0.93924			4
2025.02.05	02:29:52.847		0.93925			4
2025.02.05	02:29:54.852	0.93916				2
2025.02.05	02:29:55.344	0.93918	0.93927			6
2025.02.05	02:29:55.663		0.93928			4
2025.02.05	02:29:58.570		0.93929			4
2025.02.05	02:30:00.271	0.93922	0.93931			6
2025.02.05	02:30:00.599	0.93919	0.93930			6
2025.02.05	02:30:00.913	0.93922	0.93932			6
2025.02.05	02:30:01.322		0.93931			4
2025.02.05	02:30:02.152		0.93932			4
2025.02.05	02:30:02.455		0.93926			4
2025.02.05	02:30:02.779	0.93921	0.93927			6
2025.02.05	02:30:03.256		0.93929			4
2025.02.05	02:30:03.565		0.93927			4
2025.02.05	02:30:03.920		0.93930			4
2025.02.05	02:30:04.389	0.93919	0.93929			6
2025.02.05	02:30:04.714	0.93920	0.93930			6
2025.02.05	02:30:05.113	0.93919				2
2025.02.05	02:30:05.417	0.93918				2
2025.02.05	02:30:06.185		0.93928			4
2025.02.05	02:30:06.725	0.93917	0.93926			6
2025.02.05	02:30:07.360	0.93918	0.93927			6
2025.02.05	02:30:07.693		0.93929			4
2025.02.05	02:30:07.997		0.93930			4
2025.02.05	02:30:08.688	0.93919	0.93927			6
2025.02.05	02:30:09.002		0.93931			4
2025.02.05	02:30:09.318	0.93922	0.93933			6
2025.02.05	02:30:09.714	0.93920	0.93928			6
2025.02.05	02:30:10.379	0.93919	0.93930			6
2025.02.05	02:30:11.386		0.93932			4
2025.02.05	02:30:11.714	0.93918	0.93929			6
2025.02.05	02:30:12.414		0.93930			4
2025.02.05	02:30:14.040		0.93929			4
2025.02.05	02:30:14.352		0.93928			4
2025.02.05	02:30:14.915		0.93929			4
2025.02.05	02:30:18.113	0.93919	0.93930			6
2025.02.05	02:30:19.121	0.93917	0.93928			6
2025.02.05	02:30:19.466	0.93918	0.93929			6
2025.02.05	02:30:19.798	0.93917	0.93928			6
2025.02.05	02:30:20.103		0.93927			4
2025.02.05	02:30:20.425	0.93916	0.93928			6
2025.02.05	02:30:20.736	0.93917				2
2025.02.05	02:30:21.466	0.93916	0.93927			6
2025.02.05	02:30:22.491		0.93928			4
2025.02.05	02:30:23.473	0.93917	0.93929			6
2025.02.05	02:30:24.328	0.93916	0.93928			6
2025.02.05	02:30:24.643	0.93917	0.93929			6
