<DATE>	<TIME>	<BID>	<ASK>	<LAST>	<VOLUME>	<FLAGS>
2025.09.01	00:06:08.286	0.93397	0.93630			6
2025.09.01	00:06:11.351	0.93399	0.93628			6
2025.09.01	00:06:12.132		0.93626			4
2025.09.01	00:06:13.374	0.93406				2
2025.09.01	00:06:15.657		0.93625			4
2025.09.01	00:06:17.701		0.93622			4
2025.09.01	00:06:18.531		0.93620			4
2025.09.01	00:06:31.857		0.93619			4
2025.09.01	00:06:43.052	0.93405	0.93629			6
2025.09.01	00:06:44.147	0.93404				2
2025.09.01	00:06:45.092	0.93403	0.93630			6
2025.09.01	00:06:50.014	0.93402				2
2025.09.01	00:06:53.447	0.93403				2
2025.09.01	00:06:54.048	0.93402				2
2025.09.01	00:07:04.827	0.93414				2
2025.09.01	00:08:14.149	0.93414	0.93630			6
2025.09.01	00:08:26.515	0.93416	0.93628			6
2025.09.01	00:08:33.068		0.93621			4
2025.09.01	00:08:49.133		0.93620			4
2025.09.01	00:09:14.449	0.93416				2
2025.09.01	00:09:26.517		0.93622			4
2025.09.01	00:10:00.417	0.93421	0.93631			6
2025.09.01	00:10:01.519		0.93633			4
2025.09.01	00:10:02.200		0.93632			4
2025.09.01	00:10:02.498	0.93420	0.93627			6
2025.09.01	00:10:04.103		0.93628			4
2025.09.01	00:10:52.256	0.93421	0.93627			6
2025.09.01	00:11:01.398	0.93421				2
2025.09.01	00:11:17.326	0.93412	0.93636			6
2025.09.01	00:12:00.502	0.93412				2
2025.09.01	00:12:17.358		0.93636			4
2025.09.01	00:13:02.298	0.93412				2
2025.09.01	00:13:19.703		0.93636			4
2025.09.01	00:13:38.153	0.93421	0.93627			6
2025.09.01	00:14:00.499	0.93421				2
2025.09.01	00:14:16.696	0.93423	0.93625			6
2025.09.01	00:14:20.085	0.93420	0.93628			6
2025.09.01	00:14:39.988	0.93415	0.93633			6
2025.09.01	00:14:46.700	0.93414	0.93634			6
2025.09.01	00:15:00.541	0.93414				2
2025.09.01	00:15:01.157	0.93415	0.93633			6
2025.09.01	00:15:02.637	0.93414	0.93634			6
2025.09.01	00:15:03.638	0.93413	0.93635			6
2025.09.01	00:15:14.515	0.93414	0.93634			6
2025.09.01	00:15:16.694	0.93413	0.93635			6
2025.09.01	00:15:17.963	0.93412				2
2025.09.01	00:15:18.616	0.93408	0.93644			6
2025.09.01	00:15:25.631	0.93412				2
2025.09.01	00:16:00.023	0.93412				2
2025.09.01	00:16:11.602	0.93418				2
2025.09.01	00:16:14.804	0.93420				2
2025.09.01	00:16:18.369	0.93409	0.93639			6
2025.09.01	00:16:19.120	0.93407	0.93641			6
2025.09.01	00:16:29.122	0.93409	0.93639			6
2025.09.01	00:16:29.667	0.93407	0.93641			6
2025.09.01	00:16:39.670	0.93409	0.93639			6
2025.09.01	00:16:40.175	0.93407	0.93641			6
2025.09.01	00:16:50.175	0.93409	0.93639			6
2025.09.01	00:16:50.695	0.93407	0.93641			6
2025.09.01	00:16:57.200	0.93405	0.93643			6
2025.09.01	00:16:58.288	0.93407	0.93641			6
2025.09.01	00:17:00.700	0.93408	0.93640			6
2025.09.01	00:17:01.547	0.93406	0.93642			6
2025.09.01	00:17:02.298	0.93407	0.93641			6
2025.09.01	00:17:07.707	0.93406				2
2025.09.01	00:17:09.077		0.93642			4
2025.09.01	00:17:11.549	0.93407	0.93641			6
2025.09.01	00:17:12.068	0.93406	0.93642			6
2025.09.01	00:17:12.505	0.93405	0.93643			6
2025.09.01	00:17:13.099	0.93406	0.93642			6
2025.09.01	00:17:18.437	0.93407	0.93641			6
2025.09.01	00:17:22.074	0.93409	0.93639			6
2025.09.01	00:17:23.833	0.93407	0.93640			6
2025.09.01	00:17:31.694	0.93406	0.93642			6
2025.09.01	00:17:31.999	0.93407	0.93641			6
2025.09.01	00:17:32.827	0.93408	0.93639			6
2025.09.01	00:17:33.326	0.93407	0.93641			6
2025.09.01	00:17:33.800	0.93406	0.93642			6
2025.09.01	00:17:43.332	0.93408	0.93640			6
2025.09.01	00:17:46.039	0.93426	0.93645			6
2025.09.01	00:17:51.215	0.93421	0.93646			6
2025.09.01	00:17:51.523	0.93422	0.93645			6
2025.09.01	00:17:51.850		0.93649			4
2025.09.01	00:17:55.821	0.93408	0.93640			6
2025.09.01	00:18:01.098	0.93408				2
2025.09.01	00:18:03.474	0.93406	0.93642			6
2025.09.01	00:18:13.477	0.93407	0.93640			6
2025.09.01	00:18:14.070	0.93406	0.93642			6
2025.09.01	00:18:24.072	0.93407	0.93640			6
2025.09.01	00:18:24.575	0.93406	0.93642			6
2025.09.01	00:18:34.583	0.93407	0.93640			6
2025.09.01	00:18:52.098	0.93409	0.93639			6
2025.09.01	00:19:00.501	0.93409				2
2025.09.01	00:19:31.692	0.93407	0.93641			6
2025.09.01	00:20:01.404	0.93407				2
2025.09.01	00:20:07.210	0.93409	0.93639			6
2025.09.01	00:20:16.697	0.93407	0.93641			6
2025.09.01	00:20:52.400	0.93409	0.93639			6
2025.09.01	00:20:56.571	0.93408	0.93640			6
2025.09.01	00:21:00.502	0.93408				2
2025.09.01	00:21:01.696	0.93406	0.93642			6
2025.09.01	00:21:06.577	0.93407	0.93641			6
2025.09.01	00:21:07.376	0.93406	0.93642			6
2025.09.01	00:21:17.376	0.93407	0.93641			6
2025.09.01	00:21:18.508	0.93406	0.93642			6
2025.09.01	00:21:28.513	0.93407	0.93641			6
2025.09.01	00:21:29.378	0.93406	0.93642			6
2025.09.01	00:21:37.296	0.93407	0.93641			6
2025.09.01	00:21:39.382	0.93409	0.93639			6
2025.09.01	00:21:42.776	0.93407	0.93641			6
2025.09.01	00:21:46.402	0.93406				2
2025.09.01	00:21:46.708		0.93642			4
2025.09.01	00:21:52.777	0.93407	0.93641			6
2025.09.01	00:21:53.303	0.93406	0.93642			6
2025.09.01	00:21:54.502	0.93405				2
2025.09.01	00:22:01.098	0.93405				2
2025.09.01	00:22:03.309	0.93407	0.93641			6
2025.09.01	00:22:03.829	0.93405	0.93642			6
2025.09.01	00:22:13.835	0.93407	0.93641			6
2025.09.01	00:22:16.037	0.93405	0.93642			6
2025.09.01	00:22:22.997	0.93406	0.93641			6
2025.09.01	00:22:26.041	0.93408	0.93640			6
2025.09.01	00:22:26.550	0.93406	0.93641			6
2025.09.01	00:22:27.501	0.93407				2
2025.09.01	00:22:28.266	0.93447	0.93654			6
2025.09.01	00:22:35.757	0.93448	0.93653			6
2025.09.01	00:22:36.530	0.93447	0.93655			6
2025.09.01	00:22:37.197	0.93444				2
2025.09.01	00:22:37.823	0.93446				2
2025.09.01	00:22:41.606		0.93657			4
2025.09.01	00:22:43.417	0.93445	0.93658			6
2025.09.01	00:22:44.758		0.93659			4
2025.09.01	00:22:48.359		0.93658			4
2025.09.01	00:22:49.657	0.93446	0.93657			6
2025.09.01	00:22:49.970	0.93427	0.93659			6
2025.09.01	00:22:58.782	0.93433	0.93662			6
2025.09.01	00:23:03.965	0.93433				2
2025.09.01	00:23:06.622	0.93437	0.93653			6
2025.09.01	00:23:14.449		0.93652			4
2025.09.01	00:23:15.961		0.93651			4
2025.09.01	00:23:18.241	0.93441	0.93629			6
2025.09.01	00:23:18.949	0.93442				2
2025.09.01	00:23:19.346	0.93405	0.93643			6
2025.09.01	00:23:24.198		0.93642			4
2025.09.01	00:23:28.100	0.93406				2
2025.09.01	00:23:31.696	0.93467	0.93629			6
2025.09.01	00:23:38.897	0.93466				2
2025.09.01	00:23:39.606	0.93467				2
2025.09.01	00:23:49.610	0.93466				2
2025.09.01	00:23:51.358	0.93467				2
2025.09.01	00:24:01.364	0.93466				2
2025.09.01	00:24:02.093	0.93467				2
2025.09.01	00:24:07.457	0.93406	0.93642			6
2025.09.01	00:24:12.508		0.93641			4
2025.09.01	00:24:14.001		0.93642			4
2025.09.01	00:24:16.697	0.93467	0.93629			6
2025.09.01	00:24:34.166	0.93405	0.93642			6
2025.09.01	00:24:34.862	0.93467	0.93629			6
2025.09.01	00:24:38.445	0.93466				2
2025.09.01	00:24:40.824	0.93467				2
2025.09.01	00:24:44.044	0.93466				2
2025.09.01	00:24:44.838	0.93467				2
2025.09.01	00:24:50.814	0.93466				2
2025.09.01	00:24:51.822	0.93467				2
2025.09.01	00:24:52.299	0.93406	0.93641			6
2025.09.01	00:24:53.598	0.93407				2
2025.09.01	00:24:55.099	0.93406				2
2025.09.01	00:25:01.696	0.93466	0.93629			6
2025.09.01	00:25:03.034	0.93467				2
2025.09.01	00:25:09.046	0.93466				2
2025.09.01	00:25:13.498	0.93406	0.93642			6
2025.09.01	00:25:15.891	0.93408	0.93640			6
2025.09.01	00:25:16.563	0.93406	0.93642			6
2025.09.01	00:25:23.765	0.93466	0.93629			6
2025.09.01	00:25:52.364	0.93406	0.93642			6
2025.09.01	00:26:01.694	0.93466	0.93629			6
2025.09.01	00:26:09.086	0.93405	0.93642			6
2025.09.01	00:26:10.469	0.93407	0.93641			6
2025.09.01	00:26:11.296	0.93405	0.93642			6
2025.09.01	00:26:21.372	0.93407	0.93641			6
2025.09.01	00:26:22.021	0.93405	0.93642			6
2025.09.01	00:26:32.120	0.93407	0.93641			6
2025.09.01	00:26:32.910	0.93405	0.93642			6
2025.09.01	00:26:37.214	0.93408	0.93640			6
2025.09.01	00:26:42.916	0.93410	0.93638			6
2025.09.01	00:26:43.431	0.93408	0.93640			6
2025.09.01	00:26:53.432	0.93410	0.93638			6
2025.09.01	00:26:54.168	0.93408	0.93640			6
2025.09.01	00:27:01.727	0.93408				2
2025.09.01	00:27:04.175	0.93410	0.93638			6
2025.09.01	00:27:04.818	0.93408	0.93640			6
2025.09.01	00:27:10.104	0.93409	0.93639			6
2025.09.01	00:27:14.824	0.93410	0.93637			6
2025.09.01	00:27:16.093	0.93407	0.93641			6
2025.09.01	00:27:16.694	0.93406	0.93642			6
2025.09.01	00:27:26.299	0.93407	0.93640			6
2025.09.01	00:27:26.920	0.93406	0.93642			6
2025.09.01	00:27:36.923	0.93407	0.93640			6
2025.09.01	00:27:38.738	0.93406	0.93642			6
2025.09.01	00:27:48.741	0.93407	0.93640			6
2025.09.01	00:27:49.311	0.93406	0.93642			6
2025.09.01	00:27:52.487	0.93408	0.93639			6
2025.09.01	00:27:59.308	0.93410	0.93638			6
2025.09.01	00:28:00.047	0.93408	0.93639			6
2025.09.01	00:28:00.580	0.93407	0.93641			6
2025.09.01	00:28:01.695	0.93406	0.93642			6
2025.09.01	00:28:10.141	0.93405				2
2025.09.01	00:28:10.583	0.93407	0.93640			6
2025.09.01	00:28:11.175	0.93405	0.93642			6
2025.09.01	00:28:21.088	0.93407	0.93641			6
2025.09.01	00:28:22.632	0.93405	0.93642			6
2025.09.01	00:28:32.602	0.93407	0.93641			6
2025.09.01	00:28:33.318	0.93405	0.93642			6
2025.09.01	00:28:37.333	0.93408	0.93640			6
2025.09.01	00:28:43.322	0.93410	0.93638			6
2025.09.01	00:28:44.380	0.93408	0.93640			6
2025.09.01	00:28:46.696	0.93405	0.93642			6
2025.09.01	00:28:54.393	0.93407	0.93641			6
2025.09.01	00:28:55.063	0.93405	0.93642			6
2025.09.01	00:28:59.033	0.93425	0.93623			6
2025.09.01	00:29:00.802	0.93425				2
2025.09.01	00:29:05.065	0.93427	0.93621			6
2025.09.01	00:29:07.077	0.93426	0.93623			6
2025.09.01	00:29:07.383		0.93622			4
2025.09.01	00:29:08.792	0.93423	0.93625			6
2025.09.01	00:29:09.557	0.93418	0.93629			6
2025.09.01	00:29:15.802		0.93630			4
2025.09.01	00:29:17.089	0.93417	0.93631			6
2025.09.01	00:29:17.468	0.93418	0.93630			6
2025.09.01	00:29:19.097	0.93419	0.93629			6
2025.09.01	00:29:22.998	0.93418				2
2025.09.01	00:29:24.067	0.93419				2
2025.09.01	00:29:25.093	0.93424	0.93624			6
2025.09.01	00:29:27.715	0.93426	0.93622			6
2025.09.01	00:29:28.171	0.93422	0.93626			6
2025.09.01	00:29:31.696		0.93625			4
2025.09.01	00:29:34.099	0.93423				2
2025.09.01	00:29:38.909	0.93421	0.93627			6
2025.09.01	00:29:39.239	0.93422	0.93626			6
2025.09.01	00:29:39.545	0.93421	0.93627			6
2025.09.01	00:29:42.113	0.93414	0.93634			6
2025.09.01	00:29:43.156	0.93418	0.93630			6
2025.09.01	00:29:46.278	0.93413	0.93635			6
2025.09.01	00:29:46.581	0.93415	0.93633			6
2025.09.01	00:29:47.296	0.93417	0.93630			6
2025.09.01	00:29:51.198	0.93418				2
2025.09.01	00:29:52.915	0.93415	0.93633			6
2025.09.01	00:29:53.816	0.93417	0.93631			6
2025.09.01	00:29:57.307	0.93415	0.93633			6
2025.09.01	00:29:59.665	0.93417	0.93630			6
2025.09.01	00:30:00.423	0.93415	0.93633			6
2025.09.01	00:30:03.638	0.93419	0.93629			6
2025.09.01	00:30:06.005	0.93420	0.93628			6
2025.09.01	00:30:17.131	0.93424	0.93630			6
2025.09.01	00:30:28.698		0.93629			4
2025.09.01	00:30:32.145	0.93429				2
2025.09.01	00:30:34.854		0.93627			4
2025.09.01	00:30:37.619		0.93629			4
2025.09.01	00:30:44.301		0.93628			4
2025.09.01	00:30:47.148	0.93441	0.93626			6
2025.09.01	00:30:48.204		0.93625			4
2025.09.01	00:30:58.998		0.93624			4
2025.09.01	00:31:00.198	0.93441				2
2025.09.01	00:31:02.153	0.93453	0.93625			6
2025.09.01	00:31:06.350		0.93624			4
2025.09.01	00:31:23.787		0.93627			4
2025.09.01	00:31:29.824		0.93626			4
2025.09.01	00:31:31.402		0.93625			4
2025.09.01	00:31:44.915		0.93626			4
2025.09.01	00:32:00.199	0.93453				2
2025.09.01	00:32:13.217		0.93624			4
2025.09.01	00:32:15.799		0.93625			4
2025.09.01	00:32:17.153	0.93457				2
2025.09.01	00:32:32.602		0.93624			4
2025.09.01	00:32:48.202		0.93625			4
2025.09.01	00:33:01.404	0.93457				2
2025.09.01	00:33:11.672		0.93627			4
2025.09.01	00:33:17.177	0.93461				2
2025.09.01	00:33:19.702		0.93628			4
2025.09.01	00:34:00.498	0.93461				2
2025.09.01	00:34:03.200		0.93629			4
2025.09.01	00:34:17.156	0.93467	0.93630			6
2025.09.01	00:34:17.659	0.93428	0.93619			6
2025.09.01	00:34:18.199	0.93429				2
2025.09.01	00:34:38.388	0.93433	0.93615			6
2025.09.01	00:34:56.548		0.93612			4
2025.09.01	00:35:00.682	0.93437	0.93607			6
2025.09.01	00:35:24.580	0.93443				2
2025.09.01	00:35:54.983	0.93457	0.93610			6
2025.09.01	00:35:55.299	0.93473	0.93626			6
2025.09.01	00:35:55.896	0.93460	0.93630			6
2025.09.01	00:35:56.396	0.93494	0.93634			6
2025.09.01	00:35:56.742	0.93471	0.93635			6
2025.09.01	00:35:57.083	0.93479	0.93637			6
2025.09.01	00:35:57.396	0.93484	0.93640			6
2025.09.01	00:35:57.739	0.93485	0.93643			6
2025.09.01	00:35:58.318	0.93477	0.93646			6
2025.09.01	00:35:58.618	0.93478	0.93644			6
2025.09.01	00:35:59.007	0.93476	0.93647			6
2025.09.01	00:35:59.316	0.93478	0.93645			6
2025.09.01	00:35:59.617	0.93476	0.93646			6
2025.09.01	00:36:00.800	0.93481	0.93649			6
2025.09.01	00:36:06.982		0.93647			4
2025.09.01	00:36:12.457		0.93646			4
2025.09.01	00:36:14.298		0.93647			4
2025.09.01	00:36:14.718		0.93644			4
2025.09.01	00:36:15.040		0.93646			4
2025.09.01	00:36:15.874	0.93482	0.93644			6
2025.09.01	00:36:16.430	0.93481				2
2025.09.01	00:36:17.900		0.93645			4
2025.09.01	00:36:20.716		0.93640			4
2025.09.01	00:36:21.805		0.93639			4
2025.09.01	00:36:23.937	0.93498				2
2025.09.01	00:36:24.350	0.93499	0.93642			6
2025.09.01	00:36:24.738	0.93495	0.93638			6
2025.09.01	00:36:25.241	0.93493				2
2025.09.01	00:36:25.936	0.93495	0.93641			6
2025.09.01	00:36:26.240	0.93494	0.93640			6
2025.09.01	00:36:26.745	0.93495	0.93641			6
2025.09.01	00:36:27.179	0.93493	0.93640			6
2025.09.01	00:36:27.497		0.93641			4
2025.09.01	00:36:31.397		0.93640			4
2025.09.01	00:36:35.756		0.93639			4
2025.09.01	00:36:37.098		0.93640			4
2025.09.01	00:36:43.400		0.93639			4
2025.09.01	00:36:46.423		0.93638			4
2025.09.01	00:36:50.610		0.93636			4
2025.09.01	00:36:55.098		0.93635			4
2025.09.01	00:36:56.532	0.93494				2
2025.09.01	00:36:58.700		0.93634			4
2025.09.01	00:37:00.198	0.93494				2
2025.09.01	00:37:05.755		0.93633			4
2025.09.01	00:37:14.299		0.93632			4
2025.09.01	00:37:16.697		0.93631			4
2025.09.01	00:37:20.897	0.93493				2
2025.09.01	00:37:25.701	0.93494				2
2025.09.01	00:37:26.898	0.93491				2
2025.09.01	00:37:31.387		0.93629			4
2025.09.01	00:37:40.851		0.93630			4
2025.09.01	00:37:41.987	0.93481	0.93628			6
2025.09.01	00:37:42.487	0.93474				2
2025.09.01	00:37:42.800	0.93462				2
2025.09.01	00:37:43.486	0.93485	0.93629			6
2025.09.01	00:37:43.990	0.93480	0.93626			6
2025.09.01	00:37:45.207	0.93471				2
2025.09.01	00:37:45.519	0.93482				2
2025.09.01	00:37:46.205		0.93625			4
2025.09.01	00:37:48.497		0.93623			4
2025.09.01	00:37:50.603	0.93490	0.93625			6
2025.09.01	00:37:52.892	0.93489	0.93626			6
2025.09.01	00:37:53.297		0.93627			4
2025.09.01	00:37:56.999	0.93487				2
2025.09.01	00:38:01.728	0.93487				2
2025.09.01	00:38:10.510	0.93478	0.93626			6
2025.09.01	00:38:10.915	0.93487				2
2025.09.01	00:38:12.000	0.93495	0.93628			6
2025.09.01	00:38:17.703	0.93494	0.93632			6
2025.09.01	00:38:18.053	0.93480	0.93630			6
2025.09.01	00:38:19.099		0.93629			4
2025.09.01	00:38:22.249	0.93494				2
2025.09.01	00:38:22.825		0.93632			4
2025.09.01	00:38:32.298	0.93500	0.93633			6
2025.09.01	00:38:37.997		0.93634			4
2025.09.01	00:38:39.096	0.93498	0.93637			6
2025.09.01	00:38:39.500	0.93499	0.93634			6
2025.09.01	00:38:43.902	0.93498	0.93641			6
2025.09.01	00:38:47.302		0.93644			4
2025.09.01	00:38:49.103		0.93645			4
2025.09.01	00:38:54.192	0.93496	0.93639			6
2025.09.01	00:38:54.691		0.93642			4
2025.09.01	00:38:57.498		0.93643			4
2025.09.01	00:38:58.249	0.93497				2
2025.09.01	00:38:58.696	0.93496				2
2025.09.01	00:39:01.099	0.93496				2
2025.09.01	00:39:04.706	0.93495				2
2025.09.01	00:39:06.198		0.93642			4
2025.09.01	00:39:06.627	0.93496				2
2025.09.01	00:39:07.701		0.93643			4
2025.09.01	00:39:09.256		0.93642			4
2025.09.01	00:39:18.057		0.93636			4
2025.09.01	00:39:19.207	0.93497	0.93632			6
2025.09.01	00:39:27.007		0.93631			4
2025.09.01	00:39:33.498		0.93630			4
2025.09.01	00:39:34.329	0.93486	0.93628			6
2025.09.01	00:39:38.849	0.93482				2
2025.09.01	00:39:40.702		0.93627			4
2025.09.01	00:39:45.835	0.93471				2
2025.09.01	00:39:46.827	0.93465	0.93624			6
2025.09.01	00:39:54.648	0.93472				2
2025.09.01	00:39:56.007		0.93625			4
2025.09.01	00:40:00.327	0.93465				2
2025.09.01	00:40:00.828	0.93477				2
2025.09.01	00:40:01.548	0.93465	0.93623			6
2025.09.01	00:40:06.348	0.93477				2
2025.09.01	00:40:07.050		0.93621			4
2025.09.01	00:40:09.350	0.93465				2
2025.09.01	00:40:15.326	0.93477				2
2025.09.01	00:40:16.398		0.93623			4
2025.09.01	00:40:28.852		0.93622			4
2025.09.01	00:40:32.302		0.93621			4
2025.09.01	00:40:33.938	0.93464	0.93620			6
2025.09.01	00:40:34.509		0.93619			4
2025.09.01	00:40:44.302	0.93469	0.93622			6
2025.09.01	00:40:44.872	0.93464				2
2025.09.01	00:40:46.412		0.93620			4
2025.09.01	00:40:46.830	0.93473	0.93621			6
2025.09.01	00:40:47.771		0.93623			4
2025.09.01	00:40:48.181		0.93624			4
2025.09.01	00:40:51.208		0.93623			4
2025.09.01	00:40:51.869		0.93624			4
2025.09.01	00:40:52.219		0.93622			4
2025.09.01	00:40:52.564	0.93471	0.93625			6
2025.09.01	00:40:53.434		0.93624			4
2025.09.01	00:40:57.199		0.93623			4
2025.09.01	00:41:00.328	0.93487	0.93628			6
2025.09.01	00:41:00.796	0.93486				2
2025.09.01	00:41:01.328	0.93497	0.93627			6
2025.09.01	00:41:03.798		0.93628			4
2025.09.01	00:41:05.002		0.93627			4
2025.09.01	00:41:07.861	0.93496				2
2025.09.01	00:41:08.300		0.93628			4
2025.09.01	00:41:09.346	0.93497				2
2025.09.01	00:41:16.414		0.93630			4
2025.09.01	00:41:18.668	0.93496				2
2025.09.01	00:41:19.098	0.93497				2
2025.09.01	00:41:22.669		0.93631			4
2025.09.01	00:41:28.701	0.93487	0.93627			6
2025.09.01	00:41:29.087	0.93482				2
2025.09.01	00:41:29.487	0.93473	0.93626			6
2025.09.01	00:41:29.901	0.93487	0.93629			6
2025.09.01	00:41:31.398		0.93628			4
2025.09.01	00:41:33.601		0.93629			4
2025.09.01	00:41:38.308		0.93628			4
2025.09.01	00:41:48.498		0.93626			4
2025.09.01	00:41:52.772	0.93495				2
2025.09.01	00:41:53.175	0.93478	0.93625			6
2025.09.01	00:41:53.677		0.93623			4
2025.09.01	00:41:54.988	0.93498	0.93624			6
2025.09.01	00:41:55.399	0.93447	0.93611			6
2025.09.01	00:41:55.898	0.93465	0.93612			6
2025.09.01	00:41:57.061	0.93485	0.93618			6
2025.09.01	00:41:57.391	0.93500	0.93622			6
2025.09.01	00:42:00.394	0.93468	0.93615			6
2025.09.01	00:42:00.706	0.93455	0.93618			6
2025.09.01	00:42:01.048		0.93617			4
2025.09.01	00:42:01.355		0.93615			4
2025.09.01	00:42:02.123	0.93440	0.93607			6
2025.09.01	00:42:02.450	0.93433	0.93603			6
2025.09.01	00:42:02.796	0.93425	0.93600			6
2025.09.01	00:42:03.098	0.93394	0.93602			6
2025.09.01	00:42:03.429	0.93395	0.93597			6
2025.09.01	00:42:03.752		0.93599			4
2025.09.01	00:42:04.068		0.93589			4
2025.09.01	00:42:04.930	0.93396	0.93584			6
2025.09.01	00:42:05.230		0.93587			4
2025.09.01	00:42:05.568	0.93400	0.93586			6
2025.09.01	00:42:05.869		0.93584			4
2025.09.01	00:42:06.181	0.93398				2
2025.09.01	00:42:06.491	0.93399	0.93582			6
2025.09.01	00:42:06.801	0.93400	0.93585			6
2025.09.01	00:42:07.120	0.93396	0.93584			6
2025.09.01	00:42:07.489	0.93400				2
2025.09.01	00:42:07.814	0.93399	0.93582			6
2025.09.01	00:42:08.119	0.93401	0.93583			6
2025.09.01	00:42:08.484		0.93582			4
2025.09.01	00:42:08.907		0.93581			4
2025.09.01	00:42:09.296	0.93411	0.93583			6
2025.09.01	00:42:09.743	0.93420	0.93581			6
2025.09.01	00:42:10.077	0.93406	0.93582			6
2025.09.01	00:42:10.390		0.93581			4
2025.09.01	00:42:10.724	0.93408				2
2025.09.01	00:42:11.183		0.93580			4
2025.09.01	00:42:11.485	0.93416	0.93581			6
2025.09.01	00:42:12.103		0.93583			4
2025.09.01	00:42:12.471		0.93584			4
2025.09.01	00:42:13.185		0.93583			4
2025.09.01	00:42:15.701	0.93454	0.93585			6
2025.09.01	00:42:16.249	0.93457	0.93587			6
2025.09.01	00:42:16.705		0.93588			4
2025.09.01	00:42:17.221		0.93593			4
2025.09.01	00:42:17.724		0.93594			4
2025.09.01	00:42:19.609	0.93428	0.93589			6
2025.09.01	00:42:26.879	0.93427	0.93597			6
2025.09.01	00:42:27.267	0.93430	0.93590			6
2025.09.01	00:42:27.782	0.93428	0.93594			6
2025.09.01	00:42:28.278	0.93430	0.93590			6
2025.09.01	00:42:29.734	0.93442	0.93592			6
2025.09.01	00:42:30.715	0.93446	0.93590			6
2025.09.01	00:42:31.249	0.93398	0.93593			6
2025.09.01	00:42:31.581	0.93404	0.93588			6
2025.09.01	00:42:32.316		0.93587			4
2025.09.01	00:42:33.309	0.93407				2
2025.09.01	00:42:33.803	0.93424	0.93590			6
2025.09.01	00:42:34.792	0.93443				2
2025.09.01	00:42:35.692	0.93410	0.93586			6
2025.09.01	00:42:36.009	0.93406	0.93585			6
2025.09.01	00:42:37.724	0.93407				2
2025.09.01	00:42:38.248	0.93447	0.93587			6
2025.09.01	00:42:39.850	0.93448				2
2025.09.01	00:42:40.723	0.93445	0.93589			6
2025.09.01	00:42:41.184	0.93444	0.93590			6
2025.09.01	00:42:43.472	0.93463	0.93591			6
2025.09.01	00:42:44.898		0.93590			4
2025.09.01	00:42:46.099		0.93591			4
2025.09.01	00:42:46.967	0.93464	0.93590			6
2025.09.01	00:42:47.739	0.93463				2
2025.09.01	00:42:50.718	0.93465	0.93585			6
2025.09.01	00:42:53.643	0.93467				2
2025.09.01	00:42:57.199	0.93464	0.93591			6
2025.09.01	00:42:57.541	0.93457	0.93597			6
2025.09.01	00:42:58.400	0.93456	0.93598			6
2025.09.01	00:43:00.370	0.93460	0.93594			6
2025.09.01	00:43:00.706	0.93455	0.93599			6
2025.09.01	00:43:04.097	0.93459				2
2025.09.01	00:43:04.889	0.93461	0.93593			6
2025.09.01	00:43:05.388	0.93459	0.93599			6
2025.09.01	00:43:05.720		0.93596			4
2025.09.01	00:43:06.229	0.93455	0.93603			6
2025.09.01	00:43:06.664	0.93458	0.93600			6
2025.09.01	00:43:07.084	0.93457	0.93603			6
2025.09.01	00:43:07.650	0.93455	0.93604			6
2025.09.01	00:43:08.165	0.93457				2
2025.09.01	00:43:08.494	0.93455				2
2025.09.01	00:43:08.886	0.93458	0.93602			6
2025.09.01	00:43:09.290	0.93456	0.93603			6
2025.09.01	00:43:10.233	0.93449				2
2025.09.01	00:43:10.729	0.93450				2
2025.09.01	00:43:11.053	0.93451	0.93601			6
2025.09.01	00:43:11.727	0.93449	0.93603			6
2025.09.01	00:43:13.227	0.93450				2
2025.09.01	00:43:17.920		0.93602			4
2025.09.01	00:43:20.761	0.93451	0.93601			6
2025.09.01	00:43:22.027	0.93455	0.93598			6
2025.09.01	00:43:22.398	0.93454				2
2025.09.01	00:43:25.519	0.93455				2
2025.09.01	00:43:26.600	0.93454				2
2025.09.01	00:43:28.700	0.93455				2
2025.09.01	00:43:34.405	0.93454				2
2025.09.01	00:43:36.497	0.93455				2
2025.09.01	00:43:37.467	0.93454	0.93599			6
2025.09.01	00:43:38.650		0.93598			4
2025.09.01	00:43:47.075	0.93455	0.93597			6
2025.09.01	00:43:47.600	0.93456	0.93596			6
2025.09.01	00:43:53.598	0.93457				2
2025.09.01	00:44:00.134	0.93454	0.93594			6
2025.09.01	00:44:01.175		0.93593			4
2025.09.01	00:44:03.198	0.93455				2
2025.09.01	00:44:06.799	0.93456	0.93592			6
2025.09.01	00:44:08.900		0.93591			4
2025.09.01	00:44:11.602		0.93592			4
2025.09.01	00:44:17.073	0.93457	0.93591			6
2025.09.01	00:44:20.297	0.93456				2
2025.09.01	00:44:21.198		0.93592			4
2025.09.01	00:44:21.526	0.93457	0.93591			6
2025.09.01	00:44:23.468	0.93456				2
2025.09.01	00:44:25.103	0.93457	0.93590			6
2025.09.01	00:44:37.400	0.93458				2
2025.09.01	00:44:41.298	0.93457				2
2025.09.01	00:44:42.293	0.93453				2
2025.09.01	00:44:42.673	0.93458	0.93589			6
2025.09.01	00:44:43.705		0.93590			4
2025.09.01	00:44:49.937	0.93460	0.93588			6
2025.09.01	00:44:50.601	0.93459	0.93589			6
2025.09.01	00:45:01.698	0.93460	0.93588			6
2025.09.01	00:45:03.271	0.93454	0.93582			6
2025.09.01	00:45:06.900	0.93459	0.93589			6
2025.09.01	00:45:10.102	0.93477	0.93571			6
2025.09.01	00:45:17.299	0.93480	0.93568			6
2025.09.01	00:45:19.948	0.93479				2
2025.09.01	00:45:20.950		0.93569			4
2025.09.01	00:45:22.541	0.93477	0.93571			6
2025.09.01	00:45:25.100		0.93570			4
2025.09.01	00:45:27.198		0.93571			4
2025.09.01	00:45:29.608	0.93479	0.93570			6
2025.09.01	00:45:30.553		0.93569			4
2025.09.01	00:45:33.022	0.93478	0.93571			6
2025.09.01	00:45:33.499	0.93479	0.93570			6
2025.09.01	00:45:34.939	0.93477	0.93571			6
2025.09.01	00:45:37.351	0.93480	0.93569			6
2025.09.01	00:45:38.225	0.93479				2
2025.09.01	00:45:41.038	0.93478	0.93571			6
2025.09.01	00:45:42.209	0.93477	0.93572			6
2025.09.01	00:45:42.550	0.93476	0.93573			6
2025.09.01	00:45:47.309	0.93475				2
2025.09.01	00:45:52.643	0.93477	0.93572			6
2025.09.01	00:45:53.252	0.93481	0.93568			6
2025.09.01	00:45:54.110	0.93464	0.93567			6
2025.09.01	00:45:54.421		0.93568			4
2025.09.01	00:45:54.773	0.93462	0.93567			6
2025.09.01	00:45:55.094	0.93464	0.93568			6
2025.09.01	00:45:55.686	0.93461	0.93569			6
2025.09.01	00:45:56.114	0.93462	0.93568			6
2025.09.01	00:45:57.798		0.93567			4
2025.09.01	00:45:59.598	0.93463				2
2025.09.01	00:46:00.709	0.93461				2
2025.09.01	00:46:15.350	0.93463	0.93566			6
2025.09.01	00:46:15.855	0.93462				2
2025.09.01	00:46:23.299	0.93463	0.93565			6
2025.09.01	00:46:24.594	0.93453	0.93560			6
2025.09.01	00:46:25.168	0.93451	0.93562			6
2025.09.01	00:46:26.169	0.93452				2
2025.09.01	00:46:27.073	0.93449	0.93565			6
2025.09.01	00:46:38.619		0.93564			4
2025.09.01	00:46:39.593	0.93450	0.93563			6
2025.09.01	00:46:41.038		0.93564			4
2025.09.01	00:46:47.900	0.93449				2
2025.09.01	00:46:51.498		0.93563			4
2025.09.01	00:46:57.081		0.93564			4
2025.09.01	00:47:02.900	0.93448				2
2025.09.01	00:47:03.323	0.93470	0.93576			6
2025.09.01	00:47:06.910	0.93448	0.93565			6
2025.09.01	00:47:08.420	0.93442	0.93571			6
2025.09.01	00:47:10.405		0.93570			4
2025.09.01	00:47:12.080	0.93444	0.93569			6
2025.09.01	00:47:14.899	0.93443				2
2025.09.01	00:47:17.333	0.93444				2
2025.09.01	00:47:19.103		0.93568			4
2025.09.01	00:47:20.251	0.93443	0.93569			6
2025.09.01	00:47:20.900	0.93444	0.93568			6
2025.09.01	00:47:21.724		0.93569			4
2025.09.01	00:47:23.305	0.93448	0.93565			6
2025.09.01	00:47:25.398	0.93447	0.93566			6
2025.09.01	00:47:32.552	0.93446	0.93567			6
2025.09.01	00:47:34.398		0.93566			4
2025.09.01	00:47:38.418	0.93448	0.93565			6
2025.09.01	00:47:41.174	0.93446	0.93560			6
2025.09.01	00:47:41.888	0.93444	0.93561			6
2025.09.01	00:47:42.210	0.93445	0.93560			6
2025.09.01	00:47:52.939	0.93437	0.93567			6
2025.09.01	00:47:53.599	0.93438				2
2025.09.01	00:47:58.987	0.93435	0.93579			6
2025.09.01	00:48:00.499	0.93435	0.93580			6
2025.09.01	00:48:01.705		0.93579			4
2025.09.01	00:48:08.414		0.93571			4
2025.09.01	00:48:12.086		0.93577			4
2025.09.01	00:48:13.561		0.93576			4
2025.09.01	00:48:21.180		0.93575			4
2025.09.01	00:48:23.296		0.93570			4
2025.09.01	00:48:28.399		0.93571			4
2025.09.01	00:48:29.448		0.93570			4
2025.09.01	00:48:29.823	0.93436	0.93569			6
2025.09.01	00:48:37.232	0.93435	0.93568			6
2025.09.01	00:48:38.297		0.93566			4
2025.09.01	00:48:46.686	0.93432				2
2025.09.01	00:48:53.001	0.93430				2
2025.09.01	00:48:53.309		0.93567			4
2025.09.01	00:49:00.499	0.93430				2
2025.09.01	00:49:00.849	0.93425	0.93572			6
2025.09.01	00:49:01.999	0.93421	0.93570			6
2025.09.01	00:49:02.609		0.93569			4
2025.09.01	00:49:03.132		0.93571			4
2025.09.01	00:49:04.701		0.93572			4
2025.09.01	00:49:05.006		0.93573			4
2025.09.01	00:49:06.200		0.93572			4
2025.09.01	00:49:06.685	0.93415				2
2025.09.01	00:49:07.300	0.93414	0.93560			6
2025.09.01	00:49:07.667	0.93409	0.93563			6
2025.09.01	00:49:08.597		0.93564			4
2025.09.01	00:49:10.403	0.93408	0.93565			6
2025.09.01	00:49:11.608	0.93409	0.93564			6
2025.09.01	00:49:12.797	0.93410	0.93563			6
2025.09.01	00:49:15.050	0.93413	0.93560			6
2025.09.01	00:49:15.618	0.93419	0.93554			6
2025.09.01	00:49:17.610	0.93418				2
2025.09.01	00:49:20.898	0.93419	0.93553			6
2025.09.01	00:49:21.206	0.93413				2
2025.09.01	00:49:21.795	0.93412				2
2025.09.01	00:49:22.214	0.93413	0.93552			6
2025.09.01	00:49:27.955	0.93414	0.93551			6
2025.09.01	00:49:33.199	0.93413	0.93552			6
2025.09.01	00:49:41.616	0.93445	0.93555			6
2025.09.01	00:49:41.985	0.93444				2
2025.09.01	00:49:42.998	0.93445	0.93560			6
2025.09.01	00:49:45.221		0.93559			4
2025.09.01	00:49:52.001		0.93569			4
2025.09.01	00:49:53.047		0.93565			4
2025.09.01	00:49:55.193		0.93562			4
2025.09.01	00:49:55.848		0.93560			4
2025.09.01	00:49:57.050		0.93559			4
2025.09.01	00:50:00.714	0.93444				2
2025.09.01	00:50:01.383		0.93561			4
2025.09.01	00:50:01.836		0.93559			4
2025.09.01	00:50:02.195		0.93560			4
2025.09.01	00:50:03.349		0.93562			4
2025.09.01	00:50:05.458		0.93560			4
2025.09.01	00:50:06.510		0.93562			4
2025.09.01	00:50:07.698		0.93563			4
2025.09.01	00:50:09.499		0.93560			4
2025.09.01	00:50:12.670		0.93565			4
2025.09.01	00:50:13.132		0.93561			4
2025.09.01	00:50:14.680	0.93445	0.93559			6
2025.09.01	00:50:15.199		0.93558			4
2025.09.01	00:50:16.097		0.93559			4
2025.09.01	00:50:16.552		0.93558			4
2025.09.01	00:50:16.998		0.93557			4
2025.09.01	00:50:18.441		0.93556			4
2025.09.01	00:50:18.761	0.93444	0.93563			6
2025.09.01	00:50:19.166		0.93566			4
2025.09.01	00:50:19.830		0.93570			4
2025.09.01	00:50:20.906		0.93569			4
2025.09.01	00:50:22.444		0.93567			4
2025.09.01	00:50:24.788		0.93564			4
2025.09.01	00:50:26.598		0.93565			4
2025.09.01	00:50:28.975		0.93564			4
2025.09.01	00:50:30.008		0.93565			4
2025.09.01	00:50:33.218	0.93445	0.93564			6
2025.09.01	00:50:34.399		0.93563			4
2025.09.01	00:50:38.039	0.93444	0.93565			6
2025.09.01	00:50:39.782		0.93567			4
2025.09.01	00:50:44.303		0.93566			4
2025.09.01	00:50:45.353		0.93567			4
2025.09.01	00:50:46.999		0.93566			4
2025.09.01	00:50:49.169		0.93565			4
2025.09.01	00:50:51.633		0.93567			4
2025.09.01	00:50:52.851		0.93568			4
2025.09.01	00:50:53.409		0.93569			4
2025.09.01	00:50:55.099		0.93568			4
2025.09.01	00:50:58.999		0.93569			4
2025.09.01	00:51:00.352	0.93444	0.93568			6
2025.09.01	00:51:05.197		0.93567			4
2025.09.01	00:51:05.971		0.93566			4
2025.09.01	00:51:08.910		0.93565			4
2025.09.01	00:51:12.094	0.93449	0.93566			6
2025.09.01	00:51:15.252		0.93569			4
2025.09.01	00:51:19.406		0.93568			4
2025.09.01	00:51:21.508	0.93453	0.93571			6
2025.09.01	00:51:22.851		0.93572			4
2025.09.01	00:51:30.498		0.93573			4
2025.09.01	00:51:32.753		0.93571			4
2025.09.01	00:51:36.690		0.93572			4
2025.09.01	00:51:37.042	0.93452	0.93570			6
2025.09.01	00:51:37.399		0.93571			4
2025.09.01	00:51:38.567		0.93570			4
2025.09.01	00:51:47.749		0.93572			4
2025.09.01	00:51:52.000	0.93444	0.93570			6
2025.09.01	00:51:53.000		0.93571			4
2025.09.01	00:51:55.248		0.93572			4
2025.09.01	00:51:56.898		0.93571			4
2025.09.01	00:51:58.074		0.93569			4
2025.09.01	00:51:58.698		0.93570			4
2025.09.01	00:52:00.505	0.93444				2
2025.09.01	00:52:02.755		0.93568			4
2025.09.01	00:52:07.704		0.93570			4
2025.09.01	00:52:10.400		0.93569			4
2025.09.01	00:52:15.500		0.93570			4
2025.09.01	00:52:16.100		0.93571			4
2025.09.01	00:52:25.169		0.93569			4
2025.09.01	00:52:26.915		0.93571			4
2025.09.01	00:52:37.040	0.93449	0.93570			6
2025.09.01	00:52:37.400		0.93571			4
2025.09.01	00:52:37.728		0.93573			4
2025.09.01	00:52:38.749		0.93571			4
2025.09.01	00:52:52.075	0.93453	0.93572			6
2025.09.01	00:52:54.497		0.93571			4
2025.09.01	00:52:57.542		0.93569			4
2025.09.01	00:53:00.798	0.93453	0.93570			6
2025.09.01	00:53:06.984	0.93449	0.93567			6
2025.09.01	00:53:07.353		0.93568			4
2025.09.01	00:53:12.542	0.93452	0.93573			6
2025.09.01	00:53:13.224		0.93572			4
2025.09.01	00:53:14.979	0.93454				2
2025.09.01	00:53:16.468		0.93571			4
2025.09.01	00:53:16.929	0.93438				2
2025.09.01	00:53:17.429	0.93454	0.93570			6
2025.09.01	00:53:20.830	0.93438				2
2025.09.01	00:53:21.136	0.93454				2
2025.09.01	00:53:21.500		0.93569			4
2025.09.01	00:53:21.831	0.93444				2
2025.09.01	00:53:23.598		0.93568			4
2025.09.01	00:53:27.367	0.93445	0.93573			6
2025.09.01	00:53:28.549		0.93569			4
2025.09.01	00:53:32.299		0.93570			4
2025.09.01	00:53:32.605		0.93568			4
2025.09.01	00:53:34.831	0.93446	0.93567			6
2025.09.01	00:53:37.089		0.93568			4
2025.09.01	00:53:43.549		0.93571			4
2025.09.01	00:53:52.084	0.93451	0.93573			6
2025.09.01	00:53:52.771		0.93575			4
2025.09.01	00:53:58.541	0.93446	0.93572			6
2025.09.01	00:54:00.711	0.93446	0.93573			6
2025.09.01	00:54:11.506		0.93572			4
2025.09.01	00:54:12.900		0.93571			4
2025.09.01	00:54:24.322	0.93447				2
2025.09.01	00:54:24.802	0.93441	0.93572			6
2025.09.01	00:54:25.320	0.93447	0.93570			6
2025.09.01	00:54:26.319	0.93441				2
2025.09.01	00:54:26.816	0.93447	0.93568			6
2025.09.01	00:54:27.816	0.93439	0.93569			6
2025.09.01	00:54:28.282	0.93447	0.93567			6
2025.09.01	00:54:28.682	0.93436	0.93568			6
2025.09.01	00:54:29.180	0.93447	0.93567			6
2025.09.01	00:54:29.679	0.93436	0.93568			6
2025.09.01	00:54:30.179	0.93435				2
2025.09.01	00:54:30.786	0.93447	0.93567			6
2025.09.01	00:54:31.165	0.93437				2
2025.09.01	00:54:31.471	0.93456	0.93570			6
2025.09.01	00:54:32.298		0.93571			4
2025.09.01	00:54:35.194		0.93572			4
2025.09.01	00:54:41.504		0.93573			4
2025.09.01	00:54:43.577		0.93584			4
2025.09.01	00:54:44.407		0.93583			4
2025.09.01	00:54:46.718		0.93582			4
2025.09.01	00:54:50.001		0.93584			4
2025.09.01	00:54:53.204	0.93457	0.93578			6
2025.09.01	00:54:53.520	0.93442	0.93583			6
2025.09.01	00:54:54.197	0.93457	0.93581			6
2025.09.01	00:54:54.704	0.93456	0.93584			6
2025.09.01	00:54:55.998		0.93585			4
2025.09.01	00:54:58.583		0.93583			4
2025.09.01	00:54:59.559		0.93584			4
2025.09.01	00:55:01.997	0.93456				2
2025.09.01	00:55:02.614		0.93587			4
2025.09.01	00:55:04.322		0.93588			4
2025.09.01	00:55:04.874		0.93587			4
2025.09.01	00:55:08.522		0.93586			4
2025.09.01	00:55:14.150		0.93585			4
2025.09.01	00:55:14.759		0.93590			4
2025.09.01	00:55:15.075	0.93454	0.93595			6
2025.09.01	00:55:23.535	0.93453				2
2025.09.01	00:55:24.038		0.93593			4
2025.09.01	00:55:24.506		0.93592			4
2025.09.01	00:55:26.750		0.93590			4
2025.09.01	00:55:28.546		0.93585			4
2025.09.01	00:55:43.544		0.93590			4
2025.09.01	00:55:45.800		0.93591			4
2025.09.01	00:56:04.402	0.93453	0.93590			6
2025.09.01	00:56:04.708	0.93444	0.93585			6
2025.09.01	00:56:06.652		0.93580			4
2025.09.01	00:56:07.097		0.93579			4
2025.09.01	00:56:18.692	0.93418	0.93578			6
2025.09.01	00:56:19.872		0.93587			4
2025.09.01	00:56:24.047		0.93586			4
2025.09.01	00:56:26.981		0.93584			4
2025.09.01	00:56:34.687	0.93424	0.93582			6
2025.09.01	00:56:39.957		0.93581			4
2025.09.01	00:56:41.019	0.93425				2
2025.09.01	00:56:41.600		0.93580			4
2025.09.01	00:56:47.306		0.93577			4
2025.09.01	00:56:56.648		0.93576			4
2025.09.01	00:57:02.600	0.93425	0.93579			6
2025.09.01	00:57:04.640		0.93577			4
2025.09.01	00:57:24.894		0.93579			4
2025.09.01	00:57:25.209		0.93585			4
2025.09.01	00:57:25.591		0.93577			4
2025.09.01	00:57:26.603	0.93424	0.93575			6
2025.09.01	00:57:26.920	0.93425				2
2025.09.01	00:57:32.550	0.93417	0.93574			6
2025.09.01	00:57:33.218		0.93575			4
2025.09.01	00:57:33.522		0.93574			4
2025.09.01	00:57:35.995		0.93573			4
2025.09.01	00:57:40.998		0.93574			4
2025.09.01	00:57:41.433	0.93413	0.93573			6
2025.09.01	00:57:42.508	0.93415	0.93571			6
2025.09.01	00:57:45.799	0.93414				2
2025.09.01	00:57:46.823	0.93415	0.93570			6
2025.09.01	00:57:48.804	0.93416	0.93569			6
2025.09.01	00:57:49.376	0.93414	0.93572			6
2025.09.01	00:57:49.698		0.93571			4
2025.09.01	00:57:52.399	0.93415				2
2025.09.01	00:57:56.297		0.93570			4
2025.09.01	00:57:56.902		0.93571			4
2025.09.01	00:57:59.620	0.93414	0.93572			6
2025.09.01	00:58:00.053	0.93410	0.93571			6
2025.09.01	00:58:00.359	0.93414				2
2025.09.01	00:58:01.270		0.93572			4
2025.09.01	00:58:01.997		0.93571			4
2025.09.01	00:58:04.998	0.93415	0.93570			6
2025.09.01	00:58:05.417	0.93412	0.93573			6
2025.09.01	00:58:08.561	0.93413				2
2025.09.01	00:58:09.078	0.93414	0.93572			6
2025.09.01	00:58:10.230	0.93413	0.93573			6
2025.09.01	00:58:11.043	0.93412				2
2025.09.01	00:58:12.197	0.93413				2
2025.09.01	00:58:14.483	0.93414	0.93572			6
2025.09.01	00:58:18.754	0.93412	0.93574			6
2025.09.01	00:58:21.717	0.93413	0.93572			6
2025.09.01	00:58:22.020	0.93414	0.93571			6
2025.09.01	00:58:22.334	0.93409	0.93572			6
2025.09.01	00:58:22.648	0.93413				2
2025.09.01	00:58:24.215	0.93416	0.93570			6
2025.09.01	00:58:24.686	0.93413	0.93572			6
2025.09.01	00:58:25.703	0.93414	0.93571			6
2025.09.01	00:58:28.416	0.93415	0.93570			6
2025.09.01	00:58:28.786	0.93413	0.93572			6
2025.09.01	00:58:31.796	0.93412	0.93573			6
2025.09.01	00:58:32.975	0.93413				2
2025.09.01	00:58:34.845	0.93412				2
2025.09.01	00:58:35.990	0.93411	0.93574			6
2025.09.01	00:58:40.099	0.93410	0.93575			6
2025.09.01	00:58:44.777		0.93581			4
2025.09.01	00:58:47.082		0.93580			4
2025.09.01	00:58:48.199		0.93581			4
2025.09.01	00:58:50.681	0.93404	0.93578			6
2025.09.01	00:58:50.992		0.93577			4
2025.09.01	00:58:52.999	0.93403	0.93579			6
2025.09.01	00:58:56.575	0.93402	0.93578			6
2025.09.01	00:59:00.196	0.93402				2
2025.09.01	00:59:00.870	0.93401	0.93579			6
2025.09.01	00:59:05.477	0.93424	0.93620			6
2025.09.01	00:59:05.932		0.93618			4
2025.09.01	00:59:07.533		0.93620			4
2025.09.01	00:59:09.986		0.93615			4
2025.09.01	00:59:11.831		0.93620			4
2025.09.01	00:59:12.658	0.93398	0.93594			6
2025.09.01	00:59:14.322		0.93591			4
2025.09.01	00:59:16.044	0.93433	0.93620			6
2025.09.01	00:59:17.422	0.93434	0.93615			6
2025.09.01	00:59:18.193		0.93619			4
2025.09.01	00:59:19.549		0.93620			4
2025.09.01	00:59:20.197	0.93432				2
2025.09.01	00:59:24.718	0.93430				2
2025.09.01	00:59:25.630	0.93431	0.93619			6
2025.09.01	00:59:27.423	0.93430	0.93620			6
2025.09.01	00:59:28.260	0.93432	0.93619			6
2025.09.01	00:59:29.462	0.93430				2
2025.09.01	00:59:31.331	0.93432				2
2025.09.01	00:59:32.531	0.93428	0.93620			6
2025.09.01	00:59:33.424	0.93434	0.93619			6
2025.09.01	00:59:34.266	0.93431				2
2025.09.01	00:59:35.458	0.93430				2
2025.09.01	00:59:36.288	0.93435				2
2025.09.01	00:59:37.246	0.93432				2
2025.09.01	00:59:37.591	0.93428	0.93620			6
2025.09.01	00:59:39.422	0.93442	0.93619			6
2025.09.01	00:59:40.147	0.93441				2
2025.09.01	00:59:41.530	0.93432	0.93620			6
2025.09.01	00:59:43.541	0.93434	0.93619			6
2025.09.01	00:59:44.100	0.93431				2
2025.09.01	00:59:45.478	0.93433	0.93620			6
2025.09.01	00:59:47.150	0.93435	0.93619			6
2025.09.01	00:59:47.999	0.93432	0.93620			6
2025.09.01	00:59:48.648		0.93625			4
2025.09.01	00:59:49.256	0.93442	0.93624			6
2025.09.01	00:59:49.563	0.93436				2
2025.09.01	00:59:50.120	0.93432	0.93625			6
2025.09.01	00:59:50.797	0.93431				2
2025.09.01	00:59:52.847	0.93436	0.93624			6
2025.09.01	00:59:53.528	0.93433	0.93625			6
2025.09.01	00:59:55.151	0.93442	0.93624			6
2025.09.01	00:59:55.919	0.93432	0.93625			6
2025.09.01	00:59:56.445	0.93431				2
2025.09.01	00:59:59.146	0.93432				2
2025.09.01	01:00:00.426	0.93480	0.93641			6
2025.09.01	01:00:00.816	0.93474	0.93631			6
2025.09.01	01:00:01.206	0.93495	0.93627			6
2025.09.01	01:00:01.550	0.93501	0.93625			6
2025.09.01	01:00:01.858	0.93509	0.93621			6
2025.09.01	01:00:02.169	0.93513	0.93620			6
2025.09.01	01:00:02.478	0.93472	0.93623			6
2025.09.01	01:00:02.787	0.93525	0.93612			6
2025.09.01	01:00:03.221	0.93524	0.93621			6
2025.09.01	01:00:03.927	0.93527	0.93588			6
2025.09.01	01:00:04.445		0.93575			4
2025.09.01	01:00:04.751		0.93560			4
2025.09.01	01:00:05.059		0.93584			4
2025.09.01	01:00:05.723		0.93580			4
2025.09.01	01:00:06.324	0.93529	0.93609			6
2025.09.01	01:00:06.658		0.93601			4
2025.09.01	01:00:06.961		0.93599			4
2025.09.01	01:00:07.479	0.93531	0.93611			6
2025.09.01	01:00:08.295	0.93526	0.93608			6
2025.09.01	01:00:08.818	0.93531	0.93607			6
2025.09.01	01:00:09.611	0.93530	0.93608			6
2025.09.01	01:00:10.110	0.93531	0.93607			6
2025.09.01	01:00:10.430	0.93530	0.93608			6
2025.09.01	01:00:10.787	0.93531	0.93607			6
2025.09.01	01:00:11.598		0.93612			4
2025.09.01	01:00:11.976	0.93529				2
2025.09.01	01:00:12.351	0.93531	0.93611			6
2025.09.01	01:00:12.916	0.93525	0.93612			6
2025.09.01	01:00:13.244	0.93526				2
2025.09.01	01:00:13.678	0.93531				2
2025.09.01	01:00:15.151		0.93611			4
2025.09.01	01:00:17.163		0.93615			4
2025.09.01	01:00:18.200		0.93611			4
2025.09.01	01:00:19.894		0.93571			4
2025.09.01	01:00:24.589	0.93539				2
2025.09.01	01:00:25.015	0.93538				2
2025.09.01	01:00:27.770		0.93574			4
2025.09.01	01:00:29.275		0.93571			4
2025.09.01	01:00:31.276	0.93529	0.93612			6
2025.09.01	01:00:32.291	0.93539	0.93597			6
2025.09.01	01:00:34.151	0.93529				2
2025.09.01	01:00:34.548	0.93536	0.93598			6
2025.09.01	01:00:35.257	0.93521				2
2025.09.01	01:00:35.559	0.93536				2
2025.09.01	01:00:36.346	0.93529				2
2025.09.01	01:00:38.590	0.93534				2
2025.09.01	01:00:40.335	0.93529				2
2025.09.01	01:00:40.718	0.93533				2
2025.09.01	01:00:41.019	0.93534	0.93609			6
2025.09.01	01:00:42.031		0.93608			4
2025.09.01	01:00:42.878		0.93606			4
2025.09.01	01:00:47.906	0.93532	0.93600			6
2025.09.01	01:00:48.215	0.93534	0.93598			6
2025.09.01	01:00:49.340	0.93533	0.93588			6
2025.09.01	01:00:49.786	0.93529				2
2025.09.01	01:00:50.089	0.93531				2
2025.09.01	01:00:51.199	0.93530	0.93594			6
2025.09.01	01:00:52.411	0.93529	0.93588			6
2025.09.01	01:00:52.998	0.93526	0.93589			6
2025.09.01	01:00:53.308	0.93524				2
2025.09.01	01:00:55.106		0.93568			4
2025.09.01	01:00:55.419	0.93527	0.93567			6
2025.09.01	01:00:55.818	0.93523	0.93570			6
2025.09.01	01:00:56.211		0.93563			4
2025.09.01	01:00:56.518	0.93527	0.93560			6
2025.09.01	01:00:57.470	0.93547	0.93578			6
2025.09.01	01:00:57.822		0.93579			4
2025.09.01	01:00:58.315		0.93580			4
2025.09.01	01:00:59.391	0.93552	0.93588			6
2025.09.01	01:01:00.118	0.93552	0.93586			6
2025.09.01	01:01:00.788	0.93541				2
2025.09.01	01:01:03.392	0.93549	0.93595			6
2025.09.01	01:01:04.352		0.93596			4
2025.09.01	01:01:04.661	0.93552	0.93599			6
2025.09.01	01:01:04.980	0.93554	0.93597			6
2025.09.01	01:01:05.689		0.93599			4
2025.09.01	01:01:05.998		0.93601			4
2025.09.01	01:01:10.098	0.93555	0.93600			6
2025.09.01	01:01:12.198		0.93599			4
2025.09.01	01:01:16.121	0.93554	0.93598			6
2025.09.01	01:01:17.772		0.93597			4
2025.09.01	01:01:20.262		0.93595			4
2025.09.01	01:01:20.568	0.93553	0.93594			6
2025.09.01	01:01:21.282	0.93549	0.93589			6
2025.09.01	01:01:22.345		0.93587			4
2025.09.01	01:01:23.662	0.93565	0.93600			6
2025.09.01	01:01:24.159	0.93567	0.93605			6
2025.09.01	01:01:24.501		0.93606			4
2025.09.01	01:01:25.774		0.93608			4
2025.09.01	01:01:30.288	0.93566	0.93607			6
2025.09.01	01:01:30.599		0.93608			4
2025.09.01	01:01:31.951		0.93607			4
2025.09.01	01:01:32.300		0.93608			4
2025.09.01	01:01:34.347		0.93604			4
2025.09.01	01:01:40.378	0.93565				2
2025.09.01	01:01:44.312		0.93603			4
2025.09.01	01:01:53.866		0.93599			4
2025.09.01	01:01:54.208	0.93564	0.93597			6
2025.09.01	01:01:55.964		0.93595			4
2025.09.01	01:01:56.360	0.93560				2
2025.09.01	01:01:58.055	0.93561				2
2025.09.01	01:02:00.445	0.93561	0.93596			6
2025.09.01	01:02:00.850		0.93598			4
2025.09.01	01:02:01.860	0.93544	0.93606			6
2025.09.01	01:02:02.260	0.93551	0.93592			6
2025.09.01	01:02:04.344	0.93554	0.93590			6
2025.09.01	01:02:06.330	0.93552	0.93588			6
2025.09.01	01:02:07.181	0.93544	0.93579			6
2025.09.01	01:02:08.345		0.93581			4
2025.09.01	01:02:09.357	0.93573	0.93609			6
2025.09.01	01:02:09.767		0.93608			4
2025.09.01	01:02:10.302	0.93561				2
2025.09.01	01:02:13.187	0.93562				2
2025.09.01	01:02:14.682	0.93561				2
2025.09.01	01:02:14.985	0.93562				2
2025.09.01	01:02:19.696		0.93611			4
2025.09.01	01:02:20.295	0.93568				2
2025.09.01	01:02:22.400		0.93612			4
2025.09.01	01:02:22.711	0.93569				2
2025.09.01	01:02:23.850	0.93570				2
2025.09.01	01:02:24.349	0.93571				2
2025.09.01	01:02:25.100	0.93570				2
2025.09.01	01:02:26.566	0.93569				2
2025.09.01	01:02:28.799	0.93570				2
2025.09.01	01:02:30.201	0.93569				2
2025.09.01	01:02:30.566		0.93611			4
2025.09.01	01:02:32.344	0.93572				2
2025.09.01	01:02:36.056		0.93612			4
2025.09.01	01:02:40.257		0.93613			4
2025.09.01	01:02:41.371	0.93574	0.93615			6
2025.09.01	01:02:41.794	0.93575				2
2025.09.01	01:02:42.197	0.93576				2
2025.09.01	01:02:49.100	0.93580	0.93617			6
2025.09.01	01:02:49.402	0.93581	0.93616			6
2025.09.01	01:02:50.106	0.93580	0.93614			6
2025.09.01	01:02:51.214	0.93578				2
2025.09.01	01:02:52.343	0.93579				2
2025.09.01	01:02:54.343	0.93581				2
2025.09.01	01:02:57.965	0.93583				2
2025.09.01	01:03:00.198	0.93584				2
2025.09.01	01:03:00.722	0.93590	0.93623			6
2025.09.01	01:03:01.030	0.93589	0.93622			6
2025.09.01	01:03:02.349	0.93586	0.93623			6
2025.09.01	01:03:04.056		0.93622			4
2025.09.01	01:03:04.478		0.93623			4
2025.09.01	01:03:08.188	0.93587				2
2025.09.01	01:03:09.528	0.93586				2
2025.09.01	01:03:12.353	0.93587	0.93622			6
2025.09.01	01:03:14.372	0.93586	0.93621			6
2025.09.01	01:03:14.712	0.93585				2
2025.09.01	01:03:16.708		0.93620			4
2025.09.01	01:03:22.345	0.93586				2
2025.09.01	01:03:25.223	0.93585	0.93618			6
2025.09.01	01:03:30.350	0.93587	0.93615			6
2025.09.01	01:04:01.099	0.93587				2
2025.09.01	01:04:02.917	0.93585				2
2025.09.01	01:04:19.552	0.93584				2
2025.09.01	01:04:32.348		0.93616			4
2025.09.01	01:04:35.728	0.93581	0.93612			6
2025.09.01	01:04:36.347		0.93611			4
2025.09.01	01:04:36.734		0.93612			4
2025.09.01	01:04:38.411	0.93573	0.93604			6
2025.09.01	01:04:39.023	0.93574				2
2025.09.01	01:04:40.099	0.93569	0.93608			6
2025.09.01	01:04:50.352	0.93572	0.93606			6
2025.09.01	01:04:52.350	0.93571	0.93607			6
2025.09.01	01:04:54.355	0.93572	0.93606			6
2025.09.01	01:05:00.199	0.93566	0.93600			6
2025.09.01	01:05:00.501	0.93567	0.93601			6
2025.09.01	01:05:00.807		0.93602			4
2025.09.01	01:05:01.302	0.93570	0.93605			6
2025.09.01	01:05:01.679	0.93571	0.93606			6
2025.09.01	01:05:02.300	0.93558	0.93618			6
2025.09.01	01:05:03.780	0.93557	0.93617			6
2025.09.01	01:05:04.099	0.93558	0.93618			6
2025.09.01	01:05:10.348	0.93559	0.93617			6
2025.09.01	01:05:12.180	0.93574	0.93605			6
2025.09.01	01:05:17.302	0.93571	0.93603			6
2025.09.01	01:05:18.364	0.93570	0.93602			6
2025.09.01	01:05:20.349	0.93571	0.93601			6
2025.09.01	01:05:22.152	0.93574	0.93604			6
2025.09.01	01:05:22.998	0.93576	0.93606			6
2025.09.01	01:05:26.967	0.93574	0.93605			6
2025.09.01	01:05:31.486	0.93576	0.93606			6
2025.09.01	01:05:36.799	0.93575				2
2025.09.01	01:05:41.598	0.93574	0.93605			6
2025.09.01	01:05:47.034	0.93573	0.93604			6
2025.09.01	01:05:49.739	0.93574				2
2025.09.01	01:05:50.356	0.93571	0.93609			6
2025.09.01	01:05:53.014	0.93572				2
2025.09.01	01:05:56.251	0.93573	0.93610			6
2025.09.01	01:05:57.235	0.93575	0.93613			6
2025.09.01	01:06:00.361	0.93579	0.93608			6
2025.09.01	01:06:01.049	0.93577	0.93607			6
2025.09.01	01:06:02.342	0.93578				2
2025.09.01	01:06:04.657		0.93608			4
2025.09.01	01:06:07.143	0.93577	0.93607			6
2025.09.01	01:06:25.084	0.93578	0.93608			6
2025.09.01	01:06:31.252	0.93577	0.93607			6
2025.09.01	01:06:33.210	0.93576				2
2025.09.01	01:06:36.345	0.93575	0.93608			6
2025.09.01	01:06:37.399	0.93591	0.93621			6
2025.09.01	01:06:37.742		0.93622			4
2025.09.01	01:06:40.603	0.93592				2
2025.09.01	01:06:41.825	0.93593	0.93623			6
2025.09.01	01:06:42.345	0.93594	0.93624			6
2025.09.01	01:06:44.961	0.93598	0.93617			6
2025.09.01	01:06:47.363	0.93599				2
2025.09.01	01:06:50.180	0.93601	0.93618			6
2025.09.01	01:06:54.653	0.93598	0.93624			6
2025.09.01	01:06:54.959	0.93603	0.93620			6
2025.09.01	01:06:55.263	0.93602	0.93621			6
2025.09.01	01:06:56.356		0.93620			4
2025.09.01	01:06:58.188	0.93604	0.93621			6
2025.09.01	01:06:59.904	0.93606	0.93623			6
2025.09.01	01:07:00.218	0.93606				2
2025.09.01	01:07:00.906	0.93594	0.93622			6
2025.09.01	01:07:02.095		0.93620			4
2025.09.01	01:07:03.199		0.93619			4
2025.09.01	01:07:03.897	0.93598	0.93615			6
2025.09.01	01:07:04.920	0.93601	0.93618			6
2025.09.01	01:07:08.289	0.93603	0.93619			6
2025.09.01	01:07:09.250	0.93601	0.93618			6
2025.09.01	01:07:09.891	0.93602				2
2025.09.01	01:07:14.231	0.93601	0.93616			6
2025.09.01	01:07:16.959	0.93602	0.93617			6
2025.09.01	01:07:17.271	0.93603	0.93619			6
2025.09.01	01:07:17.968	0.93601	0.93617			6
2025.09.01	01:07:21.359	0.93602	0.93618			6
2025.09.01	01:07:26.129	0.93599	0.93615			6
2025.09.01	01:07:26.437	0.93598	0.93614			6
2025.09.01	01:07:27.506		0.93613			4
2025.09.01	01:07:28.285	0.93600	0.93616			6
2025.09.01	01:07:29.361	0.93602	0.93617			6
2025.09.01	01:07:30.358	0.93603	0.93619			6
2025.09.01	01:07:30.798		0.93618			4
2025.09.01	01:07:41.300	0.93604	0.93620			6
2025.09.01	01:07:42.915	0.93599	0.93617			6
2025.09.01	01:07:44.001	0.93600	0.93616			6
2025.09.01	01:07:45.198	0.93599				2
2025.09.01	01:07:45.514	0.93598	0.93620			6
2025.09.01	01:07:47.527	0.93600	0.93615			6
2025.09.01	01:07:47.963		0.93616			4
2025.09.01	01:07:56.935	0.93595	0.93611			6
2025.09.01	01:08:00.900	0.93595				2
2025.09.01	01:08:02.299	0.93594	0.93609			6
2025.09.01	01:08:03.273	0.93598	0.93616			6
2025.09.01	01:08:03.585	0.93597				2
2025.09.01	01:08:04.351	0.93596				2
2025.09.01	01:08:11.189	0.93597	0.93617			6
2025.09.01	01:08:20.197		0.93615			4
2025.09.01	01:08:22.101	0.93598	0.93614			6
2025.09.01	01:08:27.423	0.93599	0.93615			6
2025.09.01	01:08:31.092	0.93598	0.93614			6
2025.09.01	01:08:33.800	0.93599	0.93613			6
2025.09.01	01:09:00.852	0.93599				2
2025.09.01	01:09:03.694	0.93597	0.93612			6
2025.09.01	01:09:13.481	0.93589	0.93609			6
2025.09.01	01:09:13.800	0.93585	0.93607			6
2025.09.01	01:09:14.299	0.93584				2
2025.09.01	01:09:15.797	0.93585				2
2025.09.01	01:09:22.400	0.93584				2
2025.09.01	01:09:30.809	0.93587	0.93608			6
2025.09.01	01:09:36.798		0.93607			4
2025.09.01	01:09:39.498	0.93588	0.93608			6
2025.09.01	01:09:45.800		0.93607			4
2025.09.01	01:10:00.198	0.93588				2
2025.09.01	01:10:00.559		0.93609			4
2025.09.01	01:10:00.906	0.93591				2
2025.09.01	01:10:01.998	0.93592				2
2025.09.01	01:10:05.298	0.93591				2
2025.09.01	01:10:08.346	0.93593	0.93610			6
2025.09.01	01:10:10.348		0.93611			4
2025.09.01	01:10:11.672	0.93594	0.93610			6
2025.09.01	01:10:21.798		0.93611			4
2025.09.01	01:10:22.165	0.93589	0.93607			6
2025.09.01	01:10:23.598	0.93588				2
2025.09.01	01:10:24.811	0.93589	0.93608			6
2025.09.01	01:10:27.800	0.93588				2
2025.09.01	01:10:28.667	0.93589				2
2025.09.01	01:10:29.598	0.93588				2
2025.09.01	01:10:32.353	0.93589				2
2025.09.01	01:10:33.801	0.93590				2
2025.09.01	01:10:39.498	0.93589				2
2025.09.01	01:10:45.199	0.93590				2
2025.09.01	01:11:00.851	0.93590				2
2025.09.01	01:11:02.300	0.93591				2
2025.09.01	01:11:02.846	0.93592				2
2025.09.01	01:11:05.407	0.93580	0.93599			6
2025.09.01	01:11:06.349		0.93601			4
2025.09.01	01:11:06.842	0.93585				2
2025.09.01	01:11:08.299	0.93586				2
2025.09.01	01:11:15.799	0.93587				2
2025.09.01	01:11:17.956	0.93584				2
2025.09.01	01:11:19.173	0.93586				2
2025.09.01	01:11:21.845	0.93587				2
2025.09.01	01:11:24.798		0.93602			4
2025.09.01	01:11:28.098	0.93585	0.93601			6
2025.09.01	01:11:41.599		0.93602			4
2025.09.01	01:11:51.569	0.93586				2
2025.09.01	01:11:52.699	0.93585				2
2025.09.01	01:12:00.542	0.93585				2
2025.09.01	01:12:17.813	0.93587	0.93600			6
2025.09.01	01:12:18.122	0.93585	0.93602			6
2025.09.01	01:12:23.663	0.93587				2
2025.09.01	01:12:42.493	0.93585				2
2025.09.01	01:12:45.364	0.93584	0.93601			6
2025.09.01	01:12:46.378	0.93581	0.93600			6
2025.09.01	01:12:52.732	0.93583	0.93601			6
2025.09.01	01:12:54.199	0.93584	0.93600			6
2025.09.01	01:12:56.429	0.93582				2
2025.09.01	01:12:57.183	0.93585	0.93599			6
2025.09.01	01:12:57.797	0.93586				2
2025.09.01	01:13:00.666	0.93587				2
2025.09.01	01:13:00.984		0.93600			4
2025.09.01	01:13:01.807	0.93590	0.93603			6
2025.09.01	01:13:02.597	0.93589				2
2025.09.01	01:13:04.099	0.93590				2
2025.09.01	01:13:05.283	0.93588				2
2025.09.01	01:13:13.729	0.93589	0.93602			6
2025.09.01	01:13:18.380	0.93588	0.93600			6
2025.09.01	01:13:19.665		0.93601			4
2025.09.01	01:13:24.616	0.93590	0.93603			6
2025.09.01	01:13:30.037	0.93589				2
2025.09.01	01:13:36.963		0.93604			4
2025.09.01	01:13:44.599		0.93603			4
2025.09.01	01:13:45.360	0.93588				2
2025.09.01	01:13:46.344	0.93589				2
2025.09.01	01:13:52.098		0.93604			4
2025.09.01	01:13:54.498		0.93603			4
2025.09.01	01:14:00.169	0.93589				2
2025.09.01	01:14:00.473		0.93604			4
2025.09.01	01:14:01.051	0.93590				2
2025.09.01	01:14:01.640	0.93592				2
2025.09.01	01:14:03.047	0.93587				2
2025.09.01	01:14:03.398	0.93589				2
2025.09.01	01:14:04.051	0.93590				2
2025.09.01	01:14:08.042	0.93591	0.93605			6
2025.09.01	01:14:08.794	0.93589				2
2025.09.01	01:14:09.797		0.93606			4
2025.09.01	01:14:10.697		0.93605			4
2025.09.01	01:14:14.349	0.93591				2
2025.09.01	01:14:14.660	0.93589	0.93604			6
2025.09.01	01:14:15.787	0.93591				2
2025.09.01	01:14:16.998	0.93590				2
2025.09.01	01:14:19.103	0.93589	0.93606			6
2025.09.01	01:14:21.148	0.93591	0.93607			6
2025.09.01	01:14:22.204		0.93606			4
2025.09.01	01:14:23.892	0.93592				2
2025.09.01	01:14:26.905		0.93604			4
2025.09.01	01:14:28.300	0.93589				2
2025.09.01	01:14:29.051	0.93591				2
2025.09.01	01:14:38.226	0.93589				2
2025.09.01	01:14:39.256	0.93591				2
2025.09.01	01:14:45.379	0.93589				2
2025.09.01	01:14:46.051	0.93591				2
2025.09.01	01:14:50.727	0.93587	0.93602			6
2025.09.01	01:14:51.040	0.93586	0.93603			6
2025.09.01	01:14:53.823	0.93589	0.93605			6
2025.09.01	01:14:57.365	0.93586	0.93603			6
2025.09.01	01:15:00.187	0.93590	0.93600			6
2025.09.01	01:15:00.501		0.93603			4
2025.09.01	01:15:01.402	0.93588	0.93602			6
2025.09.01	01:15:01.707	0.93589	0.93606			6
2025.09.01	01:15:02.020	0.93591				2
2025.09.01	01:15:02.739		0.93605			4
2025.09.01	01:15:03.080		0.93606			4
2025.09.01	01:15:03.734	0.93590				2
2025.09.01	01:15:04.418	0.93585				2
2025.09.01	01:15:04.998	0.93586				2
2025.09.01	01:15:05.371	0.93585	0.93605			6
2025.09.01	01:15:06.197	0.93586				2
2025.09.01	01:15:09.596	0.93591	0.93606			6
2025.09.01	01:15:10.408		0.93605			4
2025.09.01	01:15:10.761	0.93590	0.93606			6
2025.09.01	01:15:12.724	0.93591				2
2025.09.01	01:15:17.827	0.93590	0.93604			6
2025.09.01	01:15:18.153	0.93591	0.93605			6
2025.09.01	01:15:18.880	0.93590				2
2025.09.01	01:15:19.180	0.93589				2
2025.09.01	01:15:21.363	0.93590				2
2025.09.01	01:15:21.741	0.93589				2
2025.09.01	01:15:23.800	0.93588				2
2025.09.01	01:15:24.148	0.93590				2
2025.09.01	01:15:24.512	0.93589				2
2025.09.01	01:15:25.259	0.93590				2
2025.09.01	01:15:25.633	0.93588				2
2025.09.01	01:15:25.976	0.93589				2
2025.09.01	01:15:26.295	0.93590				2
2025.09.01	01:15:26.596	0.93589				2
2025.09.01	01:15:28.290	0.93590				2
2025.09.01	01:15:28.999	0.93589				2
2025.09.01	01:15:29.308	0.93590				2
2025.09.01	01:15:31.472	0.93591				2
2025.09.01	01:15:33.190	0.93590				2
2025.09.01	01:15:34.330	0.93592	0.93604			6
2025.09.01	01:15:34.726	0.93591	0.93605			6
2025.09.01	01:15:36.009	0.93589				2
2025.09.01	01:15:36.395	0.93590				2
2025.09.01	01:15:36.746	0.93589				2
2025.09.01	01:15:37.421	0.93590				2
2025.09.01	01:15:37.767	0.93589				2
2025.09.01	01:15:38.452	0.93593	0.93606			6
2025.09.01	01:15:38.758	0.93591	0.93607			6
2025.09.01	01:15:39.587	0.93592	0.93606			6
2025.09.01	01:15:39.892	0.93593				2
2025.09.01	01:15:40.739	0.93592	0.93607			6
2025.09.01	01:15:41.053	0.93590	0.93606			6
2025.09.01	01:15:41.598	0.93591	0.93607			6
2025.09.01	01:15:41.994		0.93606			4
2025.09.01	01:15:42.339		0.93607			4
2025.09.01	01:15:42.679	0.93593	0.93608			6
2025.09.01	01:15:43.003	0.93595				2
2025.09.01	01:15:43.317	0.93597	0.93609			6
2025.09.01	01:15:43.904	0.93596	0.93610			6
2025.09.01	01:15:44.275	0.93597	0.93609			6
2025.09.01	01:15:44.950	0.93596	0.93610			6
2025.09.01	01:15:45.379		0.93609			4
2025.09.01	01:15:47.483	0.93595				2
2025.09.01	01:15:47.826	0.93596	0.93608			6
2025.09.01	01:15:48.169	0.93595	0.93609			6
2025.09.01	01:15:48.858	0.93596	0.93608			6
2025.09.01	01:15:49.198	0.93595	0.93609			6
2025.09.01	01:15:49.886	0.93596	0.93608			6
2025.09.01	01:15:50.231	0.93595	0.93609			6
2025.09.01	01:15:50.917	0.93596	0.93608			6
2025.09.01	01:15:51.221	0.93594	0.93609			6
2025.09.01	01:15:51.608	0.93595				2
2025.09.01	01:15:51.949	0.93596	0.93608			6
2025.09.01	01:15:52.296	0.93595	0.93609			6
2025.09.01	01:15:52.976	0.93594	0.93607			6
2025.09.01	01:15:53.293	0.93591	0.93609			6
2025.09.01	01:15:53.779	0.93595				2
2025.09.01	01:15:54.124		0.93608			4
2025.09.01	01:15:54.438		0.93609			4
2025.09.01	01:15:55.152		0.93608			4
2025.09.01	01:15:55.473		0.93609			4
2025.09.01	01:15:58.230		0.93608			4
2025.09.01	01:15:58.582		0.93609			4
2025.09.01	01:15:59.270	0.93596	0.93608			6
2025.09.01	01:15:59.577	0.93595	0.93609			6
2025.09.01	01:16:00.298	0.93595				2
2025.09.01	01:16:00.606	0.93596	0.93608			6
2025.09.01	01:16:00.918	0.93598	0.93610			6
2025.09.01	01:16:02.191		0.93611			4
2025.09.01	01:16:02.849		0.93610			4
2025.09.01	01:16:03.196	0.93596	0.93608			6
2025.09.01	01:16:03.556	0.93597	0.93611			6
2025.09.01	01:16:04.490	0.93598	0.93610			6
2025.09.01	01:16:08.349	0.93597	0.93611			6
2025.09.01	01:16:09.539	0.93596	0.93609			6
2025.09.01	01:16:09.848	0.93597				2
2025.09.01	01:16:10.705	0.93596				2
2025.09.01	01:16:11.024	0.93597				2
2025.09.01	01:16:11.740	0.93596				2
2025.09.01	01:16:12.056	0.93597				2
2025.09.01	01:16:12.776	0.93596				2
2025.09.01	01:16:13.097	0.93597				2
2025.09.01	01:16:13.810	0.93596				2
2025.09.01	01:16:14.134	0.93597				2
2025.09.01	01:16:14.776	0.93596				2
2025.09.01	01:16:15.168	0.93597				2
2025.09.01	01:16:15.812	0.93596				2
2025.09.01	01:16:16.202	0.93597				2
2025.09.01	01:16:16.848	0.93596				2
2025.09.01	01:16:17.154	0.93597				2
2025.09.01	01:16:17.885	0.93596				2
2025.09.01	01:16:18.200	0.93597				2
2025.09.01	01:16:18.921	0.93596				2
2025.09.01	01:16:19.241	0.93597				2
2025.09.01	01:16:19.958	0.93596				2
2025.09.01	01:16:20.287	0.93597				2
2025.09.01	01:16:20.994	0.93596				2
2025.09.01	01:16:21.330	0.93597				2
2025.09.01	01:16:22.065	0.93596				2
2025.09.01	01:16:22.421	0.93597				2
2025.09.01	01:16:23.133	0.93596				2
2025.09.01	01:16:23.457	0.93597				2
2025.09.01	01:16:24.165	0.93596				2
2025.09.01	01:16:24.493	0.93597				2
2025.09.01	01:16:25.201	0.93596				2
2025.09.01	01:16:25.507	0.93597				2
2025.09.01	01:16:26.238	0.93596				2
2025.09.01	01:16:26.551	0.93597				2
2025.09.01	01:16:27.275	0.93596				2
2025.09.01	01:16:27.596	0.93597				2
2025.09.01	01:16:28.308	0.93596				2
2025.09.01	01:16:28.639	0.93597				2
2025.09.01	01:16:29.324	0.93596				2
2025.09.01	01:16:29.675	0.93598	0.93611			6
2025.09.01	01:16:30.421	0.93597				2
2025.09.01	01:16:30.847	0.93598				2
2025.09.01	01:16:33.023	0.93597				2
2025.09.01	01:16:34.983	0.93596	0.93609			6
2025.09.01	01:16:35.347	0.93597				2
2025.09.01	01:16:38.231	0.93596				2
2025.09.01	01:16:38.538	0.93597				2
2025.09.01	01:16:41.365	0.93596				2
2025.09.01	01:16:41.689	0.93597				2
2025.09.01	01:16:42.404	0.93596				2
2025.09.01	01:16:42.807	0.93597				2
2025.09.01	01:16:43.443	0.93596				2
2025.09.01	01:16:43.780	0.93597				2
2025.09.01	01:16:44.476	0.93596				2
2025.09.01	01:16:44.820	0.93597				2
2025.09.01	01:16:45.316	0.93595				2
2025.09.01	01:16:45.617		0.93608			4
2025.09.01	01:16:47.424		0.93609			4
2025.09.01	01:16:47.743		0.93608			4
2025.09.01	01:16:48.461		0.93609			4
2025.09.01	01:16:48.791		0.93608			4
2025.09.01	01:16:49.497		0.93609			4
2025.09.01	01:16:49.831		0.93608			4
2025.09.01	01:16:50.532		0.93609			4
2025.09.01	01:16:50.875		0.93608			4
2025.09.01	01:16:51.225	0.93594				2
2025.09.01	01:16:51.540	0.93595	0.93610			6
2025.09.01	01:16:52.130		0.93607			4
2025.09.01	01:16:52.471	0.93594				2
2025.09.01	01:16:52.863	0.93595				2
2025.09.01	01:16:55.734	0.93594				2
2025.09.01	01:16:56.297	0.93595				2
2025.09.01	01:17:00.468	0.93595	0.93608			6
2025.09.01	01:17:01.709	0.93596				2
2025.09.01	01:17:05.013	0.93595				2
2025.09.01	01:17:13.270	0.93597	0.93607			6
2025.09.01	01:17:15.407	0.93596				2
2025.09.01	01:17:15.799	0.93597				2
2025.09.01	01:17:19.522	0.93596				2
2025.09.01	01:17:21.506	0.93597				2
2025.09.01	01:17:25.852	0.93596	0.93606			6
2025.09.01	01:17:28.985	0.93597				2
2025.09.01	01:17:29.598	0.93596				2
2025.09.01	01:17:40.219		0.93608			4
2025.09.01	01:17:41.600	0.93595	0.93609			6
2025.09.01	01:17:42.804		0.93608			4
2025.09.01	01:17:45.358		0.93607			4
2025.09.01	01:17:46.398		0.93608			4
2025.09.01	01:17:50.041	0.93596				2
2025.09.01	01:17:51.450	0.93595				2
2025.09.01	01:17:53.261	0.93594	0.93607			6
2025.09.01	01:18:00.424	0.93596				2
2025.09.01	01:18:00.807	0.93597				2
2025.09.01	01:18:03.497		0.93606			4
2025.09.01	01:18:05.597	0.93596				2
2025.09.01	01:18:05.906	0.93597				2
2025.09.01	01:18:15.194	0.93596				2
2025.09.01	01:18:15.515	0.93597				2
2025.09.01	01:18:22.100	0.93598				2
2025.09.01	01:18:31.698	0.93589	0.93605			6
2025.09.01	01:18:32.830	0.93590				2
2025.09.01	01:18:34.702		0.93604			4
2025.09.01	01:18:39.197		0.93605			4
2025.09.01	01:18:40.910		0.93604			4
2025.09.01	01:18:42.200		0.93605			4
2025.09.01	01:18:42.642	0.93592	0.93604			6
2025.09.01	01:18:45.364		0.93603			4
2025.09.01	01:18:46.342	0.93591				2
2025.09.01	01:18:49.245	0.93590	0.93601			6
2025.09.01	01:18:49.997		0.93602			4
2025.09.01	01:18:52.341	0.93588	0.93601			6
2025.09.01	01:18:53.389	0.93590	0.93602			6
2025.09.01	01:18:54.750	0.93591				2
2025.09.01	01:18:55.299	0.93590				2
2025.09.01	01:18:55.697	0.93591				2
2025.09.01	01:18:56.286	0.93590				2
2025.09.01	01:18:56.935	0.93591				2
2025.09.01	01:18:57.321	0.93590				2
2025.09.01	01:19:00.200	0.93590				2
2025.09.01	01:19:00.636	0.93593				2
2025.09.01	01:19:07.121	0.93592				2
2025.09.01	01:19:08.425		0.93605			4
2025.09.01	01:19:08.734	0.93593				2
2025.09.01	01:19:11.766	0.93592				2
2025.09.01	01:19:28.418	0.93590	0.93604			6
2025.09.01	01:19:30.616	0.93589				2
2025.09.01	01:19:31.910		0.93600			4
2025.09.01	01:19:32.598	0.93590				2
2025.09.01	01:19:32.927	0.93589				2
2025.09.01	01:19:33.574	0.93590				2
2025.09.01	01:19:33.964	0.93589				2
2025.09.01	01:19:34.698	0.93590				2
2025.09.01	01:19:34.999	0.93589				2
2025.09.01	01:19:35.649	0.93590				2
2025.09.01	01:19:36.036	0.93589				2
2025.09.01	01:19:36.679	0.93590				2
2025.09.01	01:19:37.070	0.93589				2
2025.09.01	01:19:37.717	0.93590				2
2025.09.01	01:19:38.105	0.93589				2
2025.09.01	01:19:38.751	0.93590				2
2025.09.01	01:19:39.142	0.93589				2
2025.09.01	01:19:39.799	0.93590				2
2025.09.01	01:19:40.175	0.93589				2
2025.09.01	01:19:40.821	0.93590				2
2025.09.01	01:19:41.212		0.93602			4
2025.09.01	01:19:43.544		0.93603			4
2025.09.01	01:19:44.780		0.93602			4
2025.09.01	01:19:46.393		0.93601			4
2025.09.01	01:19:46.817	0.93589	0.93602			6
2025.09.01	01:19:47.407	0.93590	0.93601			6
2025.09.01	01:19:47.855	0.93589	0.93602			6
2025.09.01	01:19:48.304	0.93588	0.93603			6
2025.09.01	01:19:48.631	0.93589	0.93602			6
2025.09.01	01:19:50.533	0.93590	0.93601			6
2025.09.01	01:19:50.866	0.93589	0.93602			6
2025.09.01	01:19:51.568	0.93590	0.93601			6
2025.09.01	01:19:51.883	0.93589	0.93602			6
2025.09.01	01:19:53.223	0.93593				2
2025.09.01	01:19:53.534	0.93592				2
2025.09.01	01:19:54.628	0.93593				2
2025.09.01	01:19:57.449	0.93592				2
2025.09.01	01:19:58.497	0.93593				2
2025.09.01	01:20:00.009	0.93593				2
2025.09.01	01:20:00.485	0.93592				2
2025.09.01	01:20:00.834	0.93589	0.93600			6
2025.09.01	01:20:02.179	0.93590				2
2025.09.01	01:20:03.000	0.93589				2
2025.09.01	01:20:03.384		0.93599			4
2025.09.01	01:20:06.794		0.93601			4
2025.09.01	01:20:14.811	0.93590				2
2025.09.01	01:20:15.150	0.93589				2
2025.09.01	01:20:18.468	0.93590	0.93600			6
2025.09.01	01:20:19.146	0.93589	0.93601			6
2025.09.01	01:20:20.049	0.93590				2
2025.09.01	01:20:20.383	0.93592	0.93602			6
2025.09.01	01:20:21.385	0.93593	0.93603			6
2025.09.01	01:20:25.317	0.93592				2
2025.09.01	01:20:25.620	0.93593				2
2025.09.01	01:20:47.237	0.93592				2
2025.09.01	01:20:52.398	0.93593				2
2025.09.01	01:20:53.453	0.93592				2
2025.09.01	01:21:00.091	0.93592				2
2025.09.01	01:21:00.583	0.93598	0.93608			6
2025.09.01	01:21:01.411	0.93602	0.93615			6
2025.09.01	01:21:06.108	0.93599	0.93611			6
2025.09.01	01:21:07.998	0.93600				2
2025.09.01	01:21:09.198		0.93612			4
2025.09.01	01:21:11.263	0.93601				2
2025.09.01	01:21:14.600	0.93600				2
2025.09.01	01:21:15.396		0.93611			4
2025.09.01	01:21:17.375	0.93596	0.93606			6
2025.09.01	01:21:19.427	0.93598	0.93609			6
2025.09.01	01:21:26.249	0.93599	0.93611			6
2025.09.01	01:21:34.379	0.93597	0.93609			6
2025.09.01	01:21:37.520	0.93596				2
2025.09.01	01:21:37.887	0.93597				2
2025.09.01	01:21:42.586	0.93596				2
2025.09.01	01:21:42.930	0.93597				2
2025.09.01	01:21:44.601	0.93596				2
2025.09.01	01:21:45.004	0.93597				2
2025.09.01	01:21:45.362		0.93610			4
2025.09.01	01:21:46.345	0.93602	0.93614			6
2025.09.01	01:21:54.695	0.93601	0.93617			6
2025.09.01	01:21:57.355	0.93602	0.93614			6
2025.09.01	01:21:57.877	0.93601				2
2025.09.01	01:22:00.389	0.93601				2
2025.09.01	01:22:00.714		0.93613			4
2025.09.01	01:22:01.853	0.93596	0.93607			6
2025.09.01	01:22:04.675		0.93608			4
2025.09.01	01:22:06.857		0.93609			4
2025.09.01	01:22:10.051		0.93608			4
2025.09.01	01:22:12.798	0.93597				2
2025.09.01	01:22:16.991		0.93607			4
2025.09.01	01:22:17.376		0.93608			4
2025.09.01	01:22:21.569		0.93607			4
2025.09.01	01:22:23.598	0.93596				2
2025.09.01	01:22:24.985		0.93606			4
2025.09.01	01:22:26.018		0.93607			4
2025.09.01	01:22:27.498		0.93606			4
2025.09.01	01:22:30.162		0.93607			4
2025.09.01	01:22:32.232		0.93606			4
2025.09.01	01:22:33.270		0.93607			4
2025.09.01	01:22:38.485	0.93597	0.93608			6
2025.09.01	01:22:40.108		0.93607			4
2025.09.01	01:22:43.627		0.93608			4
2025.09.01	01:22:44.597		0.93607			4
2025.09.01	01:22:47.597		0.93608			4
2025.09.01	01:22:50.066		0.93607			4
2025.09.01	01:22:50.898		0.93608			4
2025.09.01	01:23:00.374	0.93597				2
2025.09.01	01:23:03.308	0.93596				2
2025.09.01	01:23:03.665	0.93597				2
2025.09.01	01:23:04.343	0.93596				2
2025.09.01	01:23:04.673	0.93597	0.93611			6
2025.09.01	01:23:10.632		0.93612			4
2025.09.01	01:23:51.828		0.93611			4
2025.09.01	01:23:56.420		0.93612			4
2025.09.01	01:23:58.829		0.93611			4
2025.09.01	01:24:00.503	0.93597				2
2025.09.01	01:24:01.056		0.93609			4
2025.09.01	01:24:01.563		0.93612			4
2025.09.01	01:24:04.384		0.93609			4
2025.09.01	01:24:04.687		0.93608			4
2025.09.01	01:24:05.002	0.93593	0.93604			6
2025.09.01	01:24:07.998	0.93594	0.93605			6
2025.09.01	01:24:08.306		0.93604			4
2025.09.01	01:24:08.665	0.93593				2
2025.09.01	01:24:10.235	0.93592	0.93603			6
2025.09.01	01:24:11.268		0.93604			4
2025.09.01	01:24:13.505	0.93591				2
2025.09.01	01:24:14.000	0.93592				2
2025.09.01	01:24:15.596	0.93591				2
2025.09.01	01:24:16.363	0.93592				2
2025.09.01	01:24:17.745	0.93591				2
2025.09.01	01:24:18.505	0.93592				2
2025.09.01	01:24:19.815	0.93591				2
2025.09.01	01:24:20.353	0.93592				2
2025.09.01	01:24:21.728	0.93591				2
2025.09.01	01:24:22.700	0.93592				2
2025.09.01	01:24:32.899	0.93593				2
2025.09.01	01:24:34.318	0.93592				2
2025.09.01	01:25:00.071	0.93592				2
2025.09.01	01:25:00.450	0.93590	0.93599			6
2025.09.01	01:25:00.760		0.93600			4
2025.09.01	01:25:01.096		0.93602			4
2025.09.01	01:25:01.405	0.93589	0.93601			6
2025.09.01	01:25:03.270	0.93590	0.93602			6
2025.09.01	01:25:04.398		0.93601			4
2025.09.01	01:25:04.943		0.93600			4
2025.09.01	01:25:05.449	0.93587	0.93597			6
2025.09.01	01:25:05.760	0.93583	0.93592			6
2025.09.01	01:25:06.225	0.93582				2
2025.09.01	01:25:06.547	0.93581				2
2025.09.01	01:25:06.947	0.93582	0.93593			6
2025.09.01	01:25:07.749		0.93592			4
2025.09.01	01:25:09.313		0.93591			4
2025.09.01	01:25:10.344		0.93594			4
2025.09.01	01:25:10.648		0.93595			4
2025.09.01	01:25:12.757		0.93592			4
2025.09.01	01:25:14.062		0.93591			4
2025.09.01	01:25:18.059	0.93581				2
2025.09.01	01:25:21.320	0.93579	0.93590			6
2025.09.01	01:25:21.700	0.93580				2
2025.09.01	01:25:22.347	0.93579				2
2025.09.01	01:25:22.676	0.93581				2
2025.09.01	01:25:22.980	0.93579				2
2025.09.01	01:25:24.018	0.93577	0.93588			6
2025.09.01	01:25:26.061	0.93578				2
2025.09.01	01:25:28.077	0.93577				2
2025.09.01	01:25:28.697	0.93578				2
2025.09.01	01:25:30.248	0.93577				2
2025.09.01	01:25:30.798	0.93578				2
2025.09.01	01:25:32.323	0.93577				2
2025.09.01	01:25:32.896	0.93578				2
2025.09.01	01:25:34.166	0.93577				2
2025.09.01	01:25:34.997	0.93578				2
2025.09.01	01:25:38.358	0.93572	0.93582			6
2025.09.01	01:26:00.729	0.93572				2
2025.09.01	01:26:06.373	0.93573				2
2025.09.01	01:26:07.507	0.93574				2
2025.09.01	01:26:09.606	0.93573				2
2025.09.01	01:26:11.621	0.93574	0.93583			6
2025.09.01	01:26:18.726	0.93573	0.93584			6
2025.09.01	01:26:19.187	0.93574				2
2025.09.01	01:26:19.681	0.93573				2
2025.09.01	01:26:20.222	0.93574				2
2025.09.01	01:26:22.953	0.93573				2
2025.09.01	01:26:23.331	0.93574				2
2025.09.01	01:26:25.399	0.93575				2
2025.09.01	01:26:26.056	0.93574				2
2025.09.01	01:26:26.437	0.93575				2
2025.09.01	01:26:27.082	0.93574				2
2025.09.01	01:26:28.508	0.93575				2
2025.09.01	01:26:29.157	0.93574				2
2025.09.01	01:26:38.128	0.93575	0.93586			6
2025.09.01	01:26:39.430		0.93587			4
2025.09.01	01:26:40.676		0.93586			4
2025.09.01	01:26:42.350	0.93576	0.93587			6
2025.09.01	01:26:43.699	0.93575				2
2025.09.01	01:26:44.002	0.93576				2
2025.09.01	01:26:45.176		0.93586			4
2025.09.01	01:26:46.747		0.93587			4
2025.09.01	01:26:49.398	0.93574				2
2025.09.01	01:26:50.353	0.93573				2
2025.09.01	01:26:51.199	0.93574				2
2025.09.01	01:26:55.989	0.93573	0.93586			6
2025.09.01	01:26:58.397	0.93574	0.93585			6
2025.09.01	01:27:00.308	0.93574				2
2025.09.01	01:27:04.853	0.93575				2
2025.09.01	01:27:05.309	0.93574				2
2025.09.01	01:27:05.867	0.93575				2
2025.09.01	01:27:06.311	0.93574				2
2025.09.01	01:27:06.800	0.93575				2
2025.09.01	01:27:07.107	0.93574				2
2025.09.01	01:27:08.472	0.93577	0.93587			6
2025.09.01	01:27:09.797		0.93586			4
2025.09.01	01:27:11.014		0.93588			4
2025.09.01	01:27:14.311	0.93573	0.93585			6
2025.09.01	01:27:14.683	0.93574				2
2025.09.01	01:27:24.668	0.93578	0.93588			6
2025.09.01	01:27:26.297		0.93589			4
2025.09.01	01:27:29.897		0.93588			4
2025.09.01	01:27:35.599		0.93589			4
2025.09.01	01:27:43.819		0.93587			4
2025.09.01	01:27:45.357	0.93577	0.93588			6
2025.09.01	01:27:46.846	0.93576	0.93585			6
2025.09.01	01:27:47.800		0.93586			4
2025.09.01	01:27:49.699	0.93577				2
2025.09.01	01:27:50.097		0.93585			4
2025.09.01	01:27:50.501		0.93586			4
2025.09.01	01:28:00.653	0.93578	0.93589			6
2025.09.01	01:28:02.599		0.93590			4
2025.09.01	01:28:09.183		0.93589			4
2025.09.01	01:28:11.298		0.93590			4
2025.09.01	01:28:15.162	0.93579	0.93588			6
2025.09.01	01:28:19.099	0.93578				2
2025.09.01	01:28:21.830		0.93587			4
2025.09.01	01:28:23.298	0.93577				2
2025.09.01	01:28:31.099		0.93588			4
2025.09.01	01:28:32.898		0.93587			4
2025.09.01	01:28:36.075	0.93578				2
2025.09.01	01:28:37.698	0.93577				2
2025.09.01	01:28:45.305	0.93575	0.93586			6
2025.09.01	01:28:46.938	0.93577				2
2025.09.01	01:28:47.466	0.93576				2
2025.09.01	01:28:53.647	0.93577				2
2025.09.01	01:28:54.685	0.93576				2
2025.09.01	01:29:00.632	0.93577	0.93588			6
2025.09.01	01:29:01.998	0.93578				2
2025.09.01	01:29:03.498	0.93577				2
2025.09.01	01:29:04.225	0.93578				2
2025.09.01	01:29:04.539	0.93577	0.93591			6
2025.09.01	01:29:05.388	0.93579	0.93589			6
2025.09.01	01:29:10.851		0.93590			4
2025.09.01	01:29:12.871	0.93577	0.93586			6
2025.09.01	01:29:13.726		0.93588			4
2025.09.01	01:29:14.193	0.93579	0.93589			6
2025.09.01	01:29:15.097	0.93580				2
2025.09.01	01:29:19.246	0.93577				2
2025.09.01	01:29:22.099	0.93578				2
2025.09.01	01:29:26.735	0.93577				2
2025.09.01	01:29:27.718	0.93578				2
2025.09.01	01:29:33.004	0.93577				2
2025.09.01	01:29:34.403	0.93578				2
2025.09.01	01:29:43.646	0.93579				2
2025.09.01	01:29:45.360	0.93575	0.93585			6
2025.09.01	01:29:50.610		0.93584			4
2025.09.01	01:29:52.099		0.93585			4
2025.09.01	01:29:52.994	0.93574	0.93583			6
2025.09.01	01:30:00.666	0.93574	0.93584			6
2025.09.01	01:30:01.800	0.93575				2
2025.09.01	01:30:02.898	0.93574				2
2025.09.01	01:30:03.367	0.93575				2
2025.09.01	01:30:05.831	0.93576	0.93585			6
2025.09.01	01:30:07.039	0.93574	0.93584			6
2025.09.01	01:30:24.992	0.93573				2
2025.09.01	01:30:29.317	0.93574				2
2025.09.01	01:30:30.859	0.93575				2
2025.09.01	01:30:32.896	0.93574				2
2025.09.01	01:30:34.750	0.93575				2
2025.09.01	01:30:36.346	0.93574				2
2025.09.01	01:30:38.297	0.93575				2
2025.09.01	01:30:43.697	0.93574				2
2025.09.01	01:30:45.355		0.93583			4
2025.09.01	01:30:46.405	0.93576	0.93585			6
2025.09.01	01:30:59.330	0.93575	0.93586			6
2025.09.01	01:31:00.010	0.93575				2
2025.09.01	01:31:00.768	0.93577				2
2025.09.01	01:31:02.733	0.93578	0.93587			6
2025.09.01	01:31:23.325	0.93577	0.93586			6
2025.09.01	01:31:24.798	0.93576	0.93585			6
2025.09.01	01:31:32.650	0.93577				2
2025.09.01	01:31:34.399	0.93576				2
2025.09.01	01:31:39.804	0.93577	0.93586			6
2025.09.01	01:31:40.202	0.93578	0.93587			6
2025.09.01	01:31:40.712	0.93577	0.93585			6
2025.09.01	01:31:42.797	0.93576				2
2025.09.01	01:31:45.366	0.93575				2
2025.09.01	01:31:50.300	0.93576				2
2025.09.01	01:31:56.299	0.93575				2
2025.09.01	01:31:58.995	0.93576				2
2025.09.01	01:32:00.598	0.93577	0.93586			6
2025.09.01	01:32:01.952		0.93587			4
2025.09.01	01:32:15.198	0.93578				2
2025.09.01	01:32:16.447	0.93577				2
2025.09.01	01:32:20.248	0.93578				2
2025.09.01	01:32:21.797	0.93577				2
2025.09.01	01:32:23.409	0.93578				2
2025.09.01	01:32:23.866	0.93577				2
2025.09.01	01:32:24.318	0.93582	0.93594			6
2025.09.01	01:32:26.610	0.93580	0.93590			6
2025.09.01	01:32:26.921	0.93581	0.93589			6
2025.09.01	01:32:28.698		0.93590			4
2025.09.01	01:32:30.799		0.93589			4
2025.09.01	01:32:32.800		0.93593			4
2025.09.01	01:32:35.233		0.93592			4
2025.09.01	01:32:36.797		0.93593			4
2025.09.01	01:32:38.306		0.93592			4
2025.09.01	01:32:42.616		0.93593			4
2025.09.01	01:32:44.297	0.93582	0.93592			6
2025.09.01	01:32:45.363	0.93581	0.93591			6
2025.09.01	01:32:54.505	0.93580	0.93589			6
2025.09.01	01:32:56.604	0.93581				2
2025.09.01	01:33:00.557	0.93581	0.93590			6
2025.09.01	01:33:01.625		0.93589			4
2025.09.01	01:33:02.153		0.93591			4
2025.09.01	01:33:03.301		0.93590			4
2025.09.01	01:33:08.394	0.93582				2
2025.09.01	01:33:10.147	0.93581				2
2025.09.01	01:33:10.603	0.93582				2
2025.09.01	01:33:33.497		0.93591			4
2025.09.01	01:33:34.020	0.93592	0.93604			6
2025.09.01	01:33:35.053	0.93591	0.93602			6
2025.09.01	01:33:37.172	0.93592				2
2025.09.01	01:33:38.986	0.93590	0.93600			6
2025.09.01	01:33:40.098	0.93591				2
2025.09.01	01:33:42.198	0.93590				2
2025.09.01	01:33:44.658	0.93591				2
2025.09.01	01:33:49.711		0.93602			4
2025.09.01	01:33:50.687	0.93595	0.93607			6
2025.09.01	01:33:51.012		0.93606			4
2025.09.01	01:33:51.796		0.93605			4
2025.09.01	01:33:53.598		0.93606			4
2025.09.01	01:33:54.797		0.93605			4
2025.09.01	01:33:56.974	0.93594				2
2025.09.01	01:34:00.126	0.93594	0.93604			6
2025.09.01	01:34:00.457		0.93602			4
2025.09.01	01:34:00.762	0.93598	0.93608			6
2025.09.01	01:34:01.228		0.93610			4
2025.09.01	01:34:01.538		0.93609			4
2025.09.01	01:34:01.842		0.93608			4
2025.09.01	01:34:02.191		0.93609			4
2025.09.01	01:34:02.675		0.93608			4
2025.09.01	01:34:02.983		0.93607			4
2025.09.01	01:34:10.497	0.93595	0.93606			6
2025.09.01	01:34:11.482		0.93607			4
2025.09.01	01:34:13.098		0.93606			4
2025.09.01	01:34:14.597		0.93607			4
2025.09.01	01:34:19.686	0.93596				2
2025.09.01	01:34:20.005		0.93608			4
2025.09.01	01:34:22.530	0.93597	0.93609			6
2025.09.01	01:34:24.760		0.93610			4
2025.09.01	01:34:26.149		0.93611			4
2025.09.01	01:34:26.775		0.93610			4
2025.09.01	01:34:32.454	0.93596	0.93611			6
2025.09.01	01:34:34.103		0.93610			4
2025.09.01	01:34:36.197	0.93597				2
2025.09.01	01:34:42.631	0.93598				2
2025.09.01	01:34:45.377		0.93609			4
2025.09.01	01:34:49.097		0.93610			4
2025.09.01	01:34:50.275		0.93609			4
2025.09.01	01:34:56.599		0.93610			4
2025.09.01	01:34:57.905		0.93609			4
2025.09.01	01:35:00.198	0.93598				2
2025.09.01	01:35:04.028	0.93601	0.93610			6
2025.09.01	01:35:05.121	0.93603	0.93614			6
2025.09.01	01:35:05.439		0.93612			4
2025.09.01	01:35:11.316		0.93611			4
2025.09.01	01:35:13.399		0.93612			4
2025.09.01	01:35:20.697		0.93611			4
2025.09.01	01:35:22.098		0.93612			4
2025.09.01	01:35:23.597		0.93611			4
2025.09.01	01:35:25.931		0.93612			4
2025.09.01	01:35:37.272		0.93611			4
2025.09.01	01:35:41.421		0.93612			4
2025.09.01	01:35:51.503		0.93611			4
2025.09.01	01:35:55.469	0.93602				2
2025.09.01	01:35:57.799	0.93603				2
2025.09.01	01:36:00.070	0.93603				2
2025.09.01	01:36:00.522	0.93606	0.93616			6
2025.09.01	01:36:00.844		0.93618			4
2025.09.01	01:36:01.671		0.93617			4
2025.09.01	01:36:02.342	0.93605				2
2025.09.01	01:36:03.128	0.93606				2
2025.09.01	01:36:04.398	0.93605				2
2025.09.01	01:36:45.358	0.93603				2
2025.09.01	01:36:48.200		0.93616			4
2025.09.01	01:37:00.457	0.93604				2
2025.09.01	01:37:01.549		0.93617			4
2025.09.01	01:37:02.261		0.93616			4
2025.09.01	01:37:03.670		0.93617			4
2025.09.01	01:37:07.683		0.93616			4
2025.09.01	01:37:10.625	0.93605				2
2025.09.01	01:37:15.729	0.93604				2
2025.09.01	01:37:30.717	0.93605	0.93617			6
2025.09.01	01:37:32.915	0.93606				2
2025.09.01	01:37:34.148	0.93605				2
2025.09.01	01:37:45.377		0.93616			4
2025.09.01	01:37:57.726	0.93602	0.93612			6
2025.09.01	01:37:59.791	0.93603				2
2025.09.01	01:38:00.629	0.93604	0.93616			6
2025.09.01	01:38:20.666		0.93614			4
2025.09.01	01:38:21.863	0.93605	0.93616			6
2025.09.01	01:38:22.674	0.93603	0.93615			6
2025.09.01	01:38:43.382	0.93605				2
2025.09.01	01:38:43.989	0.93602	0.93612			6
2025.09.01	01:38:45.028	0.93603				2
2025.09.01	01:38:45.366	0.93602	0.93610			6
2025.09.01	01:38:49.407	0.93601				2
2025.09.01	01:38:54.498	0.93600	0.93611			6
2025.09.01	01:38:56.598	0.93601	0.93610			6
2025.09.01	01:39:00.350	0.93601				2
2025.09.01	01:39:00.678	0.93602	0.93615			6
2025.09.01	01:39:01.411	0.93603				2
2025.09.01	01:39:36.726	0.93597	0.93606			6
2025.09.01	01:39:37.123	0.93594	0.93605			6
2025.09.01	01:39:37.438	0.93593	0.93603			6
2025.09.01	01:39:37.971	0.93592	0.93602			6
2025.09.01	01:39:40.481	0.93594	0.93606			6
2025.09.01	01:39:40.798		0.93604			4
2025.09.01	01:39:42.785	0.93592	0.93603			6
2025.09.01	01:39:45.363	0.93591	0.93602			6
2025.09.01	01:39:45.718		0.93603			4
2025.09.01	01:39:48.867		0.93602			4
2025.09.01	01:40:00.499	0.93594	0.93604			6
2025.09.01	01:40:00.846		0.93603			4
2025.09.01	01:40:20.784		0.93604			4
2025.09.01	01:40:22.884		0.93603			4
2025.09.01	01:40:27.951	0.93593				2
2025.09.01	01:40:38.856	0.93594				2
2025.09.01	01:40:45.343	0.93592				2
2025.09.01	01:40:58.707	0.93596				2
2025.09.01	01:40:59.159	0.93593				2
2025.09.01	01:40:59.468	0.93595				2
2025.09.01	01:41:00.078	0.93595	0.93605			6
2025.09.01	01:41:00.620		0.93607			4
2025.09.01	01:41:11.921	0.93596				2
2025.09.01	01:41:13.878	0.93598	0.93610			6
2025.09.01	01:41:35.716	0.93599	0.93609			6
2025.09.01	01:41:36.023	0.93598				2
2025.09.01	01:41:37.833	0.93599				2
2025.09.01	01:41:39.503	0.93598				2
2025.09.01	01:41:41.879	0.93599	0.93610			6
2025.09.01	01:41:46.699	0.93598				2
2025.09.01	01:41:49.322		0.93611			4
2025.09.01	01:41:50.719	0.93599				2
2025.09.01	01:41:52.284	0.93600	0.93613			6
2025.09.01	01:41:53.386		0.93612			4
2025.09.01	01:41:55.908		0.93608			4
2025.09.01	01:42:00.650	0.93601				2
2025.09.01	01:42:01.932	0.93600				2
2025.09.01	01:42:25.861	0.93602				2
2025.09.01	01:42:26.758	0.93603				2
2025.09.01	01:42:29.298	0.93602				2
2025.09.01	01:42:31.884	0.93605				2
2025.09.01	01:42:32.347	0.93602				2
2025.09.01	01:42:43.776	0.93600				2
2025.09.01	01:42:46.215	0.93601				2
2025.09.01	01:42:48.502	0.93600				2
2025.09.01	01:42:56.051	0.93599	0.93608			6
2025.09.01	01:42:56.397	0.93600				2
2025.09.01	01:42:57.559	0.93599				2
2025.09.01	01:42:59.896	0.93600				2
2025.09.01	01:43:00.677	0.93600				2
2025.09.01	01:43:02.806	0.93601				2
2025.09.01	01:43:05.000	0.93600				2
2025.09.01	01:43:06.946	0.93601				2
2025.09.01	01:43:25.523	0.93603				2
2025.09.01	01:43:26.323	0.93601				2
2025.09.01	01:43:57.316	0.93602	0.93608			6
2025.09.01	01:43:58.698	0.93601				2
2025.09.01	01:44:00.672	0.93602				2
2025.09.01	01:44:02.368	0.93604				2
2025.09.01	01:44:02.690	0.93606	0.93615			6
2025.09.01	01:44:03.004	0.93607	0.93616			6
2025.09.01	01:44:03.305	0.93606	0.93615			6
2025.09.01	01:44:07.398	0.93605				2
2025.09.01	01:44:11.449	0.93607				2
2025.09.01	01:44:13.098	0.93606	0.93616			6
2025.09.01	01:44:14.998	0.93607	0.93615			6
2025.09.01	01:44:16.597	0.93606	0.93616			6
2025.09.01	01:44:19.835	0.93607	0.93615			6
2025.09.01	01:44:21.908	0.93606				2
2025.09.01	01:44:22.426	0.93607				2
2025.09.01	01:44:23.848	0.93606				2
2025.09.01	01:44:24.497	0.93607				2
2025.09.01	01:44:26.696	0.93606				2
2025.09.01	01:44:33.945	0.93605				2
2025.09.01	01:44:34.615	0.93606				2
2025.09.01	01:44:36.798	0.93605				2
2025.09.01	01:44:38.998	0.93606				2
2025.09.01	01:44:40.401	0.93605				2
2025.09.01	01:44:43.141	0.93606				2
2025.09.01	01:44:44.602	0.93605				2
2025.09.01	01:44:46.201	0.93608				2
2025.09.01	01:44:46.612	0.93607	0.93616			6
2025.09.01	01:44:46.945	0.93608				2
2025.09.01	01:44:50.355	0.93606	0.93615			6
2025.09.01	01:44:53.599		0.93616			4
2025.09.01	01:44:56.497	0.93605				2
2025.09.01	01:44:58.696	0.93606				2
2025.09.01	01:45:00.695	0.93608				2
2025.09.01	01:45:04.397	0.93607				2
2025.09.01	01:45:05.715	0.93608				2
2025.09.01	01:45:10.213		0.93618			4
2025.09.01	01:45:12.059		0.93617			4
2025.09.01	01:45:13.302	0.93607				2
2025.09.01	01:45:14.324	0.93608				2
2025.09.01	01:45:16.587	0.93607				2
2025.09.01	01:45:17.002	0.93608				2
2025.09.01	01:45:17.447	0.93607				2
2025.09.01	01:45:20.347	0.93609				2
2025.09.01	01:45:20.683	0.93607				2
2025.09.01	01:45:21.286	0.93608				2
2025.09.01	01:45:23.339	0.93607				2
2025.09.01	01:45:26.769	0.93608				2
2025.09.01	01:45:28.398	0.93607				2
2025.09.01	01:45:32.984	0.93608	0.93616			6
2025.09.01	01:45:35.003	0.93607	0.93617			6
2025.09.01	01:45:37.024	0.93608	0.93616			6
2025.09.01	01:45:38.898	0.93607	0.93617			6
2025.09.01	01:45:41.268	0.93608	0.93616			6
2025.09.01	01:45:43.443	0.93607	0.93617			6
2025.09.01	01:45:44.316	0.93608	0.93616			6
2025.09.01	01:45:47.197	0.93607				2
2025.09.01	01:45:49.554	0.93608				2
2025.09.01	01:45:50.328	0.93611	0.93620			6
2025.09.01	01:45:50.634		0.93619			4
2025.09.01	01:45:51.557		0.93620			4
2025.09.01	01:45:53.017		0.93619			4
2025.09.01	01:45:53.823	0.93608	0.93617			6
2025.09.01	01:45:54.139		0.93616			4
2025.09.01	01:45:54.816	0.93607				2
2025.09.01	01:45:56.936	0.93608				2
2025.09.01	01:46:00.073	0.93608				2
2025.09.01	01:46:42.165	0.93607				2
2025.09.01	01:46:55.134		0.93616			4
2025.09.01	01:47:00.497	0.93607				2
2025.09.01	01:47:03.496	0.93604	0.93611			6
2025.09.01	01:47:11.899	0.93605				2
2025.09.01	01:47:14.876	0.93604				2
2025.09.01	01:47:15.894	0.93603	0.93612			6
2025.09.01	01:47:21.088	0.93604				2
2025.09.01	01:47:23.600	0.93603				2
2025.09.01	01:47:26.266	0.93604				2
2025.09.01	01:47:28.396	0.93605	0.93613			6
2025.09.01	01:47:56.916	0.93606	0.93614			6
2025.09.01	01:47:57.470	0.93607				2
2025.09.01	01:47:58.775	0.93606	0.93615			6
2025.09.01	01:48:05.305	0.93606				2
2025.09.01	01:48:05.897	0.93607				2
2025.09.01	01:48:19.055		0.93616			4
2025.09.01	01:48:20.599	0.93608				2
2025.09.01	01:48:25.397	0.93607				2
2025.09.01	01:48:26.239		0.93615			4
2025.09.01	01:48:28.406		0.93616			4
2025.09.01	01:48:31.697		0.93615			4
2025.09.01	01:48:34.623		0.93616			4
2025.09.01	01:48:37.098		0.93615			4
2025.09.01	01:48:39.803		0.93616			4
2025.09.01	01:48:42.344		0.93615			4
2025.09.01	01:48:46.016	0.93606	0.93616			6
2025.09.01	01:48:48.631		0.93614			4
2025.09.01	01:48:51.500	0.93607	0.93615			6
2025.09.01	01:48:55.337	0.93606				2
2025.09.01	01:48:58.401	0.93607				2
2025.09.01	01:49:00.655	0.93607				2
2025.09.01	01:49:30.504	0.93606	0.93614			6
2025.09.01	01:49:32.235	0.93605				2
2025.09.01	01:49:33.327	0.93606	0.93616			6
2025.09.01	01:49:34.351	0.93608	0.93617			6
2025.09.01	01:49:34.787	0.93609				2
2025.09.01	01:49:35.789	0.93608				2
2025.09.01	01:49:37.860	0.93609				2
2025.09.01	01:49:43.098	0.93605	0.93615			6
2025.09.01	01:49:43.411	0.93607	0.93617			6
2025.09.01	01:49:48.344	0.93606	0.93616			6
2025.09.01	01:49:49.181	0.93607				2
2025.09.01	01:49:49.933	0.93608				2
2025.09.01	01:49:52.915	0.93607	0.93617			6
2025.09.01	01:50:00.350	0.93607				2
2025.09.01	01:50:10.432		0.93616			4
2025.09.01	01:50:14.898		0.93615			4
2025.09.01	01:50:16.866		0.93616			4
2025.09.01	01:50:25.562	0.93603	0.93613			6
2025.09.01	01:50:28.697		0.93612			4
2025.09.01	01:50:45.640		0.93613			4
2025.09.01	01:50:49.098		0.93612			4
2025.09.01	01:50:53.924		0.93613			4
2025.09.01	01:50:56.887		0.93612			4
2025.09.01	01:51:00.690	0.93603				2
2025.09.01	01:51:01.399	0.93604				2
2025.09.01	01:51:12.719	0.93606	0.93614			6
2025.09.01	01:51:15.260		0.93615			4
2025.09.01	01:51:22.346	0.93605				2
2025.09.01	01:51:22.665	0.93606				2
2025.09.01	01:51:23.570	0.93604	0.93613			6
2025.09.01	01:51:23.881	0.93602	0.93612			6
2025.09.01	01:51:28.102	0.93603				2
2025.09.01	01:51:31.066	0.93602				2
2025.09.01	01:51:33.197		0.93611			4
2025.09.01	01:51:40.270		0.93612			4
2025.09.01	01:51:44.598		0.93611			4
2025.09.01	01:51:47.875		0.93612			4
2025.09.01	01:52:00.348	0.93600	0.93611			6
2025.09.01	01:52:00.668	0.93604	0.93614			6
2025.09.01	01:52:05.955	0.93605				2
2025.09.01	01:52:12.812		0.93613			4
2025.09.01	01:52:14.397	0.93602	0.93611			6
2025.09.01	01:52:16.299	0.93603	0.93612			6
2025.09.01	01:52:17.928	0.93604	0.93614			6
2025.09.01	01:52:18.419	0.93605				2
2025.09.01	01:52:18.797	0.93604	0.93613			6
2025.09.01	01:52:22.700	0.93605				2
2025.09.01	01:52:23.687	0.93606	0.93614			6
2025.09.01	01:52:42.860	0.93607	0.93617			6
2025.09.01	01:52:43.605	0.93609				2
2025.09.01	01:52:47.760		0.93618			4
2025.09.01	01:52:52.097		0.93617			4
2025.09.01	01:52:53.161		0.93619			4
2025.09.01	01:52:58.142		0.93618			4
2025.09.01	01:53:02.892	0.93610				2
2025.09.01	01:53:04.518	0.93609	0.93617			6
2025.09.01	01:53:05.459	0.93608	0.93618			6
2025.09.01	01:53:07.567	0.93609				2
2025.09.01	01:53:14.786	0.93610	0.93619			6
2025.09.01	01:53:31.932		0.93618			4
2025.09.01	01:53:33.806		0.93619			4
2025.09.01	01:53:34.555	0.93609				2
2025.09.01	01:53:38.002	0.93610				2
2025.09.01	01:53:46.167		0.93618			4
2025.09.01	01:53:58.218		0.93619			4
2025.09.01	01:53:59.322		0.93618			4
2025.09.01	01:54:02.606	0.93610				2
2025.09.01	01:54:18.996		0.93619			4
2025.09.01	01:54:29.898		0.93618			4
2025.09.01	01:54:32.147		0.93619			4
2025.09.01	01:54:34.510		0.93618			4
2025.09.01	01:54:34.920		0.93621			4
2025.09.01	01:54:35.227		0.93622			4
2025.09.01	01:54:40.460		0.93623			4
2025.09.01	01:54:43.931	0.93609				2
2025.09.01	01:54:54.196	0.93610				2
2025.09.01	01:54:59.566	0.93607	0.93616			6
2025.09.01	01:55:00.353	0.93607				2
2025.09.01	01:55:00.670	0.93610	0.93619			6
2025.09.01	01:55:00.972	0.93611	0.93621			6
2025.09.01	01:55:03.251	0.93610	0.93619			6
2025.09.01	01:55:20.823	0.93611	0.93620			6
2025.09.01	01:55:23.315		0.93622			4
2025.09.01	01:55:23.649	0.93614	0.93624			6
2025.09.01	01:55:29.850	0.93615	0.93623			6
2025.09.01	01:55:30.724	0.93614	0.93624			6
2025.09.01	01:55:31.072	0.93615				2
2025.09.01	01:55:34.779		0.93625			4
2025.09.01	01:55:38.582		0.93624			4
2025.09.01	01:55:42.032		0.93625			4
2025.09.01	01:55:44.649	0.93614	0.93622			6
2025.09.01	01:55:46.138	0.93613				2
2025.09.01	01:55:46.596		0.93623			4
2025.09.01	01:55:48.250		0.93622			4
2025.09.01	01:55:56.140		0.93621			4
2025.09.01	01:55:56.582	0.93610	0.93619			6
2025.09.01	01:55:57.916	0.93609	0.93620			6
2025.09.01	01:55:58.427	0.93610				2
2025.09.01	01:56:00.625	0.93609	0.93619			6
2025.09.01	01:56:01.936	0.93610				2
2025.09.01	01:56:02.374	0.93609	0.93620			6
2025.09.01	01:56:04.099	0.93610	0.93619			6
2025.09.01	01:56:06.963	0.93611				2
2025.09.01	01:56:12.632		0.93620			4
2025.09.01	01:56:15.288	0.93614	0.93622			6
2025.09.01	01:56:24.944		0.93624			4
2025.09.01	01:56:25.300	0.93615	0.93622			6
2025.09.01	01:56:26.211	0.93613				2
2025.09.01	01:56:28.284		0.93623			4
2025.09.01	01:56:28.586	0.93616	0.93626			6
2025.09.01	01:56:32.222	0.93617	0.93628			6
2025.09.01	01:56:32.542	0.93621	0.93630			6
2025.09.01	01:56:32.882		0.93629			4
2025.09.01	01:56:33.204	0.93617	0.93628			6
2025.09.01	01:56:33.515	0.93622	0.93630			6
2025.09.01	01:56:33.886	0.93621	0.93629			6
2025.09.01	01:56:34.197	0.93617	0.93626			6
2025.09.01	01:56:34.560		0.93627			4
2025.09.01	01:56:34.869	0.93621	0.93630			6
2025.09.01	01:56:35.349	0.93622	0.93629			6
2025.09.01	01:56:35.657	0.93617	0.93626			6
2025.09.01	01:56:35.967	0.93622	0.93630			6
2025.09.01	01:56:36.582	0.93617	0.93626			6
2025.09.01	01:56:36.953		0.93629			4
2025.09.01	01:56:37.273	0.93622	0.93630			6
2025.09.01	01:56:37.629	0.93621	0.93629			6
2025.09.01	01:56:37.949	0.93617	0.93628			6
2025.09.01	01:56:38.254	0.93622	0.93630			6
2025.09.01	01:56:38.577	0.93620	0.93629			6
2025.09.01	01:56:38.895	0.93617	0.93626			6
2025.09.01	01:56:39.198	0.93622	0.93630			6
2025.09.01	01:56:39.560	0.93621				2
2025.09.01	01:56:39.863	0.93617	0.93626			6
2025.09.01	01:56:40.168	0.93622	0.93630			6
2025.09.01	01:56:41.844	0.93621				2
2025.09.01	01:56:42.346	0.93617	0.93628			6
2025.09.01	01:56:42.676	0.93622	0.93632			6
2025.09.01	01:56:42.985	0.93621	0.93629			6
2025.09.01	01:56:43.291	0.93617	0.93628			6
2025.09.01	01:56:43.625	0.93622	0.93630			6
2025.09.01	01:56:44.280	0.93620	0.93629			6
2025.09.01	01:56:44.593	0.93623	0.93632			6
2025.09.01	01:56:45.461		0.93633			4
2025.09.01	01:56:46.081		0.93632			4
2025.09.01	01:56:57.952		0.93633			4
2025.09.01	01:56:59.324		0.93634			4
2025.09.01	01:57:00.380	0.93623				2
2025.09.01	01:57:02.805	0.93624	0.93633			6
2025.09.01	01:57:04.145	0.93623				2
2025.09.01	01:57:06.475	0.93624	0.93636			6
2025.09.01	01:57:07.540	0.93623				2
2025.09.01	01:57:11.041		0.93635			4
2025.09.01	01:57:12.774		0.93634			4
2025.09.01	01:57:13.697		0.93633			4
2025.09.01	01:57:16.790	0.93622				2
2025.09.01	01:57:17.576	0.93623	0.93632			6
2025.09.01	01:57:19.036	0.93626	0.93635			6
2025.09.01	01:57:24.199		0.93636			4
2025.09.01	01:57:27.800		0.93635			4
2025.09.01	01:57:28.373		0.93634			4
2025.09.01	01:57:28.782	0.93630	0.93637			6
2025.09.01	01:57:29.530		0.93639			4
2025.09.01	01:57:29.837	0.93628				2
2025.09.01	01:57:32.918	0.93629				2
2025.09.01	01:57:42.258	0.93624	0.93634			6
2025.09.01	01:57:43.528		0.93631			4
2025.09.01	01:57:45.300	0.93623	0.93632			6
2025.09.01	01:57:49.818	0.93621	0.93629			6
2025.09.01	01:57:51.040		0.93630			4
2025.09.01	01:57:51.678		0.93629			4
2025.09.01	01:57:57.537		0.93630			4
2025.09.01	01:58:00.437	0.93620	0.93627			6
2025.09.01	01:58:00.744		0.93631			4
2025.09.01	01:58:01.102	0.93621				2
2025.09.01	01:58:10.030		0.93630			4
2025.09.01	01:58:11.786		0.93629			4
2025.09.01	01:58:19.351		0.93628			4
2025.09.01	01:58:24.498	0.93620	0.93629			6
2025.09.01	01:58:25.582	0.93621	0.93628			6
2025.09.01	01:58:38.403		0.93629			4
2025.09.01	01:58:48.503	0.93620				2
2025.09.01	01:58:55.418	0.93621	0.93630			6
2025.09.01	01:59:00.676	0.93621				2
2025.09.01	01:59:02.620	0.93620				2
2025.09.01	01:59:04.144		0.93629			4
2025.09.01	01:59:09.873	0.93621				2
2025.09.01	01:59:19.773	0.93613	0.93623			6
2025.09.01	01:59:22.540		0.93621			4
2025.09.01	01:59:22.842		0.93622			4
2025.09.01	01:59:23.571	0.93612	0.93621			6
2025.09.01	01:59:23.905		0.93620			4
2025.09.01	01:59:31.398		0.93621			4
2025.09.01	01:59:36.110	0.93611				2
2025.09.01	01:59:38.319	0.93612				2
2025.09.01	01:59:39.057	0.93610	0.93618			6
2025.09.01	01:59:43.913		0.93619			4
2025.09.01	01:59:44.957		0.93618			4
2025.09.01	01:59:52.101		0.93619			4
2025.09.01	01:59:52.712		0.93618			4
2025.09.01	02:00:00.351	0.93612	0.93621			6
2025.09.01	02:00:00.657	0.93613	0.93622			6
2025.09.01	02:00:00.974		0.93621			4
2025.09.01	02:00:01.449		0.93623			4
2025.09.01	02:00:04.640	0.93614				2
2025.09.01	02:00:06.363	0.93615	0.93624			6
2025.09.01	02:00:07.612	0.93616				2
2025.09.01	02:00:10.812	0.93615				2
2025.09.01	02:00:11.206	0.93616				2
2025.09.01	02:00:12.578	0.93615				2
2025.09.01	02:00:19.399	0.93616	0.93625			6
2025.09.01	02:00:24.487	0.93612	0.93621			6
2025.09.01	02:01:00.669	0.93613				2
2025.09.01	02:01:02.404	0.93612	0.93620			6
2025.09.01	02:01:06.234	0.93613	0.93622			6
2025.09.01	02:01:23.049	0.93611	0.93620			6
2025.09.01	02:01:23.366	0.93613	0.93621			6
2025.09.01	02:01:35.696		0.93622			4
2025.09.01	02:01:36.437		0.93621			4
2025.09.01	02:01:41.199	0.93611	0.93620			6
2025.09.01	02:01:41.531	0.93610	0.93619			6
2025.09.01	02:01:46.399	0.93611				2
2025.09.01	02:02:00.623	0.93611				2
2025.09.01	02:02:04.151	0.93610				2
2025.09.01	02:02:10.132		0.93618			4
2025.09.01	02:02:13.024		0.93619			4
2025.09.01	02:02:30.074	0.93611	0.93617			6
2025.09.01	02:02:31.891	0.93610	0.93616			6
2025.09.01	02:02:33.708		0.93619			4
2025.09.01	02:02:34.403		0.93618			4
2025.09.01	02:02:36.252	0.93608				2
2025.09.01	02:02:45.377		0.93617			4
2025.09.01	02:02:58.876	0.93607	0.93615			6
2025.09.01	02:03:00.643	0.93607				2
2025.09.01	02:03:01.655	0.93608	0.93617			6
2025.09.01	02:03:02.497	0.93607				2
2025.09.01	02:03:07.961		0.93616			4
2025.09.01	02:03:37.376	0.93608				2
2025.09.01	02:03:40.669	0.93607				2
2025.09.01	02:03:41.426		0.93617			4
2025.09.01	02:03:46.398	0.93608				2
2025.09.01	02:03:52.379	0.93607	0.93616			6
2025.09.01	02:04:00.482	0.93607				2
2025.09.01	02:04:04.940	0.93606				2
2025.09.01	02:04:07.176	0.93610	0.93618			6
2025.09.01	02:04:08.381	0.93611				2
2025.09.01	02:04:15.197		0.93619			4
2025.09.01	02:04:16.512	0.93610				2
2025.09.01	02:04:18.497		0.93618			4
2025.09.01	02:04:36.311		0.93619			4
2025.09.01	02:04:42.681		0.93618			4
2025.09.01	02:04:45.377	0.93611				2
2025.09.01	02:04:47.377	0.93610	0.93619			6
2025.09.01	02:04:51.970	0.93611				2
2025.09.01	02:05:00.394	0.93612	0.93621			6
2025.09.01	02:05:01.181	0.93616	0.93625			6
2025.09.01	02:05:05.424	0.93614	0.93621			6
2025.09.01	02:05:07.017	0.93613	0.93622			6
2025.09.01	02:05:08.926	0.93614	0.93621			6
2025.09.01	02:05:17.988		0.93623			4
2025.09.01	02:05:20.670		0.93622			4
2025.09.01	02:05:25.539	0.93611	0.93620			6
2025.09.01	02:05:27.621		0.93621			4
2025.09.01	02:05:33.768		0.93620			4
2025.09.01	02:05:34.720	0.93614	0.93622			6
2025.09.01	02:05:35.736	0.93613	0.93621			6
2025.09.01	02:05:41.444	0.93614	0.93622			6
2025.09.01	02:05:48.322	0.93615				2
2025.09.01	02:06:00.864	0.93615				2
2025.09.01	02:06:06.797	0.93614	0.93623			6
2025.09.01	02:06:24.498		0.93622			4
2025.09.01	02:06:33.873		0.93623			4
2025.09.01	02:06:47.414	0.93613	0.93621			6
2025.09.01	02:06:50.123	0.93614				2
2025.09.01	02:06:57.645		0.93623			4
2025.09.01	02:06:59.264	0.93612	0.93620			6
2025.09.01	02:07:01.382	0.93612				2
2025.09.01	02:07:03.442		0.93619			4
2025.09.01	02:07:16.398	0.93611				2
2025.09.01	02:07:22.894	0.93612	0.93621			6
2025.09.01	02:07:27.253	0.93611	0.93620			6
2025.09.01	02:07:30.032	0.93612				2
2025.09.01	02:07:31.910	0.93609	0.93619			6
2025.09.01	02:07:37.373	0.93612	0.93621			6
2025.09.01	02:07:44.077	0.93611				2
2025.09.01	02:07:54.117		0.93620			4
2025.09.01	02:07:55.184	0.93612	0.93621			6
2025.09.01	02:07:56.260	0.93611				2
2025.09.01	02:08:00.444	0.93610	0.93620			6
2025.09.01	02:08:05.957		0.93618			4
2025.09.01	02:08:53.850	0.93607	0.93617			6
2025.09.01	02:08:54.206	0.93609	0.93619			6
2025.09.01	02:08:55.700	0.93610	0.93620			6
2025.09.01	02:09:00.986	0.93610				2
2025.09.01	02:09:02.519	0.93611				2
2025.09.01	02:09:08.099		0.93621			4
2025.09.01	02:09:08.683		0.93620			4
2025.09.01	02:09:12.987		0.93621			4
2025.09.01	02:09:20.189		0.93620			4
2025.09.01	02:09:31.953	0.93614	0.93623			6
2025.09.01	02:09:32.287	0.93613	0.93621			6
2025.09.01	02:09:32.669		0.93622			4
2025.09.01	02:09:35.148	0.93614	0.93624			6
2025.09.01	02:09:43.181	0.93615				2
2025.09.01	02:09:50.796	0.93614	0.93622			6
2025.09.01	02:09:51.803	0.93613				2
2025.09.01	02:09:52.322		0.93623			4
2025.09.01	02:09:53.902	0.93614	0.93624			6
2025.09.01	02:10:00.169	0.93614				2
2025.09.01	02:10:04.052		0.93622			4
2025.09.01	02:10:08.969	0.93613	0.93624			6
2025.09.01	02:10:09.423	0.93614	0.93623			6
2025.09.01	02:10:32.516	0.93613				2
2025.09.01	02:10:38.640		0.93622			4
2025.09.01	02:10:46.123	0.93616	0.93625			6
2025.09.01	02:10:52.598	0.93613	0.93624			6
2025.09.01	02:10:53.252		0.93623			4
2025.09.01	02:11:00.190	0.93613				2
2025.09.01	02:11:05.897	0.93612				2
2025.09.01	02:11:41.422		0.93624			4
2025.09.01	02:11:53.598	0.93613				2
2025.09.01	02:12:00.645	0.93615	0.93625			6
2025.09.01	02:12:05.708		0.93626			4
2025.09.01	02:12:07.401		0.93625			4
2025.09.01	02:12:11.115	0.93616				2
2025.09.01	02:12:16.889	0.93612				2
2025.09.01	02:12:26.903		0.93623			4
2025.09.01	02:13:02.394	0.93610	0.93622			6
2025.09.01	02:13:27.462		0.93621			4
2025.09.01	02:13:31.373		0.93622			4
2025.09.01	02:13:31.716	0.93607	0.93619			6
2025.09.01	02:13:34.599	0.93606	0.93618			6
2025.09.01	02:14:00.642	0.93606				2
2025.09.01	02:14:34.762		0.93618			4
2025.09.01	02:14:56.328	0.93607				2
2025.09.01	02:15:00.154	0.93607				2
2025.09.01	02:15:00.631		0.93619			4
2025.09.01	02:16:00.408	0.93607				2
2025.09.01	02:16:00.718		0.93619			4
2025.09.01	02:16:50.446		0.93618			4
2025.09.01	02:16:54.229	0.93605	0.93617			6
2025.09.01	02:17:00.197	0.93605				2
2025.09.01	02:17:00.531	0.93606	0.93618			6
2025.09.01	02:17:07.100	0.93604	0.93616			6
2025.09.01	02:17:22.069	0.93605	0.93618			6
2025.09.01	02:17:23.349	0.93604	0.93616			6
2025.09.01	02:17:25.478	0.93606	0.93618			6
2025.09.01	02:17:44.898	0.93607				2
2025.09.01	02:17:45.376		0.93619			4
2025.09.01	02:18:00.360	0.93608				2
2025.09.01	02:18:04.229	0.93601	0.93614			6
2025.09.01	02:18:14.171	0.93600				2
2025.09.01	02:18:36.479	0.93598	0.93610			6
2025.09.01	02:18:45.366	0.93601	0.93612			6
2025.09.01	02:19:00.639	0.93601				2
2025.09.01	02:19:01.673		0.93613			4
2025.09.01	02:19:06.272	0.93614	0.93623			6
2025.09.01	02:19:06.586	0.93613				2
2025.09.01	02:19:07.181	0.93615				2
2025.09.01	02:19:07.484	0.93614				2
2025.09.01	02:19:10.102		0.93624			4
2025.09.01	02:19:12.336	0.93613				2
2025.09.01	02:19:14.346		0.93622			4
2025.09.01	02:19:16.362	0.93615	0.93624			6
2025.09.01	02:20:00.847	0.93615				2
