<DATE>	<TIME>	<BID>	<ASK>	<LAST>	<VOLUME>	<FLAGS>
2025.01.10	00:00:00.409	0.93947	0.93998			6
2025.01.10	00:00:31.148	0.93837	0.94046			6
2025.01.10	00:00:41.279		0.94048			4
2025.01.10	00:00:53.119		0.94047			4
2025.01.10	00:00:54.623		0.94046			4
2025.01.10	00:00:57.543		0.94048			4
2025.01.10	00:01:04.354	0.93836				2
2025.01.10	00:01:15.081		0.94047			4
2025.01.10	00:01:15.582		0.94046			4
2025.01.10	00:01:26.801	0.93797	0.94014			6
2025.01.10	00:01:31.323	0.93794				2
2025.01.10	00:01:32.427	0.93820	0.94032			6
2025.01.10	00:01:39.139	0.93824	0.94050			6
2025.01.10	00:02:02.065	0.93824				2
2025.01.10	00:02:58.580		0.94050			4
2025.01.10	00:03:09.528	0.93824				2
2025.01.10	00:03:39.126	0.93825				2
2025.01.10	00:04:01.184	0.93825	0.94050			6
2025.01.10	00:04:39.116	0.93833	0.94047			6
2025.01.10	00:05:00.426	0.93879	0.94017			6
2025.01.10	00:05:01.388		0.94013			4
2025.01.10	00:05:03.492		0.94018			4
2025.01.10	00:05:09.270		0.94021			4
2025.01.10	00:05:48.378		0.94014			4
2025.01.10	00:06:07.038	0.93879				2
2025.01.10	00:06:50.372		0.94014			4
2025.01.10	00:07:00.262	0.93879				2
2025.01.10	00:07:38.382		0.94013			4
2025.01.10	00:08:00.005	0.93879				2
2025.01.10	00:08:41.180		0.94013			4
2025.01.10	00:09:00.068	0.93879				2
2025.01.10	00:09:42.360		0.94013			4
2025.01.10	00:10:00.351	0.93879	0.94011			6
2025.01.10	00:10:08.780		0.94012			4
2025.01.10	00:10:11.278	0.93895	0.94016			6
2025.01.10	00:10:34.553	0.93894	0.94015			6
2025.01.10	00:10:36.974	0.93895	0.94016			6
2025.01.10	00:10:42.412	0.93896	0.94017			6
2025.01.10	00:10:46.647	0.93897	0.94018			6
2025.01.10	00:11:00.299	0.93897				2
2025.01.10	00:11:00.901	0.93879	0.94012			6
2025.01.10	00:11:04.975	0.93897	0.94018			6
2025.01.10	00:11:05.587	0.93896	0.94017			6
2025.01.10	00:11:05.888	0.93879	0.94012			6
2025.01.10	00:11:09.291		0.94007			4
2025.01.10	00:11:09.864	0.93894	0.94015			6
2025.01.10	00:11:10.776	0.93879	0.94007			6
2025.01.10	00:11:13.574		0.94008			4
2025.01.10	00:12:01.174	0.93879				2
2025.01.10	00:12:15.385		0.94008			4
2025.01.10	00:12:27.904		0.94010			4
2025.01.10	00:12:48.359		0.94012			4
2025.01.10	00:13:01.812	0.93879				2
2025.01.10	00:13:21.830		0.94010			4
2025.01.10	00:13:45.675		0.94011			4
2025.01.10	00:14:00.374	0.93879				2
2025.01.10	00:14:09.341		0.94012			4
2025.01.10	00:14:54.782		0.94010			4
2025.01.10	00:14:58.388		0.94011			4
2025.01.10	00:15:00.430	0.93879				2
2025.01.10	00:15:00.978		0.94012			4
2025.01.10	00:15:04.877		0.94011			4
2025.01.10	00:15:09.374		0.94012			4
2025.01.10	00:16:46.839	0.93879	0.94012			6
2025.01.10	00:17:00.208	0.93879				2
2025.01.10	00:17:50.082		0.94012			4
2025.01.10	00:18:00.082	0.93879				2
2025.01.10	00:18:05.337		0.94011			4
2025.01.10	00:18:07.954		0.94012			4
2025.01.10	00:18:08.775		0.94011			4
2025.01.10	00:18:10.086		0.94012			4
2025.01.10	00:19:00.274	0.93879				2
2025.01.10	00:19:10.303		0.94012			4
2025.01.10	00:19:27.506		0.94016			4
2025.01.10	00:19:40.394		0.94017			4
2025.01.10	00:19:40.930		0.94016			4
2025.01.10	00:19:41.926		0.94017			4
2025.01.10	00:19:49.455		0.94016			4
2025.01.10	00:20:00.485	0.93879				2
2025.01.10	00:20:10.509		0.94015			4
2025.01.10	00:20:14.175		0.94016			4
2025.01.10	00:20:20.480		0.94017			4
2025.01.10	00:20:23.777		0.94016			4
2025.01.10	00:20:31.573		0.94017			4
2025.01.10	00:20:43.999	0.93863				2
2025.01.10	00:21:00.089	0.93863				2
2025.01.10	00:21:07.004	0.93866	0.94019			6
2025.01.10	00:21:07.874		0.94020			4
2025.01.10	00:21:09.992		0.94019			4
2025.01.10	00:21:10.980		0.94020			4
2025.01.10	00:21:13.051		0.94019			4
2025.01.10	00:21:17.051		0.94018			4
2025.01.10	00:21:21.116		0.94017			4
2025.01.10	00:21:24.276		0.94018			4
2025.01.10	00:21:32.443		0.94017			4
2025.01.10	00:21:47.085		0.94018			4
2025.01.10	00:21:48.274		0.94017			4
2025.01.10	00:22:02.527	0.93866				2
2025.01.10	00:22:07.019	0.93892				2
2025.01.10	00:22:10.899	0.93895				2
2025.01.10	00:22:17.622	0.93897				2
2025.01.10	00:22:23.852	0.93863				2
2025.01.10	00:22:31.168	0.93867	0.94013			6
2025.01.10	00:22:35.261	0.93872	0.94008			6
2025.01.10	00:22:43.638	0.93871	0.94009			6
2025.01.10	00:22:52.520	0.93870	0.94010			6
2025.01.10	00:22:54.081	0.93871				2
2025.01.10	00:22:55.990	0.93870				2
2025.01.10	00:23:00.328	0.93870				2
2025.01.10	00:23:03.382	0.93871	0.94008			6
2025.01.10	00:23:03.887		0.94009			4
2025.01.10	00:23:18.387	0.93870	0.94011			6
2025.01.10	00:23:18.988		0.94010			4
2025.01.10	00:23:28.201	0.93871				2
2025.01.10	00:23:31.633	0.93870	0.94011			6
2025.01.10	00:23:32.176	0.93871	0.94010			6
2025.01.10	00:23:39.421		0.94009			4
2025.01.10	00:23:42.488	0.93870	0.94010			6
2025.01.10	00:23:42.836		0.94011			4
2025.01.10	00:23:43.174	0.93869	0.94008			6
2025.01.10	00:23:47.482	0.93870	0.94007			6
2025.01.10	00:23:48.888	0.93869	0.94008			6
2025.01.10	00:23:49.276	0.93870	0.94007			6
2025.01.10	00:23:50.318	0.93869	0.94008			6
2025.01.10	00:23:51.075	0.93870	0.94007			6
2025.01.10	00:23:52.824	0.93869				2
2025.01.10	00:23:53.129	0.93870				2
2025.01.10	00:23:53.568		0.94008			4
2025.01.10	00:23:54.662	0.93871	0.94007			6
2025.01.10	00:23:58.612	0.93870				2
2025.01.10	00:23:59.480	0.93871				2
2025.01.10	00:24:00.117	0.93871				2
2025.01.10	00:24:00.678	0.93870				2
2025.01.10	00:24:00.982	0.93871				2
2025.01.10	00:24:07.915	0.93872	0.94006			6
2025.01.10	00:24:11.089	0.93871	0.94007			6
2025.01.10	00:24:11.477	0.93872	0.94006			6
2025.01.10	00:24:12.714	0.93871	0.94007			6
2025.01.10	00:24:13.817	0.93872	0.94006			6
2025.01.10	00:24:18.404	0.93871	0.94007			6
2025.01.10	00:24:20.685	0.93870	0.94008			6
2025.01.10	00:24:21.001	0.93871	0.94007			6
2025.01.10	00:24:21.612	0.93870				2
2025.01.10	00:24:22.278	0.93871				2
2025.01.10	00:24:23.278	0.93870				2
2025.01.10	00:24:24.377		0.94006			4
2025.01.10	00:24:25.299		0.94007			4
2025.01.10	00:24:27.645	0.93871	0.94006			6
2025.01.10	00:24:28.128		0.94007			4
2025.01.10	00:24:28.441		0.94006			4
2025.01.10	00:24:31.170	0.93870	0.94007			6
2025.01.10	00:24:31.492	0.93869				2
2025.01.10	00:24:31.803	0.93870	0.94006			6
2025.01.10	00:24:32.108		0.94007			4
2025.01.10	00:24:33.093		0.94006			4
2025.01.10	00:24:34.278		0.94007			4
2025.01.10	00:24:34.619	0.93869	0.94008			6
2025.01.10	00:24:35.621	0.93870	0.94007			6
2025.01.10	00:24:36.425	0.93868	0.94009			6
2025.01.10	00:24:37.472	0.93866				2
2025.01.10	00:24:37.931	0.93864				2
2025.01.10	00:24:38.247	0.93865				2
2025.01.10	00:24:40.321	0.93866				2
2025.01.10	00:24:44.059	0.93867				2
2025.01.10	00:24:44.950	0.93868				2
2025.01.10	00:24:48.472	0.93870	0.94008			6
2025.01.10	00:24:53.171		0.94007			4
2025.01.10	00:24:58.066	0.93869				2
2025.01.10	00:25:00.320	0.93870				2
2025.01.10	00:25:00.980	0.93872				2
2025.01.10	00:25:05.405	0.93873				2
2025.01.10	00:25:08.476	0.93874	0.94006			6
2025.01.10	00:25:09.239	0.93871	0.94009			6
2025.01.10	00:25:17.959		0.94010			4
2025.01.10	00:25:21.452		0.94009			4
2025.01.10	00:25:30.318	0.93872				2
2025.01.10	00:25:34.437		0.94008			4
2025.01.10	00:25:54.079	0.93873				2
2025.01.10	00:25:58.282	0.93871				2
2025.01.10	00:26:01.058	0.93871				2
2025.01.10	00:26:01.572	0.93872	0.94009			6
2025.01.10	00:26:02.823	0.93874	0.94005			6
2025.01.10	00:26:06.351	0.93873	0.94006			6
2025.01.10	00:26:09.684	0.93874	0.94005			6
2025.01.10	00:26:11.858	0.93873	0.94006			6
2025.01.10	00:26:13.879	0.93874	0.94005			6
2025.01.10	00:26:15.977	0.93875	0.94004			6
2025.01.10	00:26:23.195	0.93874	0.94005			6
2025.01.10	00:26:25.409	0.93875				2
2025.01.10	00:26:31.873		0.94004			4
2025.01.10	00:26:43.462		0.94005			4
2025.01.10	00:26:45.382		0.94004			4
2025.01.10	00:26:50.128	0.93874	0.94005			6
2025.01.10	00:26:53.182	0.93875	0.94004			6
2025.01.10	00:26:55.121	0.93874	0.94005			6
2025.01.10	00:26:55.810	0.93875	0.94004			6
2025.01.10	00:26:57.078	0.93876	0.94003			6
2025.01.10	00:26:58.657	0.93875	0.94004			6
2025.01.10	00:27:00.160	0.93875				2
2025.01.10	00:27:00.977	0.93876	0.94003			6
2025.01.10	00:27:04.932	0.93875	0.94004			6
2025.01.10	00:27:06.674	0.93876	0.94003			6
2025.01.10	00:27:13.292	0.93875	0.94004			6
2025.01.10	00:27:14.781		0.94003			4
2025.01.10	00:27:16.647	0.93877	0.94001			6
2025.01.10	00:27:19.633	0.93876	0.94000			6
2025.01.10	00:27:20.199	0.93874	0.94002			6
2025.01.10	00:27:22.878	0.93875	0.94001			6
2025.01.10	00:27:27.410	0.93877	0.94000			6
2025.01.10	00:27:29.162	0.93879	0.94001			6
2025.01.10	00:27:49.285	0.93880				2
2025.01.10	00:27:55.916	0.93879				2
2025.01.10	00:28:00.121	0.93880				2
2025.01.10	00:28:01.335	0.93879	0.94002			6
2025.01.10	00:28:04.638		0.94004			4
2025.01.10	00:28:04.996	0.93875	0.94005			6
2025.01.10	00:28:14.175	0.93874				2
2025.01.10	00:28:40.273	0.93875	0.94004			6
2025.01.10	00:28:49.033	0.93880	0.94009			6
2025.01.10	00:28:49.473	0.93884	0.94013			6
2025.01.10	00:28:50.145	0.93882	0.94012			6
2025.01.10	00:28:52.504		0.94013			4
2025.01.10	00:28:52.833	0.93880	0.94010			6
2025.01.10	00:28:53.198	0.93876				2
2025.01.10	00:28:55.888	0.93875				2
2025.01.10	00:28:56.810	0.93872	0.94013			6
2025.01.10	00:29:00.372	0.93872				2
2025.01.10	00:29:07.064	0.93871	0.94014			6
2025.01.10	00:29:09.218	0.93872				2
2025.01.10	00:29:10.369	0.93871				2
2025.01.10	00:29:11.185	0.93872				2
2025.01.10	00:29:14.478	0.93874				2
2025.01.10	00:29:15.625	0.93901				2
2025.01.10	00:29:23.777	0.93899				2
2025.01.10	00:29:26.780	0.93885	0.94015			6
2025.01.10	00:29:40.382	0.93871	0.94012			6
2025.01.10	00:29:49.474	0.93878				2
2025.01.10	00:29:55.387		0.94016			4
2025.01.10	00:29:57.421		0.94014			4
2025.01.10	00:29:59.800		0.94013			4
2025.01.10	00:30:00.308	0.93878	0.94017			6
2025.01.10	00:30:00.722		0.94015			4
2025.01.10	00:30:01.841		0.94014			4
2025.01.10	00:30:03.143		0.94013			4
2025.01.10	00:30:05.021		0.94019			4
2025.01.10	00:30:06.065		0.94018			4
2025.01.10	00:30:07.365		0.94017			4
2025.01.10	00:30:09.679		0.94016			4
2025.01.10	00:30:11.181		0.94015			4
2025.01.10	00:30:13.330		0.94014			4
2025.01.10	00:30:15.062		0.94013			4
2025.01.10	00:30:17.623		0.94012			4
2025.01.10	00:30:18.728		0.94013			4
2025.01.10	00:30:21.295		0.94012			4
2025.01.10	00:30:22.354		0.94011			4
2025.01.10	00:30:25.922		0.94010			4
2025.01.10	00:30:26.475	0.93879				2
2025.01.10	00:30:28.425	0.93880				2
2025.01.10	00:30:28.741	0.93879				2
2025.01.10	00:30:29.288	0.93880				2
2025.01.10	00:30:29.603	0.93879				2
2025.01.10	00:30:30.243	0.93878	0.94011			6
2025.01.10	00:30:30.565		0.94012			4
2025.01.10	00:30:30.884	0.93879	0.94011			6
2025.01.10	00:30:32.777	0.93880				2
2025.01.10	00:30:33.290	0.93879				2
2025.01.10	00:30:35.473	0.93881				2
2025.01.10	00:30:37.285	0.93885	0.94015			6
2025.01.10	00:30:42.074		0.94013			4
2025.01.10	00:30:42.859	0.93888	0.94012			6
2025.01.10	00:30:46.874		0.94011			4
2025.01.10	00:30:48.074	0.93894	0.94015			6
2025.01.10	00:30:48.980	0.93897	0.94013			6
2025.01.10	00:30:49.282		0.94009			4
2025.01.10	00:30:53.352	0.93899	0.94010			6
2025.01.10	00:30:55.282	0.93897				2
2025.01.10	00:30:55.587		0.94008			4
2025.01.10	00:30:56.785	0.93905	0.94017			6
2025.01.10	00:30:57.124	0.93907	0.94019			6
2025.01.10	00:30:57.515	0.93906	0.94021			6
2025.01.10	00:30:59.761		0.94017			4
2025.01.10	00:31:00.416	0.93906				2
2025.01.10	00:31:02.299	0.93905	0.94016			6
2025.01.10	00:31:04.831	0.93899	0.94009			6
2025.01.10	00:31:13.578	0.93896	0.93999			6
2025.01.10	00:31:15.652		0.93998			4
2025.01.10	00:31:16.661		0.93991			4
2025.01.10	00:31:17.002	0.93889				2
2025.01.10	00:31:20.319	0.93890				2
2025.01.10	00:31:23.749	0.93888				2
2025.01.10	00:31:26.843	0.93889				2
2025.01.10	00:31:28.876	0.93890				2
2025.01.10	00:31:32.328	0.93891				2
2025.01.10	00:31:40.225	0.93886				2
2025.01.10	00:31:40.576	0.93885				2
2025.01.10	00:31:47.175	0.93880				2
2025.01.10	00:31:48.828	0.93883				2
2025.01.10	00:31:56.783		0.93990			4
2025.01.10	00:31:58.362	0.93884				2
2025.01.10	00:31:58.875		0.93989			4
2025.01.10	00:32:02.611	0.93884				2
2025.01.10	00:32:03.675		0.93988			4
2025.01.10	00:32:09.375	0.93885				2
2025.01.10	00:32:12.539	0.93883	0.93985			6
2025.01.10	00:32:13.545	0.93884	0.93986			6
2025.01.10	00:32:15.074	0.93885	0.93987			6
2025.01.10	00:32:24.394	0.93883	0.93984			6
2025.01.10	00:32:26.776	0.93884				2
2025.01.10	00:32:36.681		0.93983			4
2025.01.10	00:32:43.366	0.93885				2
2025.01.10	00:32:54.299		0.93982			4
2025.01.10	00:33:00.075	0.93885				2
2025.01.10	00:33:00.386	0.93884	0.93984			6
2025.01.10	00:33:09.626	0.93904	0.93991			6
2025.01.10	00:33:09.947	0.93906				2
2025.01.10	00:33:10.920	0.93902				2
2025.01.10	00:33:15.733	0.93904				2
2025.01.10	00:33:17.409		0.94000			4
2025.01.10	00:33:21.882	0.93901	0.94003			6
2025.01.10	00:33:22.319	0.93903	0.94000			6
2025.01.10	00:33:31.312	0.93904	0.94001			6
2025.01.10	00:33:38.939	0.93903	0.94000			6
2025.01.10	00:33:43.029	0.93907	0.94004			6
2025.01.10	00:34:00.388	0.93907				2
2025.01.10	00:34:04.791	0.93909	0.94005			6
2025.01.10	00:34:09.736		0.94006			4
2025.01.10	00:34:17.777		0.94005			4
2025.01.10	00:34:34.067		0.94006			4
2025.01.10	00:34:36.397	0.93910	0.94007			6
2025.01.10	00:34:39.760	0.93909	0.94006			6
2025.01.10	00:34:49.205	0.93907	0.94004			6
2025.01.10	00:34:49.876	0.93904	0.94001			6
2025.01.10	00:35:00.380	0.93904				2
2025.01.10	00:35:00.729	0.93908	0.94004			6
2025.01.10	00:35:03.653	0.93904	0.94000			6
2025.01.10	00:35:04.179	0.93905	0.94002			6
2025.01.10	00:35:09.741	0.93906				2
2025.01.10	00:35:16.880	0.93907	0.94004			6
2025.01.10	00:35:26.733	0.93908				2
2025.01.10	00:35:27.408	0.93906	0.94002			6
2025.01.10	00:35:27.719	0.93907	0.94004			6
2025.01.10	00:35:28.927	0.93910	0.94006			6
2025.01.10	00:35:31.035	0.93906	0.94002			6
2025.01.10	00:35:32.062	0.93908	0.94004			6
2025.01.10	00:35:32.481	0.93906	0.94002			6
2025.01.10	00:35:33.675		0.94004			4
2025.01.10	00:35:33.983		0.94002			4
2025.01.10	00:35:37.711	0.93905	0.94001			6
2025.01.10	00:35:39.319	0.93908	0.94004			6
2025.01.10	00:35:40.383	0.93904	0.94000			6
2025.01.10	00:35:42.511	0.93905				2
2025.01.10	00:35:50.046		0.93999			4
2025.01.10	00:35:52.769	0.93906				2
2025.01.10	00:35:55.993	0.93907				2
2025.01.10	00:35:56.486		0.94000			4
2025.01.10	00:35:57.521		0.93999			4
2025.01.10	00:36:05.174	0.93907				2
2025.01.10	00:36:06.590	0.93904				2
2025.01.10	00:36:10.340	0.93906				2
2025.01.10	00:36:12.519	0.93904				2
2025.01.10	00:36:20.775	0.93902				2
2025.01.10	00:36:28.300	0.93901				2
2025.01.10	00:36:28.876	0.93905	0.94000			6
2025.01.10	00:36:31.574	0.93906				2
2025.01.10	00:36:42.518	0.93905	0.94001			6
2025.01.10	00:36:45.377	0.93906				2
2025.01.10	00:36:54.042	0.93904				2
2025.01.10	00:36:54.679	0.93906				2
2025.01.10	00:37:04.092	0.93906				2
2025.01.10	00:37:18.309		0.94000			4
2025.01.10	00:38:04.284	0.93906				2
2025.01.10	00:38:07.373	0.93901	0.93998			6
2025.01.10	00:38:18.717	0.93900	0.93999			6
2025.01.10	00:38:33.999	0.93895	0.93997			6
2025.01.10	00:38:34.354		0.93996			4
2025.01.10	00:38:35.472	0.93897	0.93997			6
2025.01.10	00:38:43.361	0.93896	0.93998			6
2025.01.10	00:38:44.257		0.94000			4
2025.01.10	00:38:45.076	0.93897				2
2025.01.10	00:38:47.807	0.93907	0.94002			6
2025.01.10	00:38:48.986	0.93904	0.94000			6
2025.01.10	00:38:58.707	0.93903				2
2025.01.10	00:39:04.947	0.93903				2
2025.01.10	00:39:24.497		0.94001			4
2025.01.10	00:39:27.525	0.93904	0.94000			6
2025.01.10	00:39:38.777	0.93901	0.93997			6
2025.01.10	00:39:43.348	0.93898	0.94000			6
2025.01.10	00:39:43.664	0.93904				2
2025.01.10	00:39:44.333	0.93908	0.94004			6
2025.01.10	00:40:00.283	0.93908				2
2025.01.10	00:40:03.678	0.93907	0.94003			6
2025.01.10	00:40:17.781	0.93905	0.94000			6
2025.01.10	00:40:18.364	0.93912	0.94015			6
2025.01.10	00:40:18.672	0.93913				2
2025.01.10	00:40:19.475	0.93912	0.94010			6
2025.01.10	00:40:20.349		0.94009			4
2025.01.10	00:40:23.131		0.94008			4
2025.01.10	00:40:24.029		0.94010			4
2025.01.10	00:40:25.543		0.93999			4
2025.01.10	00:40:26.675	0.93913				2
2025.01.10	00:40:29.013	0.93916				2
2025.01.10	00:40:30.365		0.94003			4
2025.01.10	00:40:33.975	0.93917				2
2025.01.10	00:40:34.833	0.93916				2
2025.01.10	00:40:37.403	0.93917				2
2025.01.10	00:40:39.254	0.93913				2
2025.01.10	00:40:39.673	0.93909	0.94000			6
2025.01.10	00:40:41.319	0.93910				2
2025.01.10	00:40:43.582	0.93908				2
2025.01.10	00:40:43.887		0.93998			4
2025.01.10	00:41:00.343	0.93908	0.93999			6
2025.01.10	00:41:00.975	0.93910	0.94000			6
2025.01.10	00:41:02.474	0.93919	0.94015			6
2025.01.10	00:41:03.078		0.94018			4
2025.01.10	00:41:05.035		0.94017			4
2025.01.10	00:41:05.526		0.94008			4
2025.01.10	00:41:10.174	0.93911	0.94000			6
2025.01.10	00:41:10.573	0.93910	0.93999			6
2025.01.10	00:41:11.488	0.93909	0.93998			6
2025.01.10	00:42:02.484	0.93909				2
2025.01.10	00:42:09.104	0.93893	0.94014			6
2025.01.10	00:42:10.954	0.93907	0.93996			6
2025.01.10	00:42:16.575	0.93906	0.93995			6
2025.01.10	00:42:41.919	0.93912	0.94001			6
2025.01.10	00:42:48.083	0.93911				2
2025.01.10	00:43:00.373	0.93911				2
2025.01.10	00:43:17.775	0.93913	0.94006			6
2025.01.10	00:43:22.275		0.94011			4
2025.01.10	00:43:22.876		0.94009			4
2025.01.10	00:43:23.342	0.93915	0.94007			6
2025.01.10	00:43:23.809	0.93916				2
2025.01.10	00:43:26.673	0.93915	0.94005			6
2025.01.10	00:43:38.537		0.94006			4
2025.01.10	00:43:40.279	0.93917	0.94007			6
2025.01.10	00:43:45.675	0.93918	0.94008			6
2025.01.10	00:43:53.458	0.93919	0.94009			6
2025.01.10	00:43:55.252	0.93920				2
2025.01.10	00:43:56.673	0.93919	0.94008			6
2025.01.10	00:43:57.676	0.93918	0.94007			6
2025.01.10	00:44:00.561	0.93917				2
2025.01.10	00:44:04.355	0.93916				2
2025.01.10	00:44:06.085	0.93917				2
2025.01.10	00:44:09.375	0.93916				2
2025.01.10	00:44:16.581	0.93919	0.94008			6
2025.01.10	00:44:31.275	0.93920				2
2025.01.10	00:44:43.212		0.94007			4
2025.01.10	00:44:43.576		0.94008			4
2025.01.10	00:45:00.762	0.93922	0.94009			6
2025.01.10	00:45:01.579	0.93921	0.94008			6
2025.01.10	00:45:02.096	0.93905	0.94026			6
2025.01.10	00:45:03.904	0.93921	0.94008			6
2025.01.10	00:45:08.329	0.93938	0.93989			6
2025.01.10	00:45:10.878	0.93937				2
2025.01.10	00:45:11.183		0.93990			4
2025.01.10	00:45:14.776		0.93989			4
2025.01.10	00:45:15.374	0.93938				2
2025.01.10	00:45:18.131		0.93990			4
2025.01.10	00:45:20.019		0.93989			4
2025.01.10	00:45:23.622	0.93930	0.93988			6
2025.01.10	00:45:25.877	0.93929				2
2025.01.10	00:45:29.084	0.93930				2
2025.01.10	00:45:31.378	0.93928	0.93989			6
2025.01.10	00:45:33.625		0.93988			4
2025.01.10	00:45:35.881		0.93989			4
2025.01.10	00:45:38.184		0.93988			4
2025.01.10	00:45:40.323		0.93989			4
2025.01.10	00:45:41.420	0.93929	0.93988			6
2025.01.10	00:45:43.378	0.93928				2
2025.01.10	00:45:43.788	0.93929				2
2025.01.10	00:45:44.826	0.93932	0.93985			6
2025.01.10	00:45:56.362	0.93933	0.93984			6
2025.01.10	00:45:57.074	0.93932	0.93985			6
2025.01.10	00:45:58.100	0.93931				2
2025.01.10	00:45:58.428	0.93932				2
2025.01.10	00:45:59.733	0.93931				2
2025.01.10	00:46:00.043	0.93932				2
2025.01.10	00:46:03.993	0.93921	0.93974			6
2025.01.10	00:46:05.975	0.93918				2
2025.01.10	00:46:10.275		0.93973			4
2025.01.10	00:46:11.179		0.93974			4
2025.01.10	00:46:12.079		0.93973			4
2025.01.10	00:46:13.276		0.93974			4
2025.01.10	00:46:13.624	0.93919				2
2025.01.10	00:46:14.279	0.93914				2
2025.01.10	00:46:15.781	0.93911	0.93973			6
2025.01.10	00:46:17.999	0.93916	0.93972			6
2025.01.10	00:46:19.280	0.93914	0.93973			6
2025.01.10	00:46:20.485	0.93915	0.93972			6
2025.01.10	00:46:21.350	0.93914	0.93973			6
2025.01.10	00:46:25.328	0.93912				2
2025.01.10	00:46:27.386		0.93969			4
2025.01.10	00:46:31.912	0.93913	0.93968			6
2025.01.10	00:46:39.977	0.93911				2
2025.01.10	00:46:40.300	0.93912				2
2025.01.10	00:46:40.628		0.93969			4
2025.01.10	00:46:41.769		0.93967			4
2025.01.10	00:46:42.838	0.93914	0.93965			6
2025.01.10	00:46:44.355	0.93913	0.93966			6
2025.01.10	00:46:46.400	0.93914	0.93965			6
2025.01.10	00:46:46.969	0.93915	0.93964			6
2025.01.10	00:46:48.051	0.93913	0.93963			6
2025.01.10	00:46:48.900	0.93912	0.93965			6
2025.01.10	00:46:49.402	0.93913	0.93966			6
2025.01.10	00:46:51.377		0.93965			4
2025.01.10	00:46:51.722		0.93967			4
2025.01.10	00:46:53.609		0.93965			4
2025.01.10	00:46:55.415		0.93966			4
2025.01.10	00:46:56.413	0.93915	0.93964			6
2025.01.10	00:47:00.830	0.93915				2
2025.01.10	00:47:01.882	0.93903	0.93988			6
2025.01.10	00:47:03.402	0.93901	0.93986			6
2025.01.10	00:47:04.009	0.93917	0.93963			6
2025.01.10	00:47:07.419	0.93899	0.93961			6
2025.01.10	00:47:09.276	0.93898	0.93962			6
2025.01.10	00:47:10.755	0.93908				2
2025.01.10	00:47:11.691		0.93961			4
2025.01.10	00:47:12.018		0.93962			4
2025.01.10	00:47:14.371		0.93961			4
2025.01.10	00:47:22.240	0.93903	0.93963			6
2025.01.10	00:47:22.815	0.93907	0.93959			6
2025.01.10	00:47:25.637	0.93913	0.93960			6
2025.01.10	00:47:26.660		0.93961			4
2025.01.10	00:47:27.668		0.93959			4
2025.01.10	00:47:28.536		0.93960			4
2025.01.10	00:47:32.555		0.93961			4
2025.01.10	00:47:32.862		0.93959			4
2025.01.10	00:47:40.575	0.93906				2
2025.01.10	00:47:42.491	0.93905	0.93960			6
2025.01.10	00:47:44.552	0.93906	0.93959			6
2025.01.10	00:47:46.616		0.93957			4
2025.01.10	00:47:47.314	0.93909	0.93954			6
2025.01.10	00:47:49.450	0.93908	0.93955			6
2025.01.10	00:47:51.431		0.93956			4
2025.01.10	00:47:53.012		0.93955			4
2025.01.10	00:47:54.250		0.93954			4
2025.01.10	00:47:55.053	0.93904	0.93955			6
2025.01.10	00:47:55.875	0.93905				2
2025.01.10	00:48:00.330	0.93903	0.93957			6
2025.01.10	00:48:00.978	0.93905				2
2025.01.10	00:48:03.985	0.93903	0.93958			6
2025.01.10	00:48:04.692		0.93960			4
2025.01.10	00:48:06.749	0.93905	0.93955			6
2025.01.10	00:48:08.257	0.93906	0.93954			6
2025.01.10	00:48:08.603	0.93905	0.93955			6
2025.01.10	00:48:09.032	0.93907	0.93954			6
2025.01.10	00:48:09.615	0.93905	0.93957			6
2025.01.10	00:48:11.778		0.93958			4
2025.01.10	00:48:19.768		0.93957			4
2025.01.10	00:48:21.737		0.93963			4
2025.01.10	00:48:22.058		0.93957			4
2025.01.10	00:48:26.402	0.93907	0.93955			6
2025.01.10	00:48:27.676		0.93956			4
2025.01.10	00:48:28.730	0.93903	0.93965			6
2025.01.10	00:48:29.191	0.93905	0.93960			6
2025.01.10	00:48:29.525		0.93961			4
2025.01.10	00:48:30.097	0.93907				2
2025.01.10	00:48:31.654	0.93905				2
2025.01.10	00:48:31.968	0.93904	0.93960			6
2025.01.10	00:48:35.781	0.93906	0.93957			6
2025.01.10	00:48:36.736	0.93908	0.93955			6
2025.01.10	00:48:37.985	0.93904	0.93964			6
2025.01.10	00:48:39.079		0.93961			4
2025.01.10	00:48:39.700		0.93959			4
2025.01.10	00:48:40.002	0.93905	0.93957			6
2025.01.10	00:48:47.163	0.93907	0.93959			6
2025.01.10	00:48:47.611		0.93960			4
2025.01.10	00:48:48.581		0.93958			4
2025.01.10	00:48:49.837		0.93960			4
2025.01.10	00:48:50.184		0.93959			4
2025.01.10	00:48:56.935		0.93958			4
2025.01.10	00:48:57.377		0.93957			4
2025.01.10	00:48:59.281	0.93903	0.93964			6
2025.01.10	00:48:59.581	0.93904	0.93962			6
2025.01.10	00:48:59.907	0.93903				2
2025.01.10	00:49:00.215	0.93904				2
2025.01.10	00:49:02.781	0.93905	0.93959			6
2025.01.10	00:49:03.093	0.93904	0.93958			6
2025.01.10	00:49:03.509	0.93905				2
2025.01.10	00:49:03.818		0.93957			4
2025.01.10	00:49:04.551		0.93958			4
2025.01.10	00:49:06.748	0.93903				2
2025.01.10	00:49:07.364	0.93905				2
2025.01.10	00:49:07.754	0.93903				2
2025.01.10	00:49:08.267	0.93905				2
2025.01.10	00:49:10.088		0.93959			4
2025.01.10	00:49:10.599	0.93903				2
2025.01.10	00:49:11.171	0.93904	0.93958			6
2025.01.10	00:49:12.089		0.93959			4
2025.01.10	00:49:13.092		0.93958			4
2025.01.10	00:49:17.944		0.93959			4
2025.01.10	00:49:23.911	0.93905	0.93955			6
2025.01.10	00:49:32.993	0.93906				2
2025.01.10	00:49:33.795	0.93909				2
2025.01.10	00:49:34.551	0.93910				2
2025.01.10	00:49:35.249	0.93911	0.93956			6
2025.01.10	00:49:35.612	0.93908	0.93957			6
2025.01.10	00:49:37.091		0.93958			4
2025.01.10	00:49:39.084	0.93912	0.93956			6
2025.01.10	00:49:43.878	0.93913				2
2025.01.10	00:49:52.994	0.93912	0.93957			6
2025.01.10	00:49:53.480	0.93908	0.93959			6
2025.01.10	00:49:55.578	0.93910	0.93957			6
2025.01.10	00:49:57.149	0.93909	0.93958			6
2025.01.10	00:49:57.716	0.93908	0.93959			6
2025.01.10	00:49:59.989	0.93909	0.93958			6
2025.01.10	00:50:01.589	0.93909				2
2025.01.10	00:50:02.483	0.93910	0.93957			6
2025.01.10	00:50:04.244	0.93909	0.93958			6
2025.01.10	00:50:04.554	0.93908	0.93959			6
2025.01.10	00:50:04.860	0.93911	0.93957			6
2025.01.10	00:50:05.175	0.93913	0.93956			6
2025.01.10	00:50:06.469	0.93917	0.93960			6
2025.01.10	00:50:08.177		0.93959			4
2025.01.10	00:50:09.351	0.93928	0.93970			6
2025.01.10	00:50:09.791	0.93929	0.93977			6
2025.01.10	00:50:10.102	0.93928	0.93979			6
2025.01.10	00:50:10.873	0.93927	0.93980			6
2025.01.10	00:50:11.492	0.93931	0.93976			6
2025.01.10	00:50:13.032	0.93932	0.93975			6
2025.01.10	00:50:14.698	0.93930	0.93977			6
2025.01.10	00:50:15.109	0.93932	0.93976			6
2025.01.10	00:50:16.016	0.93929	0.93973			6
2025.01.10	00:50:16.728	0.93927	0.93975			6
2025.01.10	00:50:17.780	0.93929	0.93973			6
2025.01.10	00:50:20.286	0.93928	0.93974			6
2025.01.10	00:50:25.280	0.93929	0.93973			6
2025.01.10	00:50:31.705	0.93928				2
2025.01.10	00:50:34.732	0.93926	0.93975			6
2025.01.10	00:50:36.535	0.93925	0.93976			6
2025.01.10	00:50:49.727	0.93926				2
2025.01.10	00:50:52.979	0.93927	0.93974			6
2025.01.10	00:51:00.364	0.93927				2
2025.01.10	00:51:01.505	0.93926	0.93975			6
2025.01.10	00:51:07.387	0.93925	0.93976			6
2025.01.10	00:51:14.135	0.93924				2
2025.01.10	00:51:15.716	0.93920	0.93980			6
2025.01.10	00:51:16.958		0.93981			4
2025.01.10	00:51:19.723	0.93924	0.93977			6
2025.01.10	00:51:20.186	0.93923	0.93978			6
2025.01.10	00:51:32.348	0.93925				2
2025.01.10	00:51:33.827	0.93923	0.93980			6
2025.01.10	00:51:34.143	0.93924				2
2025.01.10	00:51:34.467		0.93979			4
2025.01.10	00:51:34.796	0.93919	0.93984			6
2025.01.10	00:51:35.098	0.93920	0.93982			6
2025.01.10	00:51:35.760	0.93923	0.93979			6
2025.01.10	00:51:36.067	0.93924				2
2025.01.10	00:51:36.397		0.93978			4
2025.01.10	00:51:37.070		0.93979			4
2025.01.10	00:51:37.414		0.93978			4
2025.01.10	00:51:39.848	0.93925	0.93977			6
2025.01.10	00:51:46.785	0.93923	0.93979			6
2025.01.10	00:51:50.787	0.93924				2
2025.01.10	00:51:52.427	0.93923				2
2025.01.10	00:51:55.327	0.93924				2
2025.01.10	00:51:59.177	0.93923				2
2025.01.10	00:52:06.202	0.93923				2
2025.01.10	00:52:11.901	0.93922	0.93980			6
2025.01.10	00:52:18.327	0.93924				2
2025.01.10	00:52:26.533	0.93925	0.93979			6
2025.01.10	00:52:43.592	0.93919	0.93984			6
2025.01.10	00:52:51.931	0.93924	0.93979			6
2025.01.10	00:52:52.430	0.93920	0.93983			6
2025.01.10	00:53:00.162	0.93927	0.93981			6
2025.01.10	00:53:02.191	0.93926				2
2025.01.10	00:53:04.106	0.93927				2
2025.01.10	00:53:04.417	0.93917	0.93980			6
2025.01.10	00:53:05.806	0.93918				2
2025.01.10	00:53:06.861		0.93981			4
2025.01.10	00:53:07.163		0.93980			4
2025.01.10	00:53:07.557	0.93919				2
2025.01.10	00:53:07.899		0.93981			4
2025.01.10	00:53:08.970		0.93980			4
2025.01.10	00:53:11.099	0.93912				2
2025.01.10	00:53:13.182		0.93979			4
2025.01.10	00:53:13.839		0.93978			4
2025.01.10	00:53:14.202		0.93979			4
2025.01.10	00:53:15.170		0.93978			4
2025.01.10	00:53:17.525		0.93979			4
2025.01.10	00:53:22.710	0.93917	0.93972			6
2025.01.10	00:53:23.074	0.93920	0.93973			6
2025.01.10	00:53:23.851	0.93921				2
2025.01.10	00:53:35.251	0.93919	0.93975			6
2025.01.10	00:53:35.577	0.93915	0.93976			6
2025.01.10	00:53:36.357	0.93912	0.93979			6
2025.01.10	00:53:40.022	0.93913				2
2025.01.10	00:53:40.479		0.93978			4
2025.01.10	00:53:40.801	0.93912	0.93979			6
2025.01.10	00:53:41.307	0.93915	0.93977			6
2025.01.10	00:53:45.134	0.93917	0.93975			6
2025.01.10	00:53:45.570	0.93929	0.93980			6
2025.01.10	00:53:46.176	0.93930	0.93981			6
2025.01.10	00:53:51.941	0.93928	0.93983			6
2025.01.10	00:53:53.871		0.93984			4
2025.01.10	00:53:54.855		0.93983			4
2025.01.10	00:53:57.384	0.93930	0.93982			6
2025.01.10	00:54:00.461	0.93930				2
2025.01.10	00:54:00.987	0.93931	0.93981			6
2025.01.10	00:54:04.198	0.93930	0.93982			6
2025.01.10	00:54:07.032		0.93981			4
2025.01.10	00:54:09.615	0.93929	0.93983			6
2025.01.10	00:54:09.992	0.93931	0.93981			6
2025.01.10	00:54:14.755	0.93930	0.93982			6
2025.01.10	00:54:17.170	0.93931	0.93981			6
2025.01.10	00:54:26.497	0.93930	0.93983			6
2025.01.10	00:54:28.275	0.93929	0.93984			6
2025.01.10	00:54:35.267	0.93933				2
2025.01.10	00:54:35.794	0.93931				2
2025.01.10	00:54:37.065	0.93932	0.93983			6
2025.01.10	00:54:40.222	0.93931	0.93984			6
2025.01.10	00:54:43.973	0.93932	0.93983			6
2025.01.10	00:54:47.518	0.93933	0.93982			6
2025.01.10	00:55:00.082	0.93933				2
2025.01.10	00:55:01.329		0.93983			4
2025.01.10	00:55:05.377		0.93982			4
2025.01.10	00:55:20.074		0.93983			4
2025.01.10	00:55:20.391		0.93982			4
2025.01.10	00:55:28.274	0.93934	0.93983			6
2025.01.10	00:55:35.095	0.93930	0.93987			6
2025.01.10	00:55:47.247	0.93933	0.93985			6
2025.01.10	00:55:52.692	0.93934	0.93984			6
2025.01.10	00:55:54.031		0.93983			4
2025.01.10	00:56:00.446	0.93934				2
2025.01.10	00:56:15.511	0.93932	0.93986			6
2025.01.10	00:56:27.048	0.93931				2
2025.01.10	00:56:45.003	0.93933	0.93984			6
2025.01.10	00:56:47.149	0.93934				2
2025.01.10	00:56:52.741	0.93936	0.93985			6
2025.01.10	00:56:59.478	0.93935	0.93984			6
2025.01.10	00:57:00.520	0.93932	0.93987			6
2025.01.10	00:57:05.784	0.93933				2
2025.01.10	00:57:09.675	0.93932				2
2025.01.10	00:57:10.244	0.93935	0.93983			6
2025.01.10	00:57:13.116	0.93936	0.93984			6
2025.01.10	00:57:18.214	0.93933	0.93987			6
2025.01.10	00:57:18.684		0.93988			4
2025.01.10	00:57:23.473		0.93987			4
2025.01.10	00:57:25.282		0.93988			4
2025.01.10	00:57:26.917	0.93934	0.93987			6
2025.01.10	00:57:34.576	0.93935				2
2025.01.10	00:57:40.584	0.93937	0.93985			6
2025.01.10	00:57:41.774	0.93936	0.93984			6
2025.01.10	00:57:43.935	0.93931	0.93985			6
2025.01.10	00:57:46.949		0.93986			4
2025.01.10	00:57:47.578	0.93930				2
2025.01.10	00:57:49.191		0.93987			4
2025.01.10	00:57:50.173		0.93986			4
2025.01.10	00:57:51.340		0.93987			4
2025.01.10	00:57:51.872	0.93929				2
2025.01.10	00:57:54.558	0.93930	0.93986			6
2025.01.10	00:57:55.449	0.93929				2
2025.01.10	00:57:56.704	0.93928	0.93987			6
2025.01.10	00:57:57.497	0.93924	0.93991			6
2025.01.10	00:57:57.954		0.93992			4
2025.01.10	00:57:58.280	0.93926	0.93991			6
2025.01.10	00:57:59.977	0.93928	0.93989			6
2025.01.10	00:58:00.553	0.93927	0.93990			6
2025.01.10	00:58:01.876	0.93930				2
2025.01.10	00:58:03.401	0.93929	0.93992			6
2025.01.10	00:58:07.989	0.93930				2
2025.01.10	00:58:09.011	0.93931				2
2025.01.10	00:58:13.776	0.93930				2
2025.01.10	00:58:17.479	0.93931				2
2025.01.10	00:58:19.065	0.93932	0.93991			6
2025.01.10	00:58:19.876	0.93928				2
2025.01.10	00:58:22.297	0.93926	0.93993			6
2025.01.10	00:58:24.436	0.93927	0.93992			6
2025.01.10	00:58:28.593	0.93929	0.93990			6
2025.01.10	00:58:33.671	0.93930	0.93989			6
2025.01.10	00:58:39.167	0.93927	0.93993			6
2025.01.10	00:58:41.477	0.93928				2
2025.01.10	00:58:54.679	0.93927				2
2025.01.10	00:58:55.867	0.93926	0.93994			6
2025.01.10	00:58:59.279		0.93993			4
2025.01.10	00:58:59.668	0.93928	0.93992			6
2025.01.10	00:59:00.075	0.93927				2
2025.01.10	00:59:00.392	0.93926	0.93993			6
2025.01.10	00:59:00.794		0.93994			4
2025.01.10	00:59:01.174	0.93925				2
2025.01.10	00:59:02.392	0.93926				2
2025.01.10	00:59:06.375	0.93925				2
2025.01.10	00:59:09.318	0.93928				2
2025.01.10	00:59:09.627	0.93929	0.93992			6
2025.01.10	00:59:10.381	0.93927	0.93993			6
2025.01.10	00:59:11.782	0.93925				2
2025.01.10	00:59:13.095	0.93922				2
2025.01.10	00:59:14.186	0.93918				2
2025.01.10	00:59:16.875	0.93922				2
2025.01.10	00:59:19.137	0.93921	0.93994			6
2025.01.10	00:59:19.885	0.93923	0.93993			6
2025.01.10	00:59:21.899	0.93922				2
2025.01.10	00:59:22.832	0.93923	0.93992			6
2025.01.10	00:59:23.945	0.93924				2
2025.01.10	00:59:25.750	0.93929	0.93987			6
2025.01.10	00:59:27.132	0.93928	0.93988			6
2025.01.10	00:59:29.012	0.93929	0.93987			6
2025.01.10	00:59:30.376	0.93928	0.93990			6
2025.01.10	00:59:31.575	0.93929				2
2025.01.10	00:59:33.440	0.93927	0.93992			6
2025.01.10	00:59:35.766	0.93926				2
2025.01.10	00:59:38.675		0.93995			4
2025.01.10	00:59:43.162	0.93924				2
2025.01.10	00:59:45.626	0.93925	0.93994			6
2025.01.10	00:59:45.957	0.93926	0.93993			6
2025.01.10	00:59:49.416	0.93922	0.93997			6
2025.01.10	00:59:49.729	0.93924	0.93995			6
2025.01.10	00:59:50.177	0.93922				2
2025.01.10	00:59:51.581		0.93994			4
2025.01.10	01:00:00.305	0.93923	0.93990			6
2025.01.10	01:00:00.624	0.93927	0.93983			6
2025.01.10	01:00:00.945	0.93913	0.93982			6
2025.01.10	01:00:01.273	0.93931	0.93979			6
2025.01.10	01:00:01.582	0.93928	0.93976			6
2025.01.10	01:00:02.388	0.93930	0.93975			6
2025.01.10	01:00:03.905	0.93932	0.93976			6
2025.01.10	01:00:04.206	0.93925	0.93975			6
2025.01.10	01:00:04.753	0.93926	0.93974			6
2025.01.10	01:00:08.380	0.93927	0.93973			6
2025.01.10	01:00:10.322	0.93924	0.93976			6
2025.01.10	01:00:10.650	0.93925	0.93975			6
2025.01.10	01:00:11.752	0.93927	0.93973			6
2025.01.10	01:00:13.454	0.93923	0.93977			6
2025.01.10	01:00:17.704	0.93937	0.93979			6
2025.01.10	01:00:18.055		0.93980			4
2025.01.10	01:00:18.376		0.93981			4
2025.01.10	01:00:18.704	0.93936	0.93975			6
2025.01.10	01:00:19.063	0.93930				2
2025.01.10	01:00:20.475	0.93931				2
2025.01.10	01:00:26.509	0.93929	0.93971			6
2025.01.10	01:00:28.663	0.93930	0.93968			6
2025.01.10	01:00:32.985	0.93928				2
2025.01.10	01:00:38.182	0.93929				2
2025.01.10	01:00:43.876		0.93969			4
2025.01.10	01:00:49.574	0.93943				2
2025.01.10	01:00:50.409	0.93945				2
2025.01.10	01:00:51.247	0.93930	0.93968			6
2025.01.10	01:00:52.392	0.93929				2
2025.01.10	01:01:00.314	0.93930				2
2025.01.10	01:01:00.940	0.93929				2
2025.01.10	01:01:01.648	0.93930				2
2025.01.10	01:01:02.248	0.93931				2
2025.01.10	01:01:07.278	0.93933				2
2025.01.10	01:01:07.936	0.93935				2
2025.01.10	01:01:08.251	0.93934				2
2025.01.10	01:01:08.576	0.93935				2
2025.01.10	01:01:12.392	0.93934				2
2025.01.10	01:01:12.960	0.93933				2
2025.01.10	01:01:17.829	0.93932				2
2025.01.10	01:01:18.275	0.93933	0.93970			6
2025.01.10	01:01:23.893	0.93934				2
2025.01.10	01:01:28.677	0.93931	0.93961			6
2025.01.10	01:01:32.056	0.93932	0.93965			6
2025.01.10	01:01:33.217	0.93926	0.93959			6
2025.01.10	01:01:34.867	0.93924	0.93958			6
2025.01.10	01:01:35.774	0.93923				2
2025.01.10	01:01:36.084	0.93927	0.93959			6
2025.01.10	01:01:40.961		0.93958			4
2025.01.10	01:01:41.774		0.93959			4
2025.01.10	01:01:49.434	0.93924				2
2025.01.10	01:01:56.175	0.93925	0.93958			6
2025.01.10	01:01:59.680	0.93927				2
2025.01.10	01:02:00.401	0.93927				2
2025.01.10	01:02:02.419	0.93929	0.93960			6
2025.01.10	01:02:02.721	0.93927				2
2025.01.10	01:02:03.064		0.93958			4
2025.01.10	01:02:03.467	0.93930				2
2025.01.10	01:02:04.729	0.93929	0.93960			6
2025.01.10	01:02:05.055	0.93939	0.93962			6
2025.01.10	01:02:05.376	0.93937	0.93959			6
2025.01.10	01:02:06.156	0.93932				2
2025.01.10	01:02:06.468	0.93931				2
2025.01.10	01:02:06.940	0.93927				2
2025.01.10	01:02:08.694		0.93958			4
2025.01.10	01:02:09.002	0.93926				2
2025.01.10	01:02:09.376	0.93927	0.93959			6
2025.01.10	01:02:09.685	0.93926	0.93960			6
2025.01.10	01:02:10.278		0.93957			4
2025.01.10	01:02:12.375	0.93931	0.93961			6
2025.01.10	01:02:14.080	0.93935	0.93966			6
2025.01.10	01:02:14.390	0.93933	0.93961			6
2025.01.10	01:02:14.705	0.93935	0.93960			6
2025.01.10	01:02:16.248	0.93934	0.93964			6
2025.01.10	01:02:16.576	0.93935	0.93965			6
2025.01.10	01:02:31.251		0.93966			4
2025.01.10	01:02:32.592	0.93934	0.93967			6
2025.01.10	01:02:33.078		0.93964			4
2025.01.10	01:02:33.488	0.93935	0.93966			6
2025.01.10	01:02:36.374	0.93934				2
2025.01.10	01:02:36.682		0.93965			4
2025.01.10	01:02:37.384		0.93962			4
2025.01.10	01:02:45.084	0.93935				2
2025.01.10	01:02:45.391	0.93936				2
2025.01.10	01:02:46.445		0.93965			4
2025.01.10	01:02:48.390	0.93937				2
2025.01.10	01:02:52.393	0.93940	0.93964			6
2025.01.10	01:02:52.730	0.93939				2
2025.01.10	01:02:55.505		0.93966			4
2025.01.10	01:02:56.180		0.93965			4
2025.01.10	01:02:57.306	0.93941				2
2025.01.10	01:02:58.389	0.93942				2
2025.01.10	01:02:58.702	0.93943				2
2025.01.10	01:02:59.033	0.93942	0.93966			6
2025.01.10	01:03:00.190	0.93943				2
2025.01.10	01:03:00.546	0.93942				2
2025.01.10	01:03:02.774		0.93965			4
2025.01.10	01:03:06.540		0.93967			4
2025.01.10	01:03:06.891	0.93941				2
2025.01.10	01:03:07.500		0.93965			4
2025.01.10	01:03:09.981	0.93940				2
2025.01.10	01:03:10.320	0.93941				2
2025.01.10	01:03:11.170	0.93942				2
2025.01.10	01:03:12.395	0.93943				2
2025.01.10	01:03:13.127	0.93941				2
2025.01.10	01:03:16.956	0.93943	0.93968			6
2025.01.10	01:03:18.203		0.93969			4
2025.01.10	01:03:23.037	0.93941	0.93964			6
2025.01.10	01:03:23.881		0.93965			4
2025.01.10	01:03:24.255	0.93942				2
2025.01.10	01:03:30.140	0.93943				2
2025.01.10	01:03:30.752	0.93944				2
2025.01.10	01:03:31.961	0.93943				2
2025.01.10	01:03:35.264	0.93944				2
2025.01.10	01:03:39.797	0.93943				2
2025.01.10	01:03:43.731	0.93944				2
2025.01.10	01:03:44.175		0.93968			4
2025.01.10	01:03:49.162	0.93942	0.93966			6
2025.01.10	01:03:51.521	0.93946				2
2025.01.10	01:03:51.844	0.93948	0.93968			6
2025.01.10	01:03:53.102	0.93947				2
2025.01.10	01:03:53.777	0.93946				2
2025.01.10	01:03:59.069	0.93945				2
2025.01.10	01:03:59.776		0.93969			4
2025.01.10	01:04:00.440	0.93945				2
2025.01.10	01:04:01.141	0.93946	0.93968			6
2025.01.10	01:04:02.468	0.93945				2
2025.01.10	01:04:02.784	0.93946				2
2025.01.10	01:04:03.841	0.93945				2
2025.01.10	01:04:06.505	0.93946				2
2025.01.10	01:04:10.321	0.93944				2
2025.01.10	01:04:11.072	0.93946				2
2025.01.10	01:04:17.969	0.93954	0.93962			6
2025.01.10	01:04:19.787	0.93946	0.93968			6
2025.01.10	01:04:28.020	0.93944				2
2025.01.10	01:04:29.473	0.93949				2
2025.01.10	01:04:29.776	0.93947				2
2025.01.10	01:04:30.472	0.93946				2
2025.01.10	01:04:30.978		0.93967			4
2025.01.10	01:04:33.553	0.93944				2
2025.01.10	01:04:37.004		0.93966			4
2025.01.10	01:04:37.886	0.93945				2
2025.01.10	01:04:38.454	0.93944				2
2025.01.10	01:04:38.984	0.93946				2
2025.01.10	01:04:39.376		0.93967			4
2025.01.10	01:04:40.706	0.93945				2
2025.01.10	01:04:42.075	0.93946				2
2025.01.10	01:04:42.547	0.93945				2
2025.01.10	01:04:43.141	0.93946				2
2025.01.10	01:04:46.228	0.93945	0.93966			6
2025.01.10	01:04:50.155	0.93943				2
2025.01.10	01:04:51.233		0.93967			4
2025.01.10	01:04:53.481		0.93966			4
2025.01.10	01:05:00.412	0.93941	0.93963			6
2025.01.10	01:05:00.762	0.93939				2
2025.01.10	01:05:01.064	0.93941	0.93967			6
2025.01.10	01:05:01.460		0.93966			4
2025.01.10	01:05:02.360		0.93967			4
2025.01.10	01:05:02.757	0.93942				2
2025.01.10	01:05:03.931	0.93943	0.93966			6
2025.01.10	01:05:05.175		0.93967			4
2025.01.10	01:05:11.781	0.93944				2
2025.01.10	01:05:19.573		0.93966			4
2025.01.10	01:05:22.784		0.93965			4
2025.01.10	01:05:29.613	0.93951	0.93959			6
2025.01.10	01:05:31.760	0.93945	0.93965			6
2025.01.10	01:05:33.368	0.93944	0.93966			6
2025.01.10	01:05:33.977		0.93965			4
2025.01.10	01:05:39.465	0.93945				2
2025.01.10	01:05:41.579		0.93966			4
2025.01.10	01:05:43.576		0.93965			4
2025.01.10	01:05:44.141	0.93942				2
2025.01.10	01:05:44.444		0.93964			4
2025.01.10	01:05:48.975		0.93965			4
2025.01.10	01:05:54.748	0.93941				2
2025.01.10	01:06:00.374	0.93941	0.93964			6
2025.01.10	01:06:01.056	0.93942	0.93965			6
2025.01.10	01:06:01.880	0.93940	0.93961			6
2025.01.10	01:06:02.475		0.93964			4
2025.01.10	01:06:03.288		0.93959			4
2025.01.10	01:06:08.180	0.93941				2
2025.01.10	01:06:08.481		0.93958			4
2025.01.10	01:06:25.462	0.93942	0.93960			6
2025.01.10	01:06:26.174		0.93961			4
2025.01.10	01:06:26.782		0.93963			4
2025.01.10	01:06:32.006	0.93940	0.93958			6
2025.01.10	01:06:33.676	0.93939	0.93957			6
2025.01.10	01:06:33.985	0.93937	0.93956			6
2025.01.10	01:06:36.757		0.93957			4
2025.01.10	01:06:49.277		0.93956			4
2025.01.10	01:07:01.161	0.93937				2
2025.01.10	01:07:19.050	0.93940				2
2025.01.10	01:07:19.574		0.93957			4
2025.01.10	01:07:25.326	0.93942	0.93960			6
2025.01.10	01:07:25.835		0.93963			4
2025.01.10	01:07:26.201		0.93962			4
2025.01.10	01:07:27.607		0.93963			4
2025.01.10	01:07:41.838	0.93945				2
2025.01.10	01:07:42.586	0.93944				2
2025.01.10	01:07:43.286	0.93943				2
2025.01.10	01:07:48.075	0.93942				2
2025.01.10	01:07:48.544	0.93943	0.93961			6
2025.01.10	01:08:01.576	0.93943				2
2025.01.10	01:08:02.959		0.93957			4
2025.01.10	01:08:07.148	0.93945	0.93958			6
2025.01.10	01:08:07.875	0.93944	0.93957			6
2025.01.10	01:08:08.195		0.93956			4
2025.01.10	01:08:08.921	0.93939	0.93951			6
2025.01.10	01:08:09.270	0.93938				2
2025.01.10	01:08:11.059		0.93950			4
2025.01.10	01:08:13.591		0.93952			4
2025.01.10	01:08:33.421	0.93937	0.93949			6
2025.01.10	01:08:35.801		0.93955			4
2025.01.10	01:08:36.230		0.93954			4
2025.01.10	01:08:37.896		0.93955			4
2025.01.10	01:08:43.630	0.93939	0.93957			6
2025.01.10	01:08:48.662	0.93940				2
2025.01.10	01:08:50.211	0.93939				2
2025.01.10	01:08:53.175	0.93942	0.93959			6
2025.01.10	01:08:58.583	0.93943	0.93961			6
2025.01.10	01:09:00.232	0.93943				2
2025.01.10	01:09:05.480		0.93960			4
2025.01.10	01:09:20.289		0.93961			4
2025.01.10	01:09:29.041		0.93960			4
2025.01.10	01:09:36.914	0.93938	0.93956			6
2025.01.10	01:09:37.220		0.93955			4
2025.01.10	01:10:00.436	0.93938				2
2025.01.10	01:10:29.593	0.93936	0.93953			6
2025.01.10	01:10:35.594	0.93935				2
2025.01.10	01:10:59.608	0.93933	0.93950			6
2025.01.10	01:11:00.075	0.93933	0.93949			6
2025.01.10	01:11:06.632	0.93935	0.93952			6
2025.01.10	01:11:10.056		0.93953			4
2025.01.10	01:11:12.525		0.93952			4
2025.01.10	01:11:18.376		0.93953			4
2025.01.10	01:11:18.683		0.93951			4
2025.01.10	01:11:19.417		0.93953			4
2025.01.10	01:11:21.003		0.93951			4
2025.01.10	01:11:21.590		0.93953			4
2025.01.10	01:11:22.436	0.93933	0.93950			6
2025.01.10	01:11:23.181		0.93948			4
2025.01.10	01:11:31.575	0.93931	0.93946			6
2025.01.10	01:11:33.381		0.93947			4
2025.01.10	01:11:40.290		0.93946			4
2025.01.10	01:11:52.911	0.93929	0.93945			6
2025.01.10	01:12:01.968	0.93929				2
2025.01.10	01:12:11.619	0.93928				2
2025.01.10	01:12:29.601		0.93944			4
2025.01.10	01:12:56.571	0.93930	0.93946			6
2025.01.10	01:12:58.188	0.93932				2
2025.01.10	01:12:59.608	0.93933				2
2025.01.10	01:13:01.291	0.93934				2
2025.01.10	01:13:02.591	0.93933				2
2025.01.10	01:13:07.741	0.93931				2
2025.01.10	01:13:09.570	0.93930				2
2025.01.10	01:13:24.074		0.93945			4
2025.01.10	01:13:24.852	0.93928	0.93943			6
2025.01.10	01:13:51.322	0.93934	0.93950			6
2025.01.10	01:13:51.649	0.93932	0.93949			6
2025.01.10	01:13:51.954		0.93948			4
2025.01.10	01:13:52.350	0.93929	0.93944			6
2025.01.10	01:13:53.622	0.93930				2
2025.01.10	01:13:58.599		0.93945			4
2025.01.10	01:13:59.483	0.93929				2
2025.01.10	01:14:00.321	0.93929				2
2025.01.10	01:14:01.577		0.93944			4
2025.01.10	01:14:05.485		0.93945			4
2025.01.10	01:14:05.798	0.93930				2
2025.01.10	01:14:07.361	0.93929	0.93944			6
2025.01.10	01:14:08.030		0.93945			4
2025.01.10	01:14:08.810		0.93944			4
2025.01.10	01:14:29.597		0.93943			4
2025.01.10	01:14:32.125	0.93925	0.93941			6
2025.01.10	01:14:46.623	0.93921	0.93937			6
2025.01.10	01:14:48.886	0.93922				2
2025.01.10	01:15:00.361	0.93921	0.93938			6
2025.01.10	01:15:00.663		0.93936			4
2025.01.10	01:15:02.681	0.93922	0.93937			6
2025.01.10	01:15:04.104	0.93920	0.93936			6
2025.01.10	01:15:04.874	0.93921				2
2025.01.10	01:15:17.482	0.93920				2
2025.01.10	01:15:19.775	0.93921	0.93935			6
2025.01.10	01:15:20.616		0.93936			4
2025.01.10	01:15:36.266	0.93923	0.93937			6
2025.01.10	01:15:37.290	0.93922	0.93936			6
2025.01.10	01:15:39.375	0.93923	0.93937			6
2025.01.10	01:16:00.554	0.93923				2
2025.01.10	01:16:03.470		0.93938			4
2025.01.10	01:16:05.671		0.93937			4
2025.01.10	01:16:16.662		0.93938			4
2025.01.10	01:16:21.976		0.93937			4
2025.01.10	01:16:25.274		0.93938			4
2025.01.10	01:16:28.607		0.93937			4
2025.01.10	01:16:29.591	0.93922				2
2025.01.10	01:16:30.369	0.93921	0.93936			6
2025.01.10	01:16:38.474	0.93920				2
2025.01.10	01:16:38.781		0.93934			4
2025.01.10	01:16:40.368	0.93924	0.93939			6
2025.01.10	01:16:40.729	0.93925				2
2025.01.10	01:16:42.439		0.93940			4
2025.01.10	01:16:46.042	0.93927	0.93942			6
2025.01.10	01:17:00.290	0.93927				2
2025.01.10	01:17:00.598	0.93925	0.93940			6
2025.01.10	01:17:01.236	0.93926				2
2025.01.10	01:17:02.274	0.93925				2
2025.01.10	01:17:02.664	0.93924	0.93938			6
2025.01.10	01:17:04.877		0.93939			4
2025.01.10	01:17:12.009		0.93938			4
2025.01.10	01:17:14.509		0.93939			4
2025.01.10	01:17:16.117		0.93938			4
2025.01.10	01:17:19.554	0.93923				2
2025.01.10	01:17:21.974		0.93937			4
2025.01.10	01:17:22.879		0.93938			4
2025.01.10	01:17:25.536		0.93937			4
2025.01.10	01:17:30.975		0.93938			4
2025.01.10	01:17:32.625	0.93924				2
2025.01.10	01:17:41.475	0.93925	0.93940			6
2025.01.10	01:17:57.399	0.93924	0.93938			6
2025.01.10	01:17:59.698	0.93923	0.93939			6
2025.01.10	01:18:00.123	0.93923	0.93937			6
2025.01.10	01:18:02.588		0.93938			4
2025.01.10	01:18:06.448	0.93924				2
2025.01.10	01:18:28.577	0.93923				2
2025.01.10	01:18:29.621		0.93937			4
2025.01.10	01:18:48.050	0.93925	0.93938			6
2025.01.10	01:18:48.388	0.93923	0.93939			6
2025.01.10	01:18:48.736	0.93922				2
2025.01.10	01:18:49.598		0.93937			4
2025.01.10	01:19:01.275	0.93922				2
2025.01.10	01:19:03.078		0.93938			4
2025.01.10	01:19:07.737	0.93921	0.93937			6
2025.01.10	01:19:09.879		0.93936			4
2025.01.10	01:19:12.354		0.93937			4
2025.01.10	01:19:14.060	0.93922				2
2025.01.10	01:19:21.073		0.93938			4
2025.01.10	01:19:24.384		0.93937			4
2025.01.10	01:19:29.606		0.93936			4
2025.01.10	01:19:32.182		0.93937			4
2025.01.10	01:19:50.452	0.93923				2
2025.01.10	01:19:51.587	0.93919	0.93932			6
2025.01.10	01:19:55.275	0.93920	0.93933			6
2025.01.10	01:20:00.698	0.93920				2
2025.01.10	01:20:03.681	0.93921	0.93934			6
2025.01.10	01:20:06.379	0.93922	0.93935			6
2025.01.10	01:20:07.600	0.93921				2
2025.01.10	01:20:10.570		0.93934			4
2025.01.10	01:20:18.975		0.93935			4
2025.01.10	01:20:22.418	0.93926	0.93938			6
2025.01.10	01:20:22.873		0.93940			4
2025.01.10	01:20:23.464	0.93924	0.93937			6
2025.01.10	01:20:27.073		0.93938			4
2025.01.10	01:20:29.602	0.93923	0.93937			6
2025.01.10	01:20:35.512	0.93924	0.93938			6
2025.01.10	01:20:53.478		0.93937			4
2025.01.10	01:20:59.608	0.93919	0.93933			6
2025.01.10	01:21:00.358	0.93919				2
2025.01.10	01:21:01.608		0.93932			4
2025.01.10	01:21:03.961		0.93933			4
2025.01.10	01:21:04.683	0.93920	0.93934			6
2025.01.10	01:21:07.274	0.93921				2
2025.01.10	01:21:09.921	0.93922	0.93935			6
2025.01.10	01:21:10.276		0.93936			4
2025.01.10	01:21:12.376		0.93937			4
2025.01.10	01:21:18.075		0.93938			4
2025.01.10	01:21:20.621		0.93937			4
2025.01.10	01:21:29.580	0.93921				2
2025.01.10	01:21:31.300		0.93936			4
2025.01.10	01:21:34.515		0.93935			4
2025.01.10	01:21:37.693		0.93936			4
2025.01.10	01:21:41.399		0.93935			4
2025.01.10	01:21:42.927	0.93922				2
2025.01.10	01:21:44.013		0.93936			4
2025.01.10	01:21:48.982	0.93923	0.93937			6
2025.01.10	01:21:59.572		0.93936			4
2025.01.10	01:22:00.501	0.93923				2
2025.01.10	01:22:09.746	0.93922	0.93938			6
2025.01.10	01:22:10.668	0.93920	0.93933			6
2025.01.10	01:22:11.157	0.93921	0.93934			6
2025.01.10	01:22:14.597	0.93923	0.93936			6
2025.01.10	01:22:29.585	0.93922	0.93935			6
2025.01.10	01:22:47.838	0.93920	0.93934			6
2025.01.10	01:22:57.521	0.93921				2
2025.01.10	01:23:00.981	0.93921				2
2025.01.10	01:23:08.600	0.93920	0.93933			6
2025.01.10	01:23:22.877	0.93919	0.93932			6
2025.01.10	01:24:02.043	0.93919				2
2025.01.10	01:24:18.661	0.93918	0.93931			6
2025.01.10	01:24:22.273	0.93919	0.93932			6
2025.01.10	01:24:29.585	0.93918				2
2025.01.10	01:24:30.882	0.93919	0.93934			6
2025.01.10	01:24:31.950		0.93932			4
2025.01.10	01:24:33.804		0.93931			4
2025.01.10	01:24:41.478		0.93932			4
2025.01.10	01:24:41.883	0.93918	0.93930			6
2025.01.10	01:25:00.146	0.93918				2
2025.01.10	01:25:22.852	0.93919				2
2025.01.10	01:25:29.616		0.93931			4
2025.01.10	01:25:31.574		0.93932			4
2025.01.10	01:25:43.570	0.93920	0.93933			6
2025.01.10	01:25:46.797	0.93922	0.93936			6
2025.01.10	01:25:47.108		0.93937			4
2025.01.10	01:25:48.654		0.93936			4
2025.01.10	01:26:01.012	0.93922				2
2025.01.10	01:26:12.378	0.93923				2
2025.01.10	01:26:22.277	0.93922	0.93935			6
2025.01.10	01:26:22.737	0.93923	0.93936			6
2025.01.10	01:26:39.374	0.93922	0.93935			6
2025.01.10	01:26:44.434		0.93936			4
2025.01.10	01:26:47.773	0.93923				2
2025.01.10	01:27:00.675	0.93923				2
2025.01.10	01:27:06.061	0.93925	0.93938			6
2025.01.10	01:27:16.581	0.93926				2
2025.01.10	01:27:28.278		0.93939			4
2025.01.10	01:27:32.321	0.93927				2
2025.01.10	01:27:34.278		0.93938			4
2025.01.10	01:27:41.420	0.93928	0.93940			6
2025.01.10	01:27:41.722	0.93929	0.93941			6
2025.01.10	01:28:00.298	0.93929				2
2025.01.10	01:28:29.612	0.93928				2
2025.01.10	01:28:37.586		0.93942			4
2025.01.10	01:28:39.374	0.93929	0.93941			6
2025.01.10	01:28:51.918		0.93942			4
2025.01.10	01:29:00.270	0.93929				2
2025.01.10	01:29:04.445		0.93941			4
2025.01.10	01:29:06.087		0.93943			4
2025.01.10	01:29:08.157	0.93928	0.93940			6
2025.01.10	01:29:09.396		0.93941			4
2025.01.10	01:29:28.271		0.93942			4
2025.01.10	01:29:30.725		0.93941			4
2025.01.10	01:29:39.414		0.93940			4
2025.01.10	01:29:48.607	0.93929	0.93941			6
2025.01.10	01:29:53.702		0.93942			4
2025.01.10	01:30:00.302	0.93928	0.93941			6
2025.01.10	01:30:00.603		0.93940			4
2025.01.10	01:30:02.128	0.93930	0.93938			6
2025.01.10	01:30:03.940	0.93928	0.93940			6
2025.01.10	01:30:21.169	0.93929				2
2025.01.10	01:30:21.675		0.93941			4
2025.01.10	01:30:28.108	0.93924	0.93936			6
2025.01.10	01:30:47.971	0.93925	0.93937			6
2025.01.10	01:31:00.446	0.93925				2
2025.01.10	01:31:22.721	0.93922	0.93934			6
2025.01.10	01:31:26.258	0.93923	0.93936			6
2025.01.10	01:31:30.974	0.93924	0.93937			6
2025.01.10	01:31:54.679	0.93926	0.93938			6
2025.01.10	01:31:56.366		0.93939			4
2025.01.10	01:31:59.206	0.93924	0.93938			6
2025.01.10	01:32:00.153	0.93927	0.93937			6
2025.01.10	01:32:00.464	0.93926	0.93938			6
2025.01.10	01:32:00.786	0.93925	0.93937			6
2025.01.10	01:32:04.501	0.93926	0.93938			6
2025.01.10	01:32:04.804	0.93925	0.93937			6
2025.01.10	01:32:32.441	0.93923				2
2025.01.10	01:32:38.324		0.93936			4
2025.01.10	01:32:41.476		0.93937			4
2025.01.10	01:32:46.719	0.93925	0.93936			6
2025.01.10	01:32:47.033		0.93935			4
2025.01.10	01:32:48.074		0.93936			4
2025.01.10	01:32:50.269	0.93924				2
2025.01.10	01:32:57.385	0.93923				2
2025.01.10	01:32:58.643	0.93924				2
2025.01.10	01:32:59.847	0.93923				2
2025.01.10	01:33:00.647	0.93923				2
2025.01.10	01:33:02.690		0.93934			4
2025.01.10	01:33:03.059	0.93924	0.93936			6
2025.01.10	01:33:07.274		0.93935			4
2025.01.10	01:33:09.543	0.93920	0.93933			6
2025.01.10	01:33:09.867	0.93921	0.93934			6
2025.01.10	01:33:10.176		0.93933			4
2025.01.10	01:33:16.041		0.93934			4
2025.01.10	01:33:19.798	0.93922	0.93933			6
2025.01.10	01:33:20.105	0.93921	0.93934			6
2025.01.10	01:33:21.046	0.93922				2
2025.01.10	01:33:24.195		0.93935			4
2025.01.10	01:33:31.168		0.93934			4
2025.01.10	01:33:31.516		0.93935			4
2025.01.10	01:33:36.589		0.93936			4
2025.01.10	01:33:41.393	0.93923				2
2025.01.10	01:33:42.388		0.93935			4
2025.01.10	01:33:44.076	0.93924	0.93936			6
2025.01.10	01:33:54.246	0.93926	0.93938			6
2025.01.10	01:33:59.494	0.93927	0.93939			6
2025.01.10	01:34:00.145	0.93927				2
2025.01.10	01:34:11.083		0.93940			4
2025.01.10	01:34:11.864		0.93939			4
2025.01.10	01:34:15.679	0.93926	0.93936			6
2025.01.10	01:34:22.965	0.93920	0.93931			6
2025.01.10	01:34:35.304	0.93921				2
2025.01.10	01:34:38.113		0.93932			4
2025.01.10	01:34:50.873	0.93920				2
2025.01.10	01:34:51.590	0.93921				2
2025.01.10	01:35:00.988	0.93921				2
2025.01.10	01:35:02.705	0.93923	0.93934			6
2025.01.10	01:35:04.546	0.93922				2
2025.01.10	01:35:09.848	0.93924	0.93935			6
2025.01.10	01:35:15.674	0.93923	0.93934			6
2025.01.10	01:35:20.620		0.93935			4
2025.01.10	01:35:24.058		0.93934			4
2025.01.10	01:35:30.015		0.93935			4
2025.01.10	01:35:33.550	0.93922				2
2025.01.10	01:35:35.372	0.93923				2
2025.01.10	01:35:37.273	0.93922				2
2025.01.10	01:36:00.235	0.93922				2
2025.01.10	01:36:01.267	0.93923				2
2025.01.10	01:36:05.572	0.93922				2
2025.01.10	01:36:23.048	0.93923	0.93934			6
2025.01.10	01:36:23.353		0.93935			4
2025.01.10	01:36:25.268		0.93934			4
2025.01.10	01:36:32.738	0.93922				2
2025.01.10	01:36:33.075		0.93933			4
2025.01.10	01:36:36.239	0.93921	0.93932			6
2025.01.10	01:36:43.144	0.93922				2
2025.01.10	01:36:54.074		0.93933			4
2025.01.10	01:37:00.019	0.93922				2
2025.01.10	01:37:24.443	0.93923				2
2025.01.10	01:37:27.571	0.93922	0.93932			6
2025.01.10	01:37:27.885		0.93933			4
2025.01.10	01:37:29.208	0.93923	0.93934			6
2025.01.10	01:37:41.436	0.93921	0.93932			6
2025.01.10	01:37:41.745	0.93922				2
2025.01.10	01:37:43.975		0.93933			4
2025.01.10	01:37:46.422	0.93923	0.93934			6
2025.01.10	01:37:58.490		0.93935			4
2025.01.10	01:37:59.107		0.93934			4
2025.01.10	01:38:01.091	0.93923				2
2025.01.10	01:38:02.773	0.93924				2
2025.01.10	01:38:04.485	0.93925	0.93935			6
2025.01.10	01:38:06.492	0.93924	0.93936			6
2025.01.10	01:38:07.661	0.93925	0.93935			6
2025.01.10	01:38:11.292	0.93924	0.93936			6
2025.01.10	01:38:15.964	0.93925	0.93935			6
2025.01.10	01:38:24.652	0.93924	0.93936			6
2025.01.10	01:38:25.290		0.93935			4
2025.01.10	01:38:32.891	0.93923	0.93934			6
2025.01.10	01:38:57.379	0.93924	0.93935			6
2025.01.10	01:39:00.077	0.93924				2
2025.01.10	01:39:05.475		0.93934			4
2025.01.10	01:39:11.510	0.93923				2
2025.01.10	01:39:14.846	0.93920	0.93932			6
2025.01.10	01:39:18.283		0.93931			4
2025.01.10	01:39:25.705	0.93921	0.93932			6
2025.01.10	01:39:26.212	0.93922	0.93933			6
2025.01.10	01:39:48.180		0.93932			4
2025.01.10	01:39:54.382		0.93933			4
2025.01.10	01:40:02.373	0.93922	0.93931			6
2025.01.10	01:40:03.002		0.93933			4
2025.01.10	01:40:03.747		0.93931			4
2025.01.10	01:40:24.790		0.93932			4
2025.01.10	01:40:45.802		0.93933			4
2025.01.10	01:40:46.273		0.93932			4
2025.01.10	01:41:00.702	0.93922				2
2025.01.10	01:41:01.966		0.93934			4
2025.01.10	01:41:03.154	0.93923	0.93933			6
2025.01.10	01:41:03.668	0.93922				2
2025.01.10	01:41:06.944	0.93921				2
2025.01.10	01:41:08.121	0.93923	0.93935			6
2025.01.10	01:41:14.176	0.93924				2
2025.01.10	01:41:45.577	0.93923	0.93934			6
2025.01.10	01:41:48.888	0.93919	0.93930			6
2025.01.10	01:41:49.210		0.93931			4
2025.01.10	01:41:49.575		0.93930			4
2025.01.10	01:41:59.475	0.93920	0.93931			6
2025.01.10	01:42:01.538	0.93920				2
2025.01.10	01:42:12.497	0.93919				2
2025.01.10	01:42:18.802		0.93932			4
2025.01.10	01:42:19.279		0.93931			4
2025.01.10	01:42:24.675		0.93930			4
2025.01.10	01:42:40.875	0.93920				2
2025.01.10	01:43:00.373	0.93919	0.93931			6
2025.01.10	01:43:15.343	0.93918				2
2025.01.10	01:43:16.709		0.93930			4
2025.01.10	01:43:21.974	0.93919	0.93931			6
2025.01.10	01:43:25.670		0.93930			4
2025.01.10	01:43:30.084	0.93918	0.93931			6
2025.01.10	01:43:31.213	0.93917	0.93928			6
2025.01.10	01:43:31.559	0.93915	0.93929			6
2025.01.10	01:43:31.882		0.93926			4
2025.01.10	01:43:35.778	0.93916				2
2025.01.10	01:43:38.122	0.93915				2
2025.01.10	01:43:45.291	0.93916	0.93927			6
2025.01.10	01:43:49.067		0.93926			4
2025.01.10	01:43:51.587	0.93915				2
2025.01.10	01:43:52.115	0.93916				2
2025.01.10	01:43:53.495		0.93927			4
2025.01.10	01:43:56.491		0.93926			4
2025.01.10	01:44:00.800	0.93916				2
2025.01.10	01:44:11.572	0.93914	0.93927			6
2025.01.10	01:44:12.374		0.93926			4
2025.01.10	01:44:17.086		0.93924			4
2025.01.10	01:44:23.395	0.93919	0.93929			6
2025.01.10	01:44:23.703	0.93920	0.93930			6
2025.01.10	01:44:31.768	0.93919	0.93929			6
2025.01.10	01:44:32.083	0.93917	0.93927			6
2025.01.10	01:44:32.437	0.93916	0.93928			6
2025.01.10	01:44:32.760	0.93917	0.93929			6
2025.01.10	01:44:34.377	0.93918	0.93928			6
2025.01.10	01:44:34.683	0.93919	0.93929			6
2025.01.10	01:44:40.121	0.93920	0.93930			6
2025.01.10	01:44:51.012	0.93921	0.93931			6
2025.01.10	01:44:58.653	0.93920	0.93932			6
2025.01.10	01:44:59.434		0.93931			4
2025.01.10	01:45:00.202	0.93920	0.93933			6
2025.01.10	01:45:00.533	0.93919	0.93931			6
2025.01.10	01:45:01.556	0.93920	0.93930			6
2025.01.10	01:45:02.382	0.93922				2
2025.01.10	01:45:02.710		0.93929			4
2025.01.10	01:45:03.861	0.93921				2
2025.01.10	01:45:05.667	0.93922				2
2025.01.10	01:45:07.103	0.93919				2
2025.01.10	01:45:07.575	0.93918	0.93928			6
2025.01.10	01:45:11.828		0.93929			4
2025.01.10	01:45:15.409	0.93915	0.93928			6
2025.01.10	01:45:15.723	0.93914	0.93924			6
2025.01.10	01:45:41.174		0.93926			4
2025.01.10	01:45:42.112	0.93915				2
2025.01.10	01:45:42.828	0.93914	0.93924			6
2025.01.10	01:45:46.620		0.93925			4
2025.01.10	01:45:58.019	0.93915				2
2025.01.10	01:46:00.094	0.93915				2
2025.01.10	01:46:02.467		0.93926			4
2025.01.10	01:46:05.587		0.93925			4
2025.01.10	01:46:09.389		0.93926			4
2025.01.10	01:46:11.671	0.93914				2
2025.01.10	01:46:25.079	0.93911	0.93921			6
2025.01.10	01:46:39.676	0.93912	0.93922			6
2025.01.10	01:46:48.073		0.93921			4
2025.01.10	01:46:49.281	0.93911				2
2025.01.10	01:47:00.492	0.93911				2
2025.01.10	01:47:07.122	0.93910	0.93920			6
2025.01.10	01:47:29.257	0.93911	0.93921			6
2025.01.10	01:47:32.912	0.93910	0.93922			6
2025.01.10	01:47:33.264	0.93909	0.93919			6
2025.01.10	01:47:34.118	0.93907	0.93917			6
2025.01.10	01:47:35.246	0.93908				2
2025.01.10	01:47:36.832	0.93909	0.93919			6
2025.01.10	01:47:38.321	0.93910				2
2025.01.10	01:47:38.654		0.93921			4
2025.01.10	01:47:39.436	0.93911	0.93925			6
2025.01.10	01:47:39.745		0.93922			4
2025.01.10	01:47:40.421	0.93912				2
2025.01.10	01:47:45.817		0.93921			4
2025.01.10	01:47:52.044		0.93922			4
2025.01.10	01:47:54.124	0.93913	0.93924			6
2025.01.10	01:48:02.793	0.93912	0.93922			6
2025.01.10	01:48:09.673	0.93915	0.93924			6
2025.01.10	01:48:10.080		0.93925			4
2025.01.10	01:48:14.657	0.93917	0.93926			6
2025.01.10	01:48:19.863	0.93916	0.93927			6
2025.01.10	01:48:29.465		0.93926			4
2025.01.10	01:48:39.706	0.93915				2
2025.01.10	01:48:44.720	0.93916				2
2025.01.10	01:48:59.598	0.93917	0.93927			6
2025.01.10	01:49:00.614	0.93917				2
2025.01.10	01:49:06.992	0.93916				2
2025.01.10	01:49:08.627	0.93921	0.93932			6
2025.01.10	01:49:09.800	0.93920	0.93930			6
2025.01.10	01:49:10.275	0.93919				2
2025.01.10	01:49:11.519	0.93921	0.93931			6
2025.01.10	01:49:13.276	0.93922	0.93932			6
2025.01.10	01:49:17.124	0.93921	0.93931			6
2025.01.10	01:49:36.374		0.93932			4
2025.01.10	01:49:40.426	0.93923	0.93933			6
2025.01.10	01:49:41.951	0.93921	0.93932			6
2025.01.10	01:49:43.895	0.93922				2
2025.01.10	01:50:00.589	0.93922				2
2025.01.10	01:50:07.360		0.93933			4
2025.01.10	01:50:07.680		0.93932			4
2025.01.10	01:50:22.360	0.93920	0.93931			6
2025.01.10	01:50:26.175	0.93921				2
2025.01.10	01:50:30.324	0.93919				2
2025.01.10	01:50:31.982		0.93929			4
2025.01.10	01:50:35.830	0.93920	0.93932			6
2025.01.10	01:50:45.074	0.93919				2
2025.01.10	01:50:47.175		0.93931			4
2025.01.10	01:50:49.323		0.93930			4
2025.01.10	01:50:52.490	0.93920	0.93931			6
2025.01.10	01:50:57.632	0.93921				2
2025.01.10	01:51:01.292	0.93919	0.93930			6
2025.01.10	01:51:02.197	0.93915	0.93925			6
2025.01.10	01:51:02.523		0.93926			4
2025.01.10	01:51:03.411	0.93916				2
2025.01.10	01:51:04.353	0.93915				2
2025.01.10	01:51:14.329	0.93916				2
2025.01.10	01:51:25.061	0.93915	0.93927			6
2025.01.10	01:51:25.363		0.93926			4
2025.01.10	01:51:33.015	0.93914	0.93924			6
2025.01.10	01:51:34.875	0.93913				2
2025.01.10	01:51:41.244	0.93916	0.93926			6
2025.01.10	01:51:43.338		0.93927			4
2025.01.10	01:51:43.671	0.93915	0.93926			6
2025.01.10	01:51:44.174		0.93925			4
2025.01.10	01:51:45.162	0.93916	0.93927			6
2025.01.10	01:52:01.093	0.93916				2
2025.01.10	01:52:36.427	0.93918	0.93929			6
2025.01.10	01:52:44.247	0.93921	0.93932			6
2025.01.10	01:52:46.337		0.93931			4
2025.01.10	01:52:50.217		0.93932			4
2025.01.10	01:52:54.362	0.93922	0.93933			6
2025.01.10	01:52:58.184	0.93921	0.93932			6
2025.01.10	01:52:59.682	0.93923	0.93934			6
2025.01.10	01:53:00.169	0.93923				2
2025.01.10	01:53:02.420	0.93924				2
2025.01.10	01:53:27.473	0.93923				2
2025.01.10	01:53:49.184	0.93924	0.93935			6
2025.01.10	01:53:49.507	0.93923	0.93934			6
2025.01.10	01:53:49.981	0.93925	0.93936			6
2025.01.10	01:53:58.397		0.93937			4
2025.01.10	01:54:00.364	0.93925				2
2025.01.10	01:54:09.374		0.93936			4
2025.01.10	01:54:16.231	0.93924				2
2025.01.10	01:54:16.549	0.93923	0.93934			6
2025.01.10	01:54:27.671	0.93924	0.93935			6
2025.01.10	01:54:27.985		0.93936			4
2025.01.10	01:54:32.202	0.93922	0.93934			6
2025.01.10	01:54:32.504	0.93923	0.93935			6
2025.01.10	01:54:35.715		0.93934			4
2025.01.10	01:54:36.078	0.93922	0.93933			6
2025.01.10	01:54:42.032	0.93923				2
2025.01.10	01:54:46.350	0.93922				2
2025.01.10	01:54:51.153	0.93921				2
2025.01.10	01:54:56.776		0.93932			4
2025.01.10	01:54:58.517		0.93933			4
2025.01.10	01:55:00.603	0.93921				2
2025.01.10	01:55:00.947	0.93922				2
2025.01.10	01:55:02.459	0.93921	0.93932			6
2025.01.10	01:55:14.774	0.93920				2
2025.01.10	01:55:18.317	0.93921				2
2025.01.10	01:55:18.698	0.93922	0.93933			6
2025.01.10	01:55:22.972	0.93923				2
2025.01.10	01:55:30.780	0.93921				2
2025.01.10	01:55:31.084		0.93931			4
2025.01.10	01:55:34.541	0.93922				2
2025.01.10	01:55:35.570	0.93923	0.93933			6
2025.01.10	01:55:37.460	0.93922				2
2025.01.10	01:55:37.855	0.93921	0.93932			6
2025.01.10	01:55:38.188	0.93922				2
2025.01.10	01:55:45.685	0.93921				2
2025.01.10	01:56:00.088	0.93921				2
2025.01.10	01:56:06.857	0.93922	0.93933			6
2025.01.10	01:56:07.944		0.93934			4
2025.01.10	01:56:10.348	0.93923				2
2025.01.10	01:56:26.009	0.93922	0.93933			6
2025.01.10	01:56:40.205	0.93923	0.93934			6
2025.01.10	01:56:40.518	0.93924	0.93935			6
2025.01.10	01:56:53.027		0.93937			4
2025.01.10	01:56:53.689	0.93923	0.93933			6
2025.01.10	01:57:00.357	0.93923				2
2025.01.10	01:57:01.168	0.93922				2
2025.01.10	01:57:06.168	0.93923				2
2025.01.10	01:57:09.723	0.93922				2
2025.01.10	01:57:15.395		0.93932			4
2025.01.10	01:57:18.387		0.93933			4
2025.01.10	01:57:20.013	0.93924	0.93934			6
2025.01.10	01:57:22.185	0.93921	0.93932			6
2025.01.10	01:57:22.558		0.93931			4
2025.01.10	01:57:24.148	0.93922	0.93933			6
2025.01.10	01:57:25.669	0.93920	0.93931			6
2025.01.10	01:57:48.692	0.93919	0.93932			6
2025.01.10	01:57:49.341		0.93931			4
2025.01.10	01:57:50.350		0.93930			4
2025.01.10	01:57:53.369		0.93931			4
2025.01.10	01:58:00.378	0.93919				2
2025.01.10	01:58:01.246		0.93929			4
2025.01.10	01:58:02.720	0.93918				2
2025.01.10	01:58:03.075	0.93915	0.93927			6
2025.01.10	01:58:18.418	0.93916				2
2025.01.10	01:58:20.134	0.93915	0.93926			6
2025.01.10	01:58:20.442	0.93914	0.93924			6
2025.01.10	01:58:20.763	0.93913	0.93923			6
2025.01.10	01:58:59.378	0.93911	0.93921			6
2025.01.10	01:59:00.377	0.93909	0.93919			6
2025.01.10	01:59:00.746	0.93906	0.93917			6
2025.01.10	01:59:01.077		0.93916			4
2025.01.10	01:59:04.357	0.93907	0.93917			6
2025.01.10	01:59:07.455	0.93906				2
2025.01.10	01:59:08.275		0.93916			4
2025.01.10	01:59:09.886	0.93909	0.93919			6
2025.01.10	01:59:22.810	0.93911	0.93921			6
2025.01.10	01:59:40.628	0.93907	0.93917			6
2025.01.10	01:59:41.533	0.93906	0.93916			6
2025.01.10	01:59:42.677	0.93907	0.93917			6
2025.01.10	01:59:49.179	0.93910	0.93919			6
2025.01.10	01:59:49.487		0.93921			4
2025.01.10	01:59:51.921	0.93909	0.93919			6
2025.01.10	02:00:00.388	0.93909	0.93918			6
2025.01.10	02:00:00.752	0.93907	0.93917			6
2025.01.10	02:00:05.224	0.93908				2
2025.01.10	02:00:05.541		0.93918			4
2025.01.10	02:00:06.199	0.93909	0.93919			6
2025.01.10	02:00:06.626		0.93921			4
2025.01.10	02:00:06.979	0.93908	0.93918			6
2025.01.10	02:00:07.847	0.93909	0.93919			6
2025.01.10	02:00:08.207	0.93911	0.93921			6
2025.01.10	02:00:08.703	0.93910	0.93920			6
2025.01.10	02:00:10.415	0.93911	0.93921			6
2025.01.10	02:00:13.889	0.93910				2
2025.01.10	02:00:15.328	0.93911				2
2025.01.10	02:00:24.900	0.93909				2
2025.01.10	02:00:26.165	0.93910	0.93920			6
2025.01.10	02:00:30.267	0.93909	0.93919			6
2025.01.10	02:00:52.619	0.93911	0.93922			6
2025.01.10	02:00:52.925	0.93912				2
2025.01.10	02:00:53.268	0.93926	0.93934			6
2025.01.10	02:00:53.583	0.93920	0.93930			6
2025.01.10	02:00:54.521		0.93929			4
2025.01.10	02:00:55.274	0.93917	0.93924			6
2025.01.10	02:00:55.584	0.93915				2
2025.01.10	02:00:55.981	0.93916				2
2025.01.10	02:00:56.606		0.93925			4
2025.01.10	02:00:57.613	0.93917	0.93927			6
2025.01.10	02:00:58.345		0.93924			4
2025.01.10	02:00:58.664	0.93916	0.93923			6
2025.01.10	02:00:58.982	0.93917	0.93924			6
2025.01.10	02:00:59.364	0.93916	0.93925			6
2025.01.10	02:01:00.330	0.93916				2
2025.01.10	02:01:00.699	0.93917	0.93927			6
2025.01.10	02:01:01.055	0.93915	0.93925			6
2025.01.10	02:01:01.419	0.93914	0.93926			6
2025.01.10	02:01:02.131	0.93910	0.93922			6
2025.01.10	02:01:03.871	0.93912	0.93923			6
2025.01.10	02:01:05.774	0.93911				2
2025.01.10	02:01:06.085	0.93912				2
2025.01.10	02:01:08.401		0.93921			4
2025.01.10	02:01:08.705	0.93911	0.93920			6
2025.01.10	02:01:09.541	0.93909	0.93919			6
2025.01.10	02:01:12.332	0.93910				2
2025.01.10	02:01:13.442	0.93913	0.93922			6
2025.01.10	02:01:13.976	0.93911	0.93921			6
2025.01.10	02:01:16.129	0.93912	0.93922			6
2025.01.10	02:01:16.443	0.93913	0.93923			6
2025.01.10	02:01:22.317		0.93924			4
2025.01.10	02:01:23.189	0.93912	0.93923			6
2025.01.10	02:01:29.097	0.93913				2
2025.01.10	02:01:30.145		0.93924			4
2025.01.10	02:01:30.491	0.93916	0.93926			6
2025.01.10	02:01:30.858	0.93917	0.93927			6
2025.01.10	02:01:31.993	0.93918	0.93928			6
2025.01.10	02:01:35.830	0.93915	0.93925			6
2025.01.10	02:01:37.974	0.93914	0.93926			6
2025.01.10	02:01:38.480		0.93925			4
2025.01.10	02:01:39.714	0.93916	0.93926			6
2025.01.10	02:01:42.201	0.93914	0.93925			6
2025.01.10	02:01:42.741	0.93915	0.93926			6
2025.01.10	02:01:45.080		0.93925			4
2025.01.10	02:01:47.176	0.93914				2
2025.01.10	02:01:48.059	0.93913	0.93924			6
2025.01.10	02:01:48.375	0.93914				2
2025.01.10	02:01:48.684		0.93925			4
2025.01.10	02:01:52.649	0.93916	0.93926			6
2025.01.10	02:01:55.631	0.93915				2
2025.01.10	02:01:56.596		0.93925			4
2025.01.10	02:01:57.555		0.93926			4
2025.01.10	02:01:57.910	0.93914				2
2025.01.10	02:01:58.660		0.93925			4
2025.01.10	02:01:59.397		0.93926			4
2025.01.10	02:01:59.793		0.93925			4
2025.01.10	02:02:00.658	0.93914	0.93926			6
2025.01.10	02:02:01.119		0.93925			4
2025.01.10	02:02:02.924	0.93913				2
2025.01.10	02:02:06.156	0.93915	0.93926			6
2025.01.10	02:02:07.139		0.93925			4
2025.01.10	02:02:08.866	0.93914				2
2025.01.10	02:02:11.658		0.93926			4
2025.01.10	02:02:12.038	0.93915				2
2025.01.10	02:02:14.543	0.93914	0.93925			6
2025.01.10	02:02:17.851	0.93915				2
2025.01.10	02:02:18.799		0.93924			4
2025.01.10	02:02:19.605	0.93912				2
2025.01.10	02:02:20.421		0.93923			4
2025.01.10	02:02:20.743		0.93924			4
2025.01.10	02:02:21.721		0.93923			4
2025.01.10	02:02:31.039	0.93913				2
2025.01.10	02:02:31.830	0.93911	0.93921			6
2025.01.10	02:02:32.189	0.93908				2
2025.01.10	02:02:33.811	0.93907	0.93918			6
2025.01.10	02:02:34.329	0.93910	0.93920			6
2025.01.10	02:02:38.995	0.93911	0.93921			6
2025.01.10	02:02:41.145	0.93910				2
2025.01.10	02:02:41.591		0.93920			4
2025.01.10	02:02:42.337		0.93921			4
2025.01.10	02:02:48.158		0.93919			4
2025.01.10	02:02:48.986		0.93921			4
2025.01.10	02:02:52.357		0.93920			4
2025.01.10	02:02:53.205		0.93921			4
2025.01.10	02:02:54.538		0.93920			4
2025.01.10	02:02:57.931	0.93911				2
2025.01.10	02:03:00.429	0.93911				2
2025.01.10	02:03:01.156	0.93915	0.93925			6
2025.01.10	02:03:04.931	0.93913	0.93923			6
2025.01.10	02:03:06.503	0.93914				2
2025.01.10	02:03:07.262	0.93915	0.93924			6
2025.01.10	02:03:09.187	0.93914				2
2025.01.10	02:03:10.395		0.93925			4
2025.01.10	02:03:14.184		0.93924			4
2025.01.10	02:03:19.106		0.93925			4
2025.01.10	02:03:25.276	0.93913	0.93924			6
2025.01.10	02:03:31.095		0.93923			4
2025.01.10	02:03:32.942		0.93922			4
2025.01.10	02:03:33.443		0.93923			4
2025.01.10	02:03:36.189	0.93914	0.93924			6
2025.01.10	02:03:40.374		0.93925			4
2025.01.10	02:03:41.903	0.93915	0.93924			6
2025.01.10	02:03:49.275		0.93925			4
2025.01.10	02:03:57.408		0.93924			4
2025.01.10	02:03:59.366		0.93925			4
2025.01.10	02:04:01.171	0.93916				2
2025.01.10	02:04:03.795	0.93915				2
2025.01.10	02:04:13.385	0.93916				2
2025.01.10	02:04:17.840	0.93915				2
2025.01.10	02:04:19.595	0.93917				2
2025.01.10	02:04:19.948		0.93924			4
2025.01.10	02:04:24.803		0.93923			4
2025.01.10	02:04:26.639		0.93924			4
2025.01.10	02:04:29.354	0.93919	0.93928			6
2025.01.10	02:04:29.700	0.93920				2
2025.01.10	02:04:30.124	0.93919				2
2025.01.10	02:04:30.479		0.93927			4
2025.01.10	02:04:31.560	0.93922	0.93931			6
2025.01.10	02:04:32.251	0.93921	0.93930			6
2025.01.10	02:04:34.221		0.93931			4
2025.01.10	02:04:34.536		0.93930			4
2025.01.10	02:04:44.481		0.93931			4
2025.01.10	02:04:46.344	0.93923	0.93933			6
2025.01.10	02:04:46.857		0.93932			4
2025.01.10	02:04:48.515	0.93922	0.93931			6
2025.01.10	02:04:50.258		0.93932			4
2025.01.10	02:04:52.341		0.93931			4
2025.01.10	02:04:58.262	0.93921				2
2025.01.10	02:04:58.625		0.93932			4
2025.01.10	02:05:00.445	0.93921				2
2025.01.10	02:05:00.959		0.93931			4
2025.01.10	02:05:02.423	0.93923	0.93933			6
2025.01.10	02:05:06.208	0.93924				2
2025.01.10	02:05:06.573	0.93926	0.93935			6
2025.01.10	02:05:11.665		0.93936			4
2025.01.10	02:05:12.009		0.93935			4
2025.01.10	02:05:12.902		0.93934			4
2025.01.10	02:05:13.443		0.93935			4
2025.01.10	02:05:15.731	0.93928	0.93937			6
2025.01.10	02:05:16.101		0.93938			4
2025.01.10	02:05:17.828	0.93930	0.93940			6
2025.01.10	02:05:19.412	0.93931	0.93941			6
2025.01.10	02:05:22.097	0.93933	0.93942			6
2025.01.10	02:05:22.437		0.93943			4
2025.01.10	02:05:22.834	0.93934				2
2025.01.10	02:05:23.620		0.93944			4
2025.01.10	02:05:25.350		0.93943			4
2025.01.10	02:05:27.174		0.93944			4
2025.01.10	02:05:28.442	0.93933	0.93941			6
2025.01.10	02:05:29.375		0.93942			4
2025.01.10	02:05:30.103	0.93932				2
2025.01.10	02:05:30.585		0.93941			4
2025.01.10	02:05:32.651	0.93931	0.93940			6
2025.01.10	02:05:33.284	0.93932	0.93941			6
2025.01.10	02:05:36.592	0.93931	0.93939			6
2025.01.10	02:05:38.822	0.93930	0.93938			6
2025.01.10	02:05:39.132		0.93937			4
2025.01.10	02:05:39.781		0.93938			4
2025.01.10	02:05:40.863	0.93928	0.93934			6
2025.01.10	02:05:41.178	0.93926				2
2025.01.10	02:05:45.319		0.93935			4
2025.01.10	02:05:51.252	0.93928	0.93937			6
2025.01.10	02:05:51.641	0.93930	0.93940			6
2025.01.10	02:05:52.150		0.93938			4
2025.01.10	02:05:52.794	0.93929	0.93937			6
2025.01.10	02:05:53.193		0.93938			4
2025.01.10	02:05:55.292		0.93936			4
2025.01.10	02:05:55.625		0.93938			4
2025.01.10	02:06:01.078	0.93929				2
2025.01.10	02:06:03.308		0.93939			4
2025.01.10	02:06:04.068	0.93930				2
2025.01.10	02:06:05.172	0.93928	0.93937			6
2025.01.10	02:06:05.490	0.93927				2
2025.01.10	02:06:10.275	0.93928				2
2025.01.10	02:06:11.377	0.93927	0.93935			6
2025.01.10	02:06:13.289		0.93937			4
2025.01.10	02:06:14.038		0.93936			4
2025.01.10	02:06:16.274		0.93937			4
2025.01.10	02:06:16.608	0.93926	0.93936			6
2025.01.10	02:06:19.871	0.93927	0.93937			6
2025.01.10	02:06:20.184	0.93926				2
2025.01.10	02:06:20.546	0.93927				2
2025.01.10	02:06:21.058		0.93936			4
2025.01.10	02:06:22.947		0.93937			4
2025.01.10	02:06:23.728		0.93936			4
2025.01.10	02:06:24.077		0.93938			4
2025.01.10	02:06:26.393	0.93928				2
2025.01.10	02:06:26.955	0.93927				2
2025.01.10	02:06:28.377	0.93928				2
2025.01.10	02:06:28.907	0.93927				2
2025.01.10	02:06:32.943	0.93928	0.93937			6
2025.01.10	02:06:33.321	0.93927				2
2025.01.10	02:06:34.511		0.93938			4
2025.01.10	02:06:42.026	0.93928				2
2025.01.10	02:06:44.940		0.93937			4
2025.01.10	02:06:45.255	0.93929	0.93940			6
2025.01.10	02:06:47.855		0.93939			4
2025.01.10	02:06:48.573	0.93930	0.93940			6
2025.01.10	02:06:49.039	0.93929				2
2025.01.10	02:06:50.742		0.93939			4
2025.01.10	02:06:55.503		0.93940			4
2025.01.10	02:06:59.222	0.93928	0.93938			6
2025.01.10	02:07:00.261	0.93928				2
2025.01.10	02:07:01.642	0.93929	0.93939			6
2025.01.10	02:07:04.873		0.93940			4
2025.01.10	02:07:10.086	0.93931				2
2025.01.10	02:07:10.512	0.93930				2
2025.01.10	02:07:12.674		0.93939			4
2025.01.10	02:07:13.036	0.93931	0.93940			6
2025.01.10	02:07:14.636		0.93941			4
2025.01.10	02:07:15.513	0.93934	0.93944			6
2025.01.10	02:07:15.823		0.93945			4
2025.01.10	02:07:16.980		0.93943			4
2025.01.10	02:07:20.138		0.93944			4
2025.01.10	02:07:23.192	0.93938	0.93948			6
2025.01.10	02:07:23.512	0.93939				2
2025.01.10	02:07:23.893		0.93949			4
2025.01.10	02:07:24.241	0.93938				2
2025.01.10	02:07:26.230		0.93948			4
2025.01.10	02:07:29.191		0.93947			4
2025.01.10	02:07:30.030		0.93950			4
2025.01.10	02:07:30.771		0.93948			4
2025.01.10	02:07:31.531		0.93950			4
2025.01.10	02:07:31.926	0.93936	0.93948			6
2025.01.10	02:07:32.319	0.93937	0.93950			6
2025.01.10	02:07:33.518	0.93938				2
2025.01.10	02:07:33.995	0.93937	0.93949			6
2025.01.10	02:07:38.281		0.93950			4
2025.01.10	02:07:41.489	0.93939				2
2025.01.10	02:07:42.019	0.93938				2
2025.01.10	02:07:43.332		0.93949			4
2025.01.10	02:07:44.375		0.93950			4
2025.01.10	02:07:46.325	0.93937	0.93948			6
2025.01.10	02:07:47.629	0.93938				2
2025.01.10	02:07:48.830	0.93937				2
2025.01.10	02:07:49.726	0.93938				2
2025.01.10	02:07:52.799	0.93939	0.93950			6
2025.01.10	02:07:53.383	0.93938				2
2025.01.10	02:07:53.884	0.93939				2
2025.01.10	02:08:00.360	0.93939				2
2025.01.10	02:08:02.403		0.93949			4
2025.01.10	02:08:02.716	0.93941	0.93952			6
2025.01.10	02:08:03.076	0.93942				2
2025.01.10	02:08:03.383	0.93943				2
2025.01.10	02:08:08.971	0.93942				2
2025.01.10	02:08:10.673		0.93953			4
2025.01.10	02:08:12.122	0.93943				2
2025.01.10	02:08:12.428	0.93942	0.93951			6
2025.01.10	02:08:13.066	0.93941				2
2025.01.10	02:08:14.505	0.93944	0.93954			6
2025.01.10	02:08:18.911	0.93943	0.93953			6
2025.01.10	02:08:24.342		0.93952			4
2025.01.10	02:08:25.326	0.93944	0.93953			6
2025.01.10	02:08:28.744		0.93954			4
2025.01.10	02:08:32.915	0.93943	0.93952			6
2025.01.10	02:08:34.610		0.93954			4
2025.01.10	02:08:35.589		0.93952			4
2025.01.10	02:08:38.192		0.93953			4
2025.01.10	02:08:43.048	0.93944	0.93952			6
2025.01.10	02:08:43.911		0.93953			4
2025.01.10	02:08:48.449		0.93954			4
2025.01.10	02:08:49.335		0.93955			4
2025.01.10	02:08:50.101	0.93943	0.93953			6
2025.01.10	02:08:51.847	0.93944				2
2025.01.10	02:08:52.168		0.93954			4
2025.01.10	02:08:58.054	0.93943	0.93952			6
2025.01.10	02:08:59.063		0.93953			4
2025.01.10	02:08:59.688	0.93944	0.93954			6
2025.01.10	02:09:00.221	0.93944				2
2025.01.10	02:09:02.475	0.93943				2
2025.01.10	02:09:03.718	0.93940	0.93950			6
2025.01.10	02:09:04.075	0.93939				2
2025.01.10	02:09:04.381		0.93949			4
2025.01.10	02:09:04.705	0.93944	0.93956			6
2025.01.10	02:09:07.173	0.93949	0.93958			6
2025.01.10	02:09:10.095	0.93948	0.93957			6
2025.01.10	02:09:10.618	0.93947				2
2025.01.10	02:09:12.492	0.93948				2
2025.01.10	02:09:12.843	0.93947				2
2025.01.10	02:09:14.343	0.93949				2
2025.01.10	02:09:14.690	0.93950				2
2025.01.10	02:09:15.001	0.93949	0.93958			6
2025.01.10	02:09:16.136	0.93950	0.93959			6
2025.01.10	02:09:16.522	0.93949				2
2025.01.10	02:09:19.646	0.93948				2
2025.01.10	02:09:24.160	0.93947	0.93958			6
2025.01.10	02:09:24.610	0.93948				2
2025.01.10	02:09:26.619	0.93945	0.93956			6
2025.01.10	02:09:26.940	0.93946				2
2025.01.10	02:09:27.374	0.93947				2
2025.01.10	02:09:28.290	0.93945				2
2025.01.10	02:09:28.956	0.93947				2
2025.01.10	02:09:29.689	0.93945				2
2025.01.10	02:09:31.038	0.93944				2
2025.01.10	02:09:39.011	0.93945				2
2025.01.10	02:09:44.774		0.93955			4
2025.01.10	02:09:45.975	0.93944				2
2025.01.10	02:09:46.415	0.93942	0.93952			6
2025.01.10	02:09:51.123	0.93943	0.93954			6
2025.01.10	02:09:52.136	0.93942	0.93953			6
2025.01.10	02:09:52.476		0.93954			4
2025.01.10	02:09:52.852		0.93951			4
2025.01.10	02:09:53.821	0.93944	0.93954			6
2025.01.10	02:10:00.221	0.93944				2
2025.01.10	02:10:00.943	0.93943	0.93953			6
2025.01.10	02:10:02.273	0.93944				2
2025.01.10	02:10:05.025	0.93945	0.93954			6
2025.01.10	02:10:07.121	0.93943				2
2025.01.10	02:10:08.902	0.93940	0.93951			6
2025.01.10	02:10:10.390	0.93942	0.93953			6
2025.01.10	02:10:10.704	0.93943	0.93954			6
2025.01.10	02:10:11.048		0.93953			4
2025.01.10	02:10:12.312		0.93954			4
2025.01.10	02:10:13.892	0.93942	0.93952			6
2025.01.10	02:10:14.286	0.93941				2
2025.01.10	02:10:27.671		0.93951			4
2025.01.10	02:10:28.882	0.93943	0.93953			6
2025.01.10	02:10:30.077	0.93944	0.93954			6
2025.01.10	02:10:30.407	0.93943	0.93955			6
2025.01.10	02:10:32.241	0.93942	0.93954			6
2025.01.10	02:10:36.478	0.93946	0.93957			6
2025.01.10	02:10:36.843		0.93956			4
2025.01.10	02:10:37.258	0.93948	0.93957			6
2025.01.10	02:10:38.353	0.93947				2
2025.01.10	02:10:40.414		0.93958			4
2025.01.10	02:10:41.653		0.93957			4
2025.01.10	02:10:42.213		0.93958			4
2025.01.10	02:10:44.347		0.93956			4
2025.01.10	02:10:45.941		0.93957			4
2025.01.10	02:10:46.740	0.93948	0.93958			6
2025.01.10	02:10:47.096	0.93947				2
2025.01.10	02:10:47.415	0.93948				2
2025.01.10	02:10:52.101		0.93957			4
2025.01.10	02:10:54.232	0.93949	0.93960			6
2025.01.10	02:10:54.551	0.93950				2
2025.01.10	02:10:55.740		0.93959			4
2025.01.10	02:10:57.799		0.93960			4
2025.01.10	02:10:59.346	0.93948	0.93957			6
2025.01.10	02:11:00.434	0.93948				2
2025.01.10	02:11:02.622		0.93958			4
2025.01.10	02:11:06.076	0.93947	0.93957			6
2025.01.10	02:11:06.622	0.93945	0.93956			6
2025.01.10	02:11:08.838	0.93946				2
2025.01.10	02:11:09.862	0.93947	0.93959			6
2025.01.10	02:11:10.330	0.93946				2
2025.01.10	02:11:10.732		0.93958			4
2025.01.10	02:11:11.628	0.93947				2
2025.01.10	02:11:18.631		0.93959			4
2025.01.10	02:11:19.133	0.93943	0.93954			6
2025.01.10	02:11:19.529	0.93944				2
2025.01.10	02:11:20.351	0.93943				2
2025.01.10	02:11:22.664		0.93953			4
2025.01.10	02:11:27.542	0.93944				2
2025.01.10	02:11:29.490	0.93943	0.93954			6
2025.01.10	02:11:37.075		0.93955			4
2025.01.10	02:11:43.875		0.93954			4
2025.01.10	02:11:47.223		0.93953			4
2025.01.10	02:11:47.536		0.93955			4
2025.01.10	02:11:50.420		0.93953			4
2025.01.10	02:11:50.825		0.93954			4
2025.01.10	02:11:51.616	0.93944				2
2025.01.10	02:11:53.886	0.93943				2
2025.01.10	02:11:54.298	0.93944				2
2025.01.10	02:11:54.807	0.93943				2
2025.01.10	02:11:56.200	0.93945	0.93956			6
2025.01.10	02:11:56.842	0.93946	0.93957			6
2025.01.10	02:12:00.934	0.93945	0.93956			6
2025.01.10	02:12:02.258	0.93944	0.93955			6
2025.01.10	02:12:02.614	0.93945				2
2025.01.10	02:12:03.322		0.93956			4
2025.01.10	02:12:16.813	0.93946				2
2025.01.10	02:12:20.840	0.93948	0.93959			6
2025.01.10	02:12:22.342	0.93952	0.93962			6
2025.01.10	02:12:22.729		0.93963			4
2025.01.10	02:12:24.629		0.93962			4
2025.01.10	02:12:27.861	0.93950	0.93959			6
2025.01.10	02:12:29.399		0.93958			4
2025.01.10	02:12:29.812		0.93957			4
2025.01.10	02:12:30.495		0.93960			4
2025.01.10	02:12:31.683	0.93951				2
2025.01.10	02:12:37.060	0.93949	0.93959			6
2025.01.10	02:12:37.689	0.93950	0.93960			6
2025.01.10	02:12:40.462		0.93959			4
2025.01.10	02:12:40.875		0.93960			4
2025.01.10	02:12:45.371		0.93959			4
2025.01.10	02:12:46.195	0.93949	0.93958			6
2025.01.10	02:12:47.438		0.93957			4
2025.01.10	02:12:47.803	0.93950	0.93960			6
2025.01.10	02:12:55.495	0.93951	0.93961			6
2025.01.10	02:13:01.667	0.93951	0.93960			6
2025.01.10	02:13:02.231		0.93961			4
2025.01.10	02:13:10.079		0.93962			4
2025.01.10	02:13:15.421		0.93961			4
2025.01.10	02:13:18.324	0.93952	0.93962			6
2025.01.10	02:13:19.789	0.93953	0.93963			6
2025.01.10	02:13:22.039	0.93952	0.93962			6
2025.01.10	02:13:23.216	0.93951				2
2025.01.10	02:13:26.433	0.93950	0.93961			6
2025.01.10	02:13:26.774		0.93959			4
2025.01.10	02:13:27.118		0.93960			4
2025.01.10	02:13:27.438	0.93949	0.93959			6
2025.01.10	02:13:35.374	0.93950	0.93960			6
2025.01.10	02:13:40.534	0.93948	0.93959			6
2025.01.10	02:13:43.394	0.93949				2
2025.01.10	02:13:43.845	0.93948	0.93957			6
2025.01.10	02:13:44.149	0.93947	0.93956			6
2025.01.10	02:13:46.540	0.93948	0.93958			6
2025.01.10	02:13:47.082		0.93957			4
2025.01.10	02:13:48.071	0.93949				2
2025.01.10	02:13:48.571	0.93948				2
2025.01.10	02:13:49.663	0.93949				2
2025.01.10	02:13:51.722	0.93948				2
2025.01.10	02:13:52.380		0.93956			4
2025.01.10	02:13:53.119		0.93957			4
2025.01.10	02:13:56.221		0.93956			4
2025.01.10	02:13:56.680		0.93957			4
2025.01.10	02:13:57.471		0.93956			4
2025.01.10	02:14:00.551	0.93947	0.93953			6
2025.01.10	02:14:00.973	0.93946				2
2025.01.10	02:14:01.282		0.93954			4
2025.01.10	02:14:01.614		0.93953			4
2025.01.10	02:14:02.600	0.93947	0.93955			6
2025.01.10	02:14:05.468		0.93954			4
2025.01.10	02:14:10.765	0.93940	0.93949			6
2025.01.10	02:14:11.077	0.93938	0.93947			6
2025.01.10	02:14:12.785	0.93939	0.93949			6
2025.01.10	02:14:13.571	0.93940	0.93950			6
2025.01.10	02:14:16.502		0.93951			4
2025.01.10	02:14:17.310	0.93941				2
2025.01.10	02:14:21.567		0.93950			4
2025.01.10	02:14:23.635	0.93939	0.93949			6
2025.01.10	02:14:24.090		0.93950			4
2025.01.10	02:14:25.329	0.93937	0.93947			6
2025.01.10	02:14:25.637	0.93939	0.93951			6
2025.01.10	02:14:25.945	0.93941				2
2025.01.10	02:14:26.799	0.93940				2
2025.01.10	02:14:27.549	0.93941	0.93952			6
2025.01.10	02:14:29.477		0.93951			4
2025.01.10	02:14:30.524	0.93944	0.93954			6
2025.01.10	02:14:31.727	0.93943				2
2025.01.10	02:14:36.927	0.93942				2
2025.01.10	02:14:39.842	0.93944	0.93955			6
2025.01.10	02:14:40.276	0.93945				2
2025.01.10	02:14:46.250	0.93947	0.93956			6
2025.01.10	02:14:51.841	0.93946				2
2025.01.10	02:14:52.147	0.93947				2
2025.01.10	02:14:55.332	0.93944	0.93954			6
2025.01.10	02:14:57.390	0.93945	0.93955			6
2025.01.10	02:14:57.835	0.93946	0.93956			6
2025.01.10	02:15:00.244	0.93945	0.93955			6
2025.01.10	02:15:01.537	0.93941	0.93950			6
2025.01.10	02:15:02.004	0.93940	0.93948			6
2025.01.10	02:15:02.307	0.93939	0.93947			6
2025.01.10	02:15:02.616	0.93935	0.93945			6
2025.01.10	02:15:03.769		0.93946			4
2025.01.10	02:15:04.080	0.93936				2
2025.01.10	02:15:05.636	0.93937	0.93947			6
2025.01.10	02:15:06.274	0.93939	0.93950			6
2025.01.10	02:15:08.702	0.93940				2
2025.01.10	02:15:09.931	0.93939				2
2025.01.10	02:15:10.841	0.93940				2
2025.01.10	02:15:11.530	0.93941	0.93951			6
2025.01.10	02:15:14.351	0.93942				2
2025.01.10	02:15:15.386	0.93943				2
2025.01.10	02:15:15.704		0.93953			4
2025.01.10	02:15:16.352	0.93941	0.93950			6
2025.01.10	02:15:19.878	0.93940				2
2025.01.10	02:15:22.878	0.93939	0.93947			6
2025.01.10	02:15:23.332		0.93949			4
2025.01.10	02:15:23.864	0.93938	0.93948			6
2025.01.10	02:15:35.482	0.93937	0.93947			6
2025.01.10	02:15:35.783	0.93938	0.93948			6
2025.01.10	02:15:43.017	0.93935	0.93945			6
2025.01.10	02:15:43.327	0.93934				2
2025.01.10	02:15:44.259		0.93943			4
2025.01.10	02:15:45.395		0.93944			4
2025.01.10	02:15:45.735	0.93935				2
2025.01.10	02:15:46.154	0.93936				2
2025.01.10	02:15:47.129		0.93946			4
2025.01.10	02:15:48.987	0.93935	0.93945			6
2025.01.10	02:15:50.705	0.93936				2
2025.01.10	02:15:51.108		0.93946			4
2025.01.10	02:15:52.052	0.93935				2
2025.01.10	02:15:53.376		0.93947			4
2025.01.10	02:15:53.688		0.93946			4
2025.01.10	02:15:55.449	0.93934	0.93947			6
2025.01.10	02:15:56.820	0.93935	0.93946			6
2025.01.10	02:15:57.873	0.93936				2
2025.01.10	02:16:01.239	0.93936				2
2025.01.10	02:16:01.607	0.93935				2
2025.01.10	02:16:02.440	0.93936	0.93945			6
2025.01.10	02:16:03.593	0.93935				2
2025.01.10	02:16:04.859	0.93934	0.93944			6
2025.01.10	02:16:06.716	0.93936	0.93946			6
2025.01.10	02:16:07.070	0.93937				2
2025.01.10	02:16:07.394	0.93936				2
2025.01.10	02:16:13.866		0.93945			4
2025.01.10	02:16:14.210	0.93937				2
2025.01.10	02:16:15.260	0.93938	0.93948			6
2025.01.10	02:16:17.611		0.93947			4
2025.01.10	02:16:17.967		0.93948			4
2025.01.10	02:16:19.570	0.93934	0.93944			6
2025.01.10	02:16:20.628	0.93935				2
2025.01.10	02:16:21.608		0.93943			4
2025.01.10	02:16:21.952	0.93934				2
2025.01.10	02:16:22.371	0.93931	0.93941			6
2025.01.10	02:16:32.752	0.93930				2
2025.01.10	02:16:33.722	0.93929	0.93940			6
2025.01.10	02:16:34.529	0.93930				2
2025.01.10	02:16:36.012		0.93941			4
2025.01.10	02:16:37.606		0.93942			4
2025.01.10	02:16:37.915		0.93941			4
2025.01.10	02:16:39.075		0.93942			4
2025.01.10	02:16:41.155	0.93931				2
2025.01.10	02:16:41.476	0.93930				2
2025.01.10	02:16:41.782	0.93929				2
2025.01.10	02:16:42.149	0.93930				2
2025.01.10	02:16:43.348	0.93929				2
2025.01.10	02:16:43.850	0.93930				2
2025.01.10	02:16:44.708		0.93941			4
2025.01.10	02:16:45.532		0.93942			4
2025.01.10	02:16:45.879	0.93929				2
2025.01.10	02:16:46.450	0.93931				2
2025.01.10	02:16:46.892	0.93930				2
2025.01.10	02:16:49.509		0.93940			4
2025.01.10	02:16:52.493	0.93931	0.93942			6
2025.01.10	02:16:53.790	0.93930				2
2025.01.10	02:16:55.343		0.93941			4
2025.01.10	02:16:56.115	0.93931				2
2025.01.10	02:16:56.423	0.93930				2
2025.01.10	02:16:56.790	0.93929				2
2025.01.10	02:16:57.654	0.93930	0.93940			6
2025.01.10	02:16:57.967	0.93929	0.93941			6
2025.01.10	02:16:59.140	0.93931	0.93943			6
2025.01.10	02:17:00.564	0.93926	0.93939			6
2025.01.10	02:17:00.874	0.93928	0.93938			6
2025.01.10	02:17:01.300	0.93925	0.93937			6
2025.01.10	02:17:01.621		0.93936			4
2025.01.10	02:17:02.321	0.93926				2
2025.01.10	02:17:03.477		0.93937			4
2025.01.10	02:17:04.128	0.93927				2
2025.01.10	02:17:04.451		0.93936			4
2025.01.10	02:17:05.527		0.93937			4
2025.01.10	02:17:05.860		0.93938			4
2025.01.10	02:17:06.360	0.93928	0.93937			6
2025.01.10	02:17:06.681		0.93938			4
2025.01.10	02:17:08.332	0.93929				2
2025.01.10	02:17:08.634	0.93928				2
2025.01.10	02:17:09.466	0.93927				2
2025.01.10	02:17:09.835		0.93939			4
2025.01.10	02:17:10.853		0.93938			4
2025.01.10	02:17:11.765		0.93939			4
2025.01.10	02:17:14.006	0.93928				2
2025.01.10	02:17:15.121		0.93938			4
2025.01.10	02:17:17.236	0.93930	0.93941			6
2025.01.10	02:17:17.768	0.93929	0.93939			6
2025.01.10	02:17:18.258		0.93940			4
2025.01.10	02:17:19.234	0.93928	0.93939			6
2025.01.10	02:17:19.754		0.93940			4
2025.01.10	02:17:21.049	0.93929	0.93941			6
2025.01.10	02:17:22.106	0.93928				2
2025.01.10	02:17:24.400	0.93929				2
2025.01.10	02:17:28.343	0.93928				2
2025.01.10	02:17:28.888		0.93940			4
2025.01.10	02:17:29.429	0.93927	0.93938			6
2025.01.10	02:17:30.437	0.93928	0.93939			6
2025.01.10	02:17:30.776	0.93927	0.93938			6
2025.01.10	02:17:32.503	0.93928	0.93939			6
2025.01.10	02:17:32.836	0.93927	0.93938			6
2025.01.10	02:17:33.150	0.93928	0.93939			6
2025.01.10	02:17:34.175	0.93929				2
2025.01.10	02:17:36.966	0.93927	0.93938			6
2025.01.10	02:17:37.366	0.93924	0.93935			6
2025.01.10	02:17:38.350	0.93923				2
2025.01.10	02:17:39.842		0.93934			4
2025.01.10	02:17:40.446	0.93925	0.93936			6
2025.01.10	02:17:43.211	0.93924				2
2025.01.10	02:17:43.578		0.93937			4
2025.01.10	02:17:44.343	0.93925				2
2025.01.10	02:17:44.872	0.93926				2
2025.01.10	02:17:45.289	0.93927				2
2025.01.10	02:17:46.218		0.93938			4
2025.01.10	02:17:47.237		0.93937			4
2025.01.10	02:17:48.139	0.93926				2
2025.01.10	02:17:48.941	0.93925				2
2025.01.10	02:17:55.044	0.93926				2
2025.01.10	02:17:55.347		0.93938			4
2025.01.10	02:17:59.632		0.93937			4
2025.01.10	02:18:00.317	0.93926	0.93938			6
2025.01.10	02:18:00.670	0.93925	0.93937			6
2025.01.10	02:18:01.359	0.93922	0.93934			6
2025.01.10	02:18:07.456	0.93925	0.93935			6
2025.01.10	02:18:07.783		0.93936			4
2025.01.10	02:18:25.960	0.93926	0.93937			6
2025.01.10	02:18:26.260	0.93925				2
2025.01.10	02:18:31.220		0.93936			4
2025.01.10	02:18:33.674		0.93937			4
2025.01.10	02:18:46.997	0.93926				2
2025.01.10	02:18:47.305	0.93927	0.93938			6
2025.01.10	02:18:48.385		0.93939			4
2025.01.10	02:18:49.441	0.93925	0.93937			6
2025.01.10	02:18:52.300	0.93924	0.93936			6
2025.01.10	02:18:52.604		0.93937			4
2025.01.10	02:18:54.294	0.93925				2
2025.01.10	02:18:54.708	0.93924				2
2025.01.10	02:18:55.650		0.93935			4
2025.01.10	02:18:57.736	0.93925				2
2025.01.10	02:19:00.714	0.93925				2
2025.01.10	02:19:09.143	0.93922	0.93934			6
2025.01.10	02:19:09.447	0.93923				2
2025.01.10	02:19:09.899	0.93922				2
2025.01.10	02:19:12.110	0.93923				2
2025.01.10	02:19:12.609	0.93922				2
2025.01.10	02:19:13.017	0.93923				2
2025.01.10	02:19:15.182	0.93925	0.93936			6
2025.01.10	02:19:15.487	0.93924	0.93935			6
2025.01.10	02:19:15.917	0.93925				2
2025.01.10	02:19:18.690	0.93924				2
2025.01.10	02:19:20.512	0.93923				2
2025.01.10	02:19:21.750	0.93926	0.93938			6
2025.01.10	02:19:25.053	0.93927				2
2025.01.10	02:19:25.408	0.93926				2
2025.01.10	02:19:26.173		0.93936			4
2025.01.10	02:19:29.421		0.93938			4
2025.01.10	02:19:31.262	0.93927				2
2025.01.10	02:19:31.868		0.93937			4
2025.01.10	02:19:32.953		0.93940			4
2025.01.10	02:19:33.339	0.93929				2
2025.01.10	02:19:34.829		0.93942			4
2025.01.10	02:19:38.600		0.93941			4
2025.01.10	02:19:39.332	0.93930				2
2025.01.10	02:19:39.832	0.93929				2
2025.01.10	02:19:41.404	0.93930				2
2025.01.10	02:19:41.903	0.93929				2
2025.01.10	02:19:45.305	0.93931	0.93940			6
2025.01.10	02:19:46.758	0.93918	0.93929			6
2025.01.10	02:19:47.062	0.93915	0.93926			6
2025.01.10	02:19:48.113		0.93927			4
2025.01.10	02:19:48.673	0.93914				2
2025.01.10	02:19:52.353	0.93912	0.93924			6
2025.01.10	02:19:53.334	0.93910	0.93922			6
2025.01.10	02:19:53.643		0.93923			4
2025.01.10	02:19:53.959	0.93909	0.93920			6
2025.01.10	02:19:54.347		0.93919			4
2025.01.10	02:19:55.705		0.93922			4
2025.01.10	02:19:56.007		0.93918			4
2025.01.10	02:19:56.334	0.93908				2
2025.01.10	02:19:56.944		0.93920			4
2025.01.10	02:19:58.343	0.93910				2
2025.01.10	02:19:58.647	0.93908				2
2025.01.10	02:19:59.057		0.93919			4
2025.01.10	02:19:59.515		0.93918			4
2025.01.10	02:20:01.005	0.93905	0.93912			6
2025.01.10	02:20:01.327	0.93910	0.93920			6
2025.01.10	02:20:01.634	0.93907	0.93918			6
2025.01.10	02:20:02.447	0.93912	0.93923			6
2025.01.10	02:20:02.903	0.93913				2
2025.01.10	02:20:05.473	0.93912	0.93922			6
2025.01.10	02:20:06.444	0.93911	0.93921			6
2025.01.10	02:20:08.732	0.93910	0.93919			6
2025.01.10	02:20:09.042	0.93909	0.93918			6
2025.01.10	02:20:10.987	0.93910	0.93920			6
2025.01.10	02:20:11.374	0.93911	0.93922			6
2025.01.10	02:20:11.683		0.93921			4
2025.01.10	02:20:13.309	0.93906	0.93915			6
2025.01.10	02:20:14.848	0.93904	0.93916			6
2025.01.10	02:20:15.465		0.93915			4
2025.01.10	02:20:19.574		0.93914			4
2025.01.10	02:20:21.705	0.93903				2
2025.01.10	02:20:22.118		0.93915			4
2025.01.10	02:20:22.915		0.93914			4
2025.01.10	02:20:23.295	0.93904				2
2025.01.10	02:20:23.595	0.93903	0.93913			6
2025.01.10	02:20:23.903	0.93905	0.93914			6
2025.01.10	02:20:24.352	0.93904	0.93913			6
2025.01.10	02:20:26.086		0.93912			4
2025.01.10	02:20:27.075		0.93914			4
2025.01.10	02:20:32.362	0.93903	0.93913			6
2025.01.10	02:20:37.920		0.93914			4
2025.01.10	02:20:38.223	0.93904				2
2025.01.10	02:20:39.911		0.93913			4
2025.01.10	02:20:43.221	0.93903				2
2025.01.10	02:20:43.522		0.93914			4
2025.01.10	02:20:44.385	0.93902				2
2025.01.10	02:20:45.147		0.93913			4
2025.01.10	02:20:48.373	0.93903	0.93914			6
2025.01.10	02:20:49.368	0.93902				2
2025.01.10	02:20:50.652		0.93913			4
2025.01.10	02:20:51.075		0.93914			4
2025.01.10	02:20:52.288		0.93913			4
2025.01.10	02:20:54.675		0.93914			4
2025.01.10	02:20:55.604	0.93903	0.93913			6
2025.01.10	02:21:00.157	0.93903	0.93914			6
2025.01.10	02:21:01.500		0.93915			4
2025.01.10	02:21:04.234		0.93913			4
2025.01.10	02:21:09.974	0.93904				2
2025.01.10	02:21:10.292	0.93903				2
2025.01.10	02:21:15.382	0.93904				2
2025.01.10	02:21:18.389	0.93905				2
2025.01.10	02:21:18.739	0.93904				2
2025.01.10	02:21:32.819		0.93912			4
2025.01.10	02:21:42.334		0.93913			4
2025.01.10	02:21:42.651		0.93912			4
2025.01.10	02:21:44.426	0.93906	0.93915			6
2025.01.10	02:21:44.727	0.93907	0.93916			6
2025.01.10	02:21:45.373	0.93908	0.93917			6
2025.01.10	02:21:47.369		0.93916			4
2025.01.10	02:21:49.438		0.93915			4
2025.01.10	02:21:53.782		0.93914			4
2025.01.10	02:21:54.591		0.93915			4
2025.01.10	02:21:57.255		0.93917			4
2025.01.10	02:21:57.642		0.93916			4
2025.01.10	02:21:58.927		0.93917			4
2025.01.10	02:22:00.381	0.93908				2
2025.01.10	02:22:02.746		0.93916			4
2025.01.10	02:22:05.174		0.93917			4
2025.01.10	02:22:05.812		0.93916			4
2025.01.10	02:22:06.296		0.93915			4
2025.01.10	02:22:06.975		0.93916			4
2025.01.10	02:22:09.516		0.93917			4
2025.01.10	02:22:15.752		0.93916			4
2025.01.10	02:22:29.281		0.93918			4
2025.01.10	02:22:30.281		0.93916			4
2025.01.10	02:22:33.944	0.93907				2
2025.01.10	02:22:38.202	0.93906	0.93915			6
2025.01.10	02:22:39.398		0.93916			4
2025.01.10	02:22:39.779	0.93907	0.93915			6
2025.01.10	02:22:40.273		0.93916			4
2025.01.10	02:22:40.613		0.93915			4
2025.01.10	02:22:41.296		0.93916			4
2025.01.10	02:22:41.844	0.93906				2
2025.01.10	02:22:42.147	0.93904				2
2025.01.10	02:22:42.553		0.93914			4
2025.01.10	02:22:43.287		0.93913			4
2025.01.10	02:22:43.933		0.93914			4
2025.01.10	02:22:45.289		0.93913			4
2025.01.10	02:22:45.723		0.93914			4
2025.01.10	02:22:46.545	0.93902	0.93911			6
2025.01.10	02:22:47.037	0.93903	0.93914			6
2025.01.10	02:22:48.995		0.93913			4
2025.01.10	02:22:55.570	0.93902	0.93912			6
2025.01.10	02:22:56.298	0.93903	0.93913			6
2025.01.10	02:22:57.008	0.93904				2
2025.01.10	02:22:57.815	0.93903				2
2025.01.10	02:23:00.074	0.93903				2
2025.01.10	02:23:03.932		0.93914			4
2025.01.10	02:23:04.665		0.93913			4
2025.01.10	02:23:09.422		0.93911			4
2025.01.10	02:23:09.870		0.93913			4
2025.01.10	02:23:10.547	0.93905	0.93914			6
2025.01.10	02:23:10.942		0.93913			4
2025.01.10	02:23:11.332		0.93915			4
2025.01.10	02:23:16.011		0.93914			4
2025.01.10	02:23:17.462		0.93913			4
2025.01.10	02:23:20.989	0.93904				2
2025.01.10	02:23:21.930		0.93914			4
2025.01.10	02:23:25.390	0.93905				2
2025.01.10	02:23:25.711		0.93915			4
2025.01.10	02:23:26.339		0.93914			4
2025.01.10	02:23:27.973	0.93903				2
2025.01.10	02:23:45.346	0.93902	0.93911			6
2025.01.10	02:24:00.528	0.93905				2
2025.01.10	02:24:00.973		0.93914			4
2025.01.10	02:24:04.954		0.93913			4
2025.01.10	02:24:08.214		0.93914			4
2025.01.10	02:24:08.663	0.93903	0.93913			6
2025.01.10	02:24:09.057		0.93912			4
2025.01.10	02:24:11.707		0.93911			4
2025.01.10	02:24:15.105	0.93904	0.93912			6
2025.01.10	02:24:15.620		0.93911			4
2025.01.10	02:24:19.238	0.93905				2
2025.01.10	02:24:19.568		0.93913			4
2025.01.10	02:24:24.375		0.93912			4
2025.01.10	02:24:24.816		0.93913			4
2025.01.10	02:24:25.122		0.93912			4
2025.01.10	02:24:26.363		0.93913			4
2025.01.10	02:24:30.527		0.93914			4
2025.01.10	02:24:34.275		0.93913			4
2025.01.10	02:24:35.476		0.93914			4
2025.01.10	02:24:38.866	0.93907				2
2025.01.10	02:24:45.184		0.93915			4
2025.01.10	02:24:47.284	0.93908				2
2025.01.10	02:24:54.002	0.93904				2
2025.01.10	02:24:56.375	0.93905	0.93913			6
2025.01.10	02:24:56.695	0.93903				2
2025.01.10	02:24:57.041	0.93901	0.93909			6
2025.01.10	02:24:58.092		0.93910			4
2025.01.10	02:24:59.150		0.93909			4
2025.01.10	02:24:59.959	0.93903	0.93911			6
2025.01.10	02:25:00.466	0.93903				2
2025.01.10	02:25:04.995	0.93904	0.93914			6
2025.01.10	02:25:06.718	0.93905				2
2025.01.10	02:25:07.067	0.93904				2
2025.01.10	02:25:08.071		0.93915			4
2025.01.10	02:25:08.852		0.93914			4
2025.01.10	02:25:09.211		0.93915			4
2025.01.10	02:25:10.736		0.93914			4
2025.01.10	02:25:11.054	0.93905				2
2025.01.10	02:25:14.261		0.93915			4
2025.01.10	02:25:15.289		0.93914			4
2025.01.10	02:25:21.721	0.93906	0.93915			6
2025.01.10	02:25:35.374	0.93905				2
2025.01.10	02:25:40.004		0.93913			4
2025.01.10	02:25:40.696		0.93914			4
2025.01.10	02:25:42.019		0.93913			4
2025.01.10	02:25:42.349		0.93912			4
2025.01.10	02:25:43.296		0.93913			4
2025.01.10	02:25:46.081		0.93912			4
2025.01.10	02:25:50.012	0.93904				2
2025.01.10	02:25:51.634		0.93913			4
2025.01.10	02:25:59.638	0.93905				2
2025.01.10	02:26:00.438	0.93905				2
2025.01.10	02:26:02.401	0.93906	0.93914			6
2025.01.10	02:26:07.191	0.93905	0.93915			6
2025.01.10	02:26:10.274	0.93906	0.93916			6
2025.01.10	02:26:16.756	0.93907				2
2025.01.10	02:26:17.256	0.93906				2
2025.01.10	02:26:18.466	0.93905				2
2025.01.10	02:26:19.814		0.93915			4
2025.01.10	02:26:20.116		0.93914			4
2025.01.10	02:26:25.449	0.93907	0.93913			6
2025.01.10	02:26:26.180		0.93915			4
2025.01.10	02:26:27.365	0.93906				2
2025.01.10	02:26:28.207	0.93904				2
2025.01.10	02:26:29.905	0.93905	0.93914			6
2025.01.10	02:26:30.960	0.93906	0.93915			6
2025.01.10	02:26:33.070	0.93907	0.93916			6
2025.01.10	02:26:34.216		0.93917			4
2025.01.10	02:26:36.476		0.93918			4
2025.01.10	02:26:41.829		0.93917			4
2025.01.10	02:26:44.473		0.93918			4
2025.01.10	02:26:45.181	0.93906	0.93916			6
2025.01.10	02:26:46.215		0.93917			4
2025.01.10	02:26:47.983		0.93916			4
2025.01.10	02:26:48.915		0.93915			4
2025.01.10	02:26:49.242	0.93907	0.93916			6
2025.01.10	02:26:51.130		0.93917			4
2025.01.10	02:26:51.447	0.93908				2
2025.01.10	02:26:59.909	0.93909	0.93918			6
2025.01.10	02:27:01.344	0.93909				2
2025.01.10	02:27:01.681		0.93919			4
2025.01.10	02:27:03.644		0.93918			4
2025.01.10	02:27:05.862	0.93911	0.93920			6
2025.01.10	02:27:10.251	0.93910	0.93919			6
2025.01.10	02:27:19.329	0.93911				2
2025.01.10	02:27:19.633	0.93910				2
2025.01.10	02:27:24.786	0.93922	0.93931			6
2025.01.10	02:27:25.102	0.93921				2
2025.01.10	02:27:25.950	0.93918	0.93928			6
2025.01.10	02:27:26.253		0.93927			4
2025.01.10	02:27:26.569		0.93928			4
