<DATE>	<TIME>	<BID>	<ASK>	<LAST>	<VOLUME>	<FLAGS>
2025.08.15	00:03:30.671	0.94029	0.94203			6
2025.08.15	00:04:11.190	0.94029				2
2025.08.15	00:04:14.162	0.93980	0.94144			6
2025.08.15	00:05:09.157	0.93985	0.94222			6
2025.08.15	00:05:14.154		0.94221			4
2025.08.15	00:06:00.621	0.93985				2
2025.08.15	00:06:16.677		0.94221			4
2025.08.15	00:07:02.058	0.93985				2
2025.08.15	00:07:28.391		0.94221			4
2025.08.15	00:08:01.720	0.93985				2
2025.08.15	00:08:28.864		0.94221			4
2025.08.15	00:09:01.185	0.93985				2
2025.08.15	00:09:30.882		0.94221			4
2025.08.15	00:10:00.341	0.93985				2
2025.08.15	00:10:11.679	0.93997	0.94181			6
2025.08.15	00:11:03.011	0.93997	0.94180			6
2025.08.15	00:11:06.466	0.93985	0.94221			6
2025.08.15	00:11:08.918	0.93997	0.94180			6
2025.08.15	00:11:09.892	0.93985	0.94221			6
2025.08.15	00:11:10.735	0.93988				2
2025.08.15	00:11:16.178	0.94032	0.94162			6
2025.08.15	00:11:17.183	0.93988	0.94221			6
2025.08.15	00:11:20.979	0.93985				2
2025.08.15	00:11:22.057	0.93988				2
2025.08.15	00:11:23.079	0.94032	0.94162			6
2025.08.15	00:11:24.346	0.93988	0.94221			6
2025.08.15	00:11:30.579	0.94032	0.94162			6
2025.08.15	00:11:31.589	0.93988	0.94221			6
2025.08.15	00:11:34.162	0.93991				2
2025.08.15	00:11:37.818	0.94032	0.94162			6
2025.08.15	00:11:38.796	0.93991	0.94221			6
2025.08.15	00:12:00.878	0.93991				2
2025.08.15	00:12:29.022	0.93988				2
2025.08.15	00:12:39.280		0.94221			4
2025.08.15	00:13:00.578	0.93988				2
2025.08.15	00:13:33.380	0.93989				2
2025.08.15	00:13:39.283		0.94221			4
2025.08.15	00:14:01.003	0.93989				2
2025.08.15	00:14:40.425		0.94221			4
2025.08.15	00:15:01.184	0.93989				2
2025.08.15	00:15:31.704	0.93991				2
2025.08.15	00:15:41.979		0.94221			4
2025.08.15	00:16:00.999	0.93991				2
2025.08.15	00:16:04.890	0.94048	0.94196			6
2025.08.15	00:16:05.697	0.94047				2
2025.08.15	00:16:33.498	0.94105				2
2025.08.15	00:16:51.068	0.93988				2
2025.08.15	00:17:00.314	0.93988				2
2025.08.15	00:17:04.945		0.94196			4
2025.08.15	00:17:32.007	0.93989				2
2025.08.15	00:17:34.213	0.93988				2
2025.08.15	00:17:46.080	0.93991				2
2025.08.15	00:18:01.002	0.93991				2
2025.08.15	00:18:06.286		0.94196			4
2025.08.15	00:18:32.924	0.93992				2
2025.08.15	00:18:35.112	0.93991				2
2025.08.15	00:18:51.001	0.93992				2
2025.08.15	00:19:01.185	0.93992				2
2025.08.15	00:19:02.550	0.93991				2
2025.08.15	00:19:06.287		0.94196			4
2025.08.15	00:19:43.676	0.93992				2
2025.08.15	00:20:00.288	0.93992				2
2025.08.15	00:20:06.095	0.93993				2
2025.08.15	00:20:09.287		0.94196			4
2025.08.15	00:20:15.284	0.94004				2
2025.08.15	00:20:17.311	0.94001				2
2025.08.15	00:20:38.208	0.94002				2
2025.08.15	00:21:00.251	0.94002				2
2025.08.15	00:21:09.384		0.94196			4
2025.08.15	00:21:27.377	0.94000				2
2025.08.15	00:21:31.184	0.93991				2
2025.08.15	00:21:58.064	0.94003				2
2025.08.15	00:22:00.086	0.94003				2
2025.08.15	00:22:01.004	0.94004				2
2025.08.15	00:22:04.356	0.94003				2
2025.08.15	00:22:07.769	0.94004				2
2025.08.15	00:22:08.291	0.94005				2
2025.08.15	00:22:10.477		0.94196			4
2025.08.15	00:22:14.243	0.94004				2
2025.08.15	00:22:18.215	0.94006				2
2025.08.15	00:22:20.249	0.93994				2
2025.08.15	00:22:22.011	0.93995				2
2025.08.15	00:22:23.422	0.93996				2
2025.08.15	00:22:29.078	0.93997				2
2025.08.15	00:22:35.835	0.93998				2
2025.08.15	00:22:39.704	0.94005				2
2025.08.15	00:22:40.691	0.94010				2
2025.08.15	00:22:45.578	0.94008				2
2025.08.15	00:22:45.884	0.94009				2
2025.08.15	00:22:49.177	0.94010				2
2025.08.15	00:22:53.378	0.94011				2
2025.08.15	00:22:55.857	0.94012				2
2025.08.15	00:22:59.678	0.94013				2
2025.08.15	00:23:01.310	0.94010				2
2025.08.15	00:23:05.863	0.94011				2
2025.08.15	00:23:07.785	0.94012				2
2025.08.15	00:23:08.287	0.94013				2
2025.08.15	00:23:09.886	0.94014				2
2025.08.15	00:23:10.538	0.94016	0.94196			6
2025.08.15	00:23:14.980	0.94017				2
2025.08.15	00:23:15.723	0.94019				2
2025.08.15	00:23:24.248	0.94020				2
2025.08.15	00:23:28.178	0.94021				2
2025.08.15	00:23:28.655	0.94020				2
2025.08.15	00:23:30.434	0.94021				2
2025.08.15	00:23:34.778	0.94022				2
2025.08.15	00:23:39.397	0.94015	0.94146			6
2025.08.15	00:23:45.372	0.93995				2
2025.08.15	00:23:48.578	0.93996				2
2025.08.15	00:23:54.278	0.93997				2
2025.08.15	00:23:55.504	0.93993				2
2025.08.15	00:24:00.279	0.93994				2
2025.08.15	00:24:04.186	0.93995				2
2025.08.15	00:24:10.365	0.93996				2
2025.08.15	00:24:17.966	0.93995				2
2025.08.15	00:24:20.361	0.93996				2
2025.08.15	00:24:30.764	0.94006				2
2025.08.15	00:24:39.952		0.94146			4
2025.08.15	00:25:00.307	0.94006				2
2025.08.15	00:25:41.692		0.94146			4
2025.08.15	00:26:00.284	0.94006				2
2025.08.15	00:26:41.812		0.94146			4
2025.08.15	00:26:56.678	0.94007				2
2025.08.15	00:26:57.117	0.94008				2
2025.08.15	00:26:59.164	0.94009				2
2025.08.15	00:26:59.469	0.94022	0.94219			6
2025.08.15	00:27:00.288	0.94019	0.94220			6
2025.08.15	00:27:03.497		0.94221			4
2025.08.15	00:27:05.385	0.94018				2
2025.08.15	00:27:06.280	0.94019				2
2025.08.15	00:27:06.791	0.94022	0.94220			6
2025.08.15	00:27:09.964	0.94021				2
2025.08.15	00:27:10.276	0.94022				2
2025.08.15	00:27:24.268		0.94219			4
2025.08.15	00:27:31.790		0.94220			4
2025.08.15	00:27:37.679	0.94081	0.94161			6
2025.08.15	00:27:38.975	0.94084				2
2025.08.15	00:27:39.672	0.94072	0.94169			6
2025.08.15	00:27:40.018	0.94070				2
2025.08.15	00:27:41.373	0.94020	0.94221			6
2025.08.15	00:27:44.079	0.94019				2
2025.08.15	00:27:56.023	0.94020				2
2025.08.15	00:28:00.381	0.94020				2
2025.08.15	00:28:16.778	0.94021				2
2025.08.15	00:28:28.364	0.94005				2
2025.08.15	00:28:31.423	0.94011				2
2025.08.15	00:28:34.182	0.94012				2
2025.08.15	00:28:42.058		0.94221			4
2025.08.15	00:28:50.317	0.94013				2
2025.08.15	00:28:50.918	0.94012				2
2025.08.15	00:29:03.578	0.94012				2
2025.08.15	00:29:10.390	0.94013				2
2025.08.15	00:29:18.752	0.94014				2
2025.08.15	00:29:21.564	0.94013				2
2025.08.15	00:29:42.784	0.94014	0.94221			6
2025.08.15	00:29:46.836	0.94010				2
2025.08.15	00:30:00.310	0.94013				2
2025.08.15	00:30:01.957	0.94012				2
2025.08.15	00:30:02.363	0.94014				2
2025.08.15	00:30:06.356	0.94022				2
2025.08.15	00:30:07.385	0.94023				2
2025.08.15	00:30:08.354	0.94024				2
2025.08.15	00:30:09.417	0.94029				2
2025.08.15	00:30:10.918	0.94020				2
2025.08.15	00:30:11.416	0.94017				2
2025.08.15	00:30:16.309	0.94015				2
2025.08.15	00:30:20.680	0.94016				2
2025.08.15	00:30:28.013	0.94015				2
2025.08.15	00:30:34.778	0.94016				2
2025.08.15	00:30:38.335	0.94004				2
2025.08.15	00:30:41.285	0.93996				2
2025.08.15	00:30:42.518	0.93997				2
2025.08.15	00:30:42.822		0.94221			4
2025.08.15	00:30:43.137	0.93999				2
2025.08.15	00:30:44.362	0.93997				2
2025.08.15	00:30:47.885	0.93996	0.94219			6
2025.08.15	00:31:01.679	0.93996				2
2025.08.15	00:31:06.656	0.94002				2
2025.08.15	00:31:15.245	0.94004				2
2025.08.15	00:31:32.973	0.94000				2
2025.08.15	00:31:42.881		0.94220			4
2025.08.15	00:32:00.366	0.94000				2
2025.08.15	00:32:29.230	0.93987				2
2025.08.15	00:32:35.406	0.93988				2
2025.08.15	00:32:35.712	0.93987				2
2025.08.15	00:32:36.056	0.93988				2
2025.08.15	00:32:37.042	0.93989				2
2025.08.15	00:32:37.392	0.93988				2
2025.08.15	00:32:37.734	0.93989	0.94217			6
2025.08.15	00:32:38.730	0.93990				2
2025.08.15	00:32:39.045	0.93989				2
2025.08.15	00:32:39.390	0.93990				2
2025.08.15	00:32:39.734	0.93989				2
2025.08.15	00:32:40.380	0.93990				2
2025.08.15	00:32:41.316	0.93991				2
2025.08.15	00:32:41.637	0.93990				2
2025.08.15	00:32:41.970	0.93991				2
2025.08.15	00:32:42.284	0.93990				2
2025.08.15	00:32:42.623	0.93991				2
2025.08.15	00:32:43.932	0.93992				2
2025.08.15	00:32:44.263	0.93991				2
2025.08.15	00:32:44.604	0.93992				2
2025.08.15	00:32:44.932	0.93991				2
2025.08.15	00:32:45.260	0.93992				2
2025.08.15	00:32:45.603	0.93991				2
2025.08.15	00:32:45.943	0.93992				2
2025.08.15	00:32:46.946	0.93993				2
2025.08.15	00:32:47.599	0.93992				2
2025.08.15	00:32:47.918	0.93993				2
2025.08.15	00:32:48.270	0.93992				2
2025.08.15	00:32:48.614	0.93993				2
2025.08.15	00:32:48.955	0.93992				2
2025.08.15	00:32:49.262	0.93993				2
2025.08.15	00:32:50.602	0.93994				2
2025.08.15	00:32:50.933	0.93993				2
2025.08.15	00:32:51.265	0.93994				2
2025.08.15	00:32:51.605	0.93993				2
2025.08.15	00:32:51.935	0.93995				2
2025.08.15	00:33:00.313	0.93995				2
2025.08.15	00:33:01.322	0.93996				2
2025.08.15	00:33:01.646	0.93995				2
2025.08.15	00:33:02.664	0.93996				2
2025.08.15	00:33:03.006	0.93995				2
2025.08.15	00:33:04.007	0.93996				2
2025.08.15	00:33:04.352	0.93995				2
2025.08.15	00:33:05.678	0.93996				2
2025.08.15	00:33:06.281	0.93995				2
2025.08.15	00:33:06.613	0.93996				2
2025.08.15	00:33:06.954	0.93995				2
2025.08.15	00:33:07.284	0.93996				2
2025.08.15	00:33:09.269	0.93997				2
2025.08.15	00:33:09.608	0.93996				2
2025.08.15	00:33:10.252	0.93997				2
2025.08.15	00:33:11.205	0.93996				2
2025.08.15	00:33:11.518	0.93997				2
2025.08.15	00:33:11.823	0.93996				2
2025.08.15	00:33:12.164	0.93997				2
2025.08.15	00:33:12.472	0.93996				2
2025.08.15	00:33:12.817	0.93997				2
2025.08.15	00:33:13.779	0.93996				2
2025.08.15	00:33:14.411	0.93997				2
2025.08.15	00:33:14.752	0.93996				2
2025.08.15	00:33:15.388	0.93997				2
2025.08.15	00:33:16.020	0.93996				2
2025.08.15	00:33:16.358	0.93997				2
2025.08.15	00:33:16.689	0.93996				2
2025.08.15	00:33:27.277	0.93997				2
2025.08.15	00:33:28.669	0.93996				2
2025.08.15	00:33:32.885		0.94221			4
2025.08.15	00:33:46.172	0.93995				2
2025.08.15	00:33:51.536	0.93994				2
2025.08.15	00:34:00.708	0.94001				2
2025.08.15	00:34:29.509	0.94002				2
2025.08.15	00:34:33.881	0.94003	0.94221			6
2025.08.15	00:34:46.427	0.94001				2
2025.08.15	00:34:58.972	0.94002				2
2025.08.15	00:35:01.183	0.94001				2
2025.08.15	00:35:07.156	0.93999	0.94217			6
2025.08.15	00:35:11.547	0.94002				2
2025.08.15	00:35:12.447	0.94001				2
2025.08.15	00:35:15.856	0.94010				2
2025.08.15	00:35:17.978	0.94011				2
2025.08.15	00:35:23.375	0.94002	0.94200			6
2025.08.15	00:35:23.920		0.94199			4
2025.08.15	00:35:25.845	0.93980	0.94171			6
2025.08.15	00:35:31.358		0.94168			4
2025.08.15	00:35:41.690		0.94167			4
2025.08.15	00:35:42.280	0.94018				2
2025.08.15	00:35:49.227	0.93980				2
2025.08.15	00:35:52.058		0.94166			4
2025.08.15	00:35:58.010	0.93995				2
2025.08.15	00:36:00.378	0.93995				2
2025.08.15	00:36:11.662	0.94018				2
2025.08.15	00:36:17.270	0.93995				2
2025.08.15	00:36:31.479		0.94165			4
2025.08.15	00:36:42.833	0.94018				2
2025.08.15	00:36:48.448	0.93995				2
2025.08.15	00:36:53.309	0.93996				2
2025.08.15	00:37:00.428	0.93996				2
2025.08.15	00:37:11.978		0.94164			4
2025.08.15	00:37:14.489	0.94018				2
2025.08.15	00:37:20.383	0.93996				2
2025.08.15	00:37:43.833	0.94018				2
2025.08.15	00:37:49.640	0.93999				2
2025.08.15	00:37:51.434	0.94002	0.94163			6
2025.08.15	00:38:00.317	0.94002	0.94159			6
2025.08.15	00:38:00.786		0.94160			4
2025.08.15	00:38:03.413		0.94159			4
2025.08.15	00:38:08.377		0.94158			4
2025.08.15	00:38:09.879	0.94020				2
2025.08.15	00:38:12.625		0.94163			4
2025.08.15	00:38:15.540	0.94002				2
2025.08.15	00:38:22.704		0.94159			4
2025.08.15	00:38:37.610	0.94012				2
2025.08.15	00:38:39.206	0.94020				2
2025.08.15	00:38:40.935		0.94162			4
2025.08.15	00:38:46.104	0.94012				2
2025.08.15	00:38:53.073		0.94158			4
2025.08.15	00:39:01.178	0.94012				2
2025.08.15	00:39:09.708	0.94021				2
2025.08.15	00:39:15.322	0.94012				2
2025.08.15	00:39:18.453		0.94159			4
2025.08.15	00:39:19.466		0.94161			4
2025.08.15	00:39:32.612	0.94014				2
2025.08.15	00:39:35.841	0.94021				2
2025.08.15	00:39:41.747	0.94014				2
2025.08.15	00:40:01.183	0.94014				2
2025.08.15	00:40:05.842	0.94021				2
2025.08.15	00:40:12.313	0.94014				2
2025.08.15	00:40:16.688	0.94018				2
2025.08.15	00:40:17.009	0.94016				2
2025.08.15	00:40:19.480	0.94017	0.94161			6
2025.08.15	00:40:21.377		0.94160			4
2025.08.15	00:40:23.379	0.94019				2
2025.08.15	00:40:24.691	0.94016	0.94139			6
2025.08.15	00:40:25.179		0.94138			4
2025.08.15	00:40:31.847	0.94014	0.94140			6
2025.08.15	00:40:32.153		0.94141			4
2025.08.15	00:40:33.426		0.94140			4
2025.08.15	00:40:34.943		0.94141			4
2025.08.15	00:40:36.278		0.94140			4
2025.08.15	00:40:38.168	0.94021				2
2025.08.15	00:40:43.154		0.94141			4
2025.08.15	00:40:43.670	0.94013				2
2025.08.15	00:40:46.848	0.94014	0.94142			6
2025.08.15	00:40:51.989		0.94143			4
2025.08.15	00:40:53.979		0.94142			4
2025.08.15	00:40:57.060		0.94143			4
2025.08.15	00:40:57.879		0.94142			4
2025.08.15	00:40:58.239		0.94143			4
2025.08.15	00:41:00.418	0.94012	0.94142			6
2025.08.15	00:41:00.757	0.94018				2
2025.08.15	00:41:01.736		0.94141			4
2025.08.15	00:41:03.878		0.94140			4
2025.08.15	00:41:05.750	0.94021				2
2025.08.15	00:41:10.178		0.94139			4
2025.08.15	00:41:11.945	0.94017				2
2025.08.15	00:41:14.934		0.94138			4
2025.08.15	00:41:15.291	0.94018	0.94139			6
2025.08.15	00:41:16.779		0.94140			4
2025.08.15	00:41:17.976		0.94139			4
2025.08.15	00:41:18.621	0.94017				2
2025.08.15	00:41:20.054	0.94018				2
2025.08.15	00:41:22.557		0.94140			4
2025.08.15	00:41:22.899		0.94139			4
2025.08.15	00:41:23.502		0.94140			4
2025.08.15	00:41:23.943		0.94139			4
2025.08.15	00:41:29.573		0.94138			4
2025.08.15	00:41:34.995	0.94021				2
2025.08.15	00:41:40.598	0.94018				2
2025.08.15	00:41:41.678		0.94139			4
2025.08.15	00:41:42.941	0.94023				2
2025.08.15	00:41:45.878		0.94138			4
2025.08.15	00:41:46.857		0.94139			4
2025.08.15	00:41:48.353	0.94012				2
2025.08.15	00:41:48.857	0.94023				2
2025.08.15	00:41:49.531		0.94138			4
2025.08.15	00:41:54.566		0.94139			4
2025.08.15	00:41:55.746		0.94138			4
2025.08.15	00:41:56.407		0.94139			4
2025.08.15	00:41:57.106		0.94138			4
2025.08.15	00:41:57.412	0.94013				2
2025.08.15	00:41:58.780	0.94012	0.94139			6
2025.08.15	00:41:59.929	0.94023	0.94138			6
2025.08.15	00:42:00.272	0.94023				2
2025.08.15	00:42:01.863		0.94139			4
2025.08.15	00:42:06.279		0.94137			4
2025.08.15	00:42:06.581		0.94138			4
2025.08.15	00:42:08.379		0.94137			4
2025.08.15	00:42:09.279		0.94138			4
2025.08.15	00:42:11.066		0.94137			4
2025.08.15	00:42:12.062		0.94138			4
2025.08.15	00:42:15.280		0.94139			4
2025.08.15	00:42:18.220		0.94138			4
2025.08.15	00:42:18.881		0.94139			4
2025.08.15	00:42:20.077		0.94138			4
2025.08.15	00:42:24.280		0.94139			4
2025.08.15	00:42:25.058		0.94138			4
2025.08.15	00:42:27.925		0.94137			4
2025.08.15	00:42:30.534		0.94138			4
2025.08.15	00:42:34.927		0.94137			4
2025.08.15	00:42:36.553		0.94138			4
2025.08.15	00:42:38.032		0.94137			4
2025.08.15	00:42:38.353	0.94028	0.94138			6
2025.08.15	00:42:41.822		0.94139			4
2025.08.15	00:42:43.232		0.94138			4
2025.08.15	00:42:44.381		0.94139			4
2025.08.15	00:42:45.578	0.94032	0.94138			6
2025.08.15	00:42:45.966	0.94042	0.94144			6
2025.08.15	00:42:48.278	0.94043				2
2025.08.15	00:42:51.590	0.94044				2
2025.08.15	00:43:00.008	0.94044				2
2025.08.15	00:43:01.689	0.94045				2
2025.08.15	00:43:09.582	0.94046				2
2025.08.15	00:43:11.232		0.94143			4
2025.08.15	00:43:12.278		0.94144			4
2025.08.15	00:43:13.221	0.94036				2
2025.08.15	00:43:14.007	0.94038				2
2025.08.15	00:43:14.319	0.94037				2
2025.08.15	00:43:14.663	0.94038				2
2025.08.15	00:43:16.624	0.94040				2
2025.08.15	00:43:18.279	0.94041				2
2025.08.15	00:43:19.931	0.94040				2
2025.08.15	00:43:20.386	0.94041				2
2025.08.15	00:43:26.851	0.94042				2
2025.08.15	00:43:27.708	0.94041				2
2025.08.15	00:43:28.149	0.94040				2
2025.08.15	00:43:29.379	0.94041				2
2025.08.15	00:43:30.003	0.94042				2
2025.08.15	00:43:30.852	0.94043				2
2025.08.15	00:43:32.560	0.94044				2
2025.08.15	00:43:32.919	0.94045				2
2025.08.15	00:43:33.395	0.94044				2
2025.08.15	00:43:35.980	0.94045				2
2025.08.15	00:43:43.267	0.94046				2
2025.08.15	00:43:43.585	0.94047	0.94143			6
2025.08.15	00:43:44.606		0.94144			4
2025.08.15	00:43:46.309		0.94143			4
2025.08.15	00:43:47.378		0.94144			4
2025.08.15	00:43:49.177		0.94143			4
2025.08.15	00:43:49.948	0.94048	0.94142			6
2025.08.15	00:43:51.351	0.94049	0.94144			6
2025.08.15	00:43:52.062		0.94142			4
2025.08.15	00:43:52.395		0.94143			4
2025.08.15	00:43:56.382	0.94048				2
2025.08.15	00:43:58.267	0.94050				2
2025.08.15	00:43:59.008	0.94049				2
2025.08.15	00:44:00.804	0.94049				2
2025.08.15	00:44:05.084	0.94050				2
2025.08.15	00:44:06.129		0.94140			4
2025.08.15	00:44:08.585		0.94143			4
2025.08.15	00:44:11.078	0.94051				2
2025.08.15	00:44:12.794		0.94140			4
2025.08.15	00:44:13.115		0.94143			4
2025.08.15	00:44:15.513	0.94052				2
2025.08.15	00:44:15.880	0.94051	0.94142			6
2025.08.15	00:44:18.060		0.94140			4
2025.08.15	00:44:20.212		0.94143			4
2025.08.15	00:44:21.143	0.94050	0.94140			6
2025.08.15	00:44:21.496	0.94052	0.94141			6
2025.08.15	00:44:23.042	0.94050	0.94140			6
2025.08.15	00:44:23.355	0.94052	0.94141			6
2025.08.15	00:44:25.729	0.94051	0.94140			6
2025.08.15	00:44:29.078		0.94139			4
2025.08.15	00:44:29.431	0.94052	0.94142			6
2025.08.15	00:44:29.745		0.94141			4
2025.08.15	00:44:30.562	0.94051	0.94139			6
2025.08.15	00:44:31.711		0.94141			4
2025.08.15	00:44:32.018	0.94052				2
2025.08.15	00:44:33.255	0.94051	0.94140			6
2025.08.15	00:44:34.458	0.94053	0.94141			6
2025.08.15	00:44:34.768		0.94140			4
2025.08.15	00:44:42.057	0.94050				2
2025.08.15	00:44:43.478		0.94141			4
2025.08.15	00:44:43.899	0.94049				2
2025.08.15	00:44:45.881		0.94142			4
2025.08.15	00:44:46.812	0.94054	0.94141			6
2025.08.15	00:44:48.607	0.94053				2
2025.08.15	00:44:49.322	0.94038	0.94140			6
2025.08.15	00:44:51.580		0.94139			4
2025.08.15	00:44:53.065	0.94042	0.94140			6
2025.08.15	00:44:59.695	0.94039	0.94133			6
2025.08.15	00:45:00.059	0.94039				2
2025.08.15	00:45:00.459	0.94038	0.94130			6
2025.08.15	00:45:00.798	0.94036				2
2025.08.15	00:45:01.184	0.94035				2
2025.08.15	00:45:01.616	0.94036	0.94129			6
2025.08.15	00:45:01.971	0.94037	0.94130			6
2025.08.15	00:45:02.278		0.94129			4
2025.08.15	00:45:02.960	0.94036				2
2025.08.15	00:45:03.310	0.94002	0.94134			6
2025.08.15	00:45:03.647	0.94001	0.94135			6
2025.08.15	00:45:03.948	0.94000	0.94139			6
2025.08.15	00:45:05.461	0.93999				2
2025.08.15	00:45:06.067	0.94001	0.94138			6
2025.08.15	00:45:06.671	0.94002	0.94136			6
2025.08.15	00:45:06.972	0.94039	0.94124			6
2025.08.15	00:45:08.606	0.94040				2
2025.08.15	00:45:10.553	0.94058	0.94106			6
2025.08.15	00:45:18.426	0.94057				2
2025.08.15	00:45:20.378	0.94058				2
2025.08.15	00:45:23.619	0.94057	0.94107			6
2025.08.15	00:45:26.579		0.94106			4
2025.08.15	00:45:29.988		0.94107			4
2025.08.15	00:45:33.839	0.94060	0.94130			6
2025.08.15	00:45:38.380	0.94055	0.94143			6
2025.08.15	00:45:38.684	0.94050				2
2025.08.15	00:45:39.025	0.94057	0.94154			6
2025.08.15	00:45:39.379	0.94059	0.94152			6
2025.08.15	00:45:39.733	0.94058	0.94153			6
2025.08.15	00:45:40.359	0.94059	0.94152			6
2025.08.15	00:45:40.779		0.94153			4
2025.08.15	00:45:41.230	0.94067	0.94144			6
2025.08.15	00:45:42.293	0.94068				2
2025.08.15	00:45:44.359	0.94069				2
2025.08.15	00:45:45.578	0.94070	0.94143			6
2025.08.15	00:45:48.579	0.94069				2
2025.08.15	00:45:49.053	0.94071	0.94141			6
2025.08.15	00:45:50.977	0.94072	0.94140			6
2025.08.15	00:45:52.617	0.94071	0.94141			6
2025.08.15	00:45:54.883	0.94072	0.94140			6
2025.08.15	00:45:57.724		0.94152			4
2025.08.15	00:45:58.513	0.94073				2
2025.08.15	00:46:00.281	0.94073				2
2025.08.15	00:46:03.879	0.94072				2
2025.08.15	00:46:05.069	0.94071	0.94149			6
2025.08.15	00:46:06.758	0.94070				2
2025.08.15	00:46:08.068	0.94069				2
2025.08.15	00:46:08.472	0.94068	0.94148			6
2025.08.15	00:46:08.979	0.94067				2
2025.08.15	00:46:10.488	0.94068				2
2025.08.15	00:46:19.687	0.94065	0.94151			6
2025.08.15	00:46:20.078	0.94066				2
2025.08.15	00:46:22.179	0.94067				2
2025.08.15	00:46:23.042	0.94066				2
2025.08.15	00:46:27.091	0.94063	0.94148			6
2025.08.15	00:46:33.162	0.94064				2
2025.08.15	00:46:33.519	0.94065				2
2025.08.15	00:46:37.006	0.94064				2
2025.08.15	00:46:38.037	0.94058				2
2025.08.15	00:46:48.376	0.94062	0.94153			6
2025.08.15	00:46:53.037	0.94060				2
2025.08.15	00:46:55.181	0.94061				2
2025.08.15	00:46:58.778	0.94060				2
2025.08.15	00:47:01.564	0.94060				2
2025.08.15	00:47:03.152	0.94041	0.94183			6
2025.08.15	00:47:03.765		0.94178			4
2025.08.15	00:47:05.278	0.94047	0.94180			6
2025.08.15	00:47:05.579	0.94041	0.94183			6
2025.08.15	00:47:07.090	0.94059	0.94158			6
2025.08.15	00:47:07.478	0.94060				2
2025.08.15	00:47:08.038	0.94061				2
2025.08.15	00:47:18.185	0.94060	0.94163			6
2025.08.15	00:47:18.698		0.94159			4
2025.08.15	00:47:19.007	0.94056				2
2025.08.15	00:47:20.075	0.94058				2
2025.08.15	00:47:22.779	0.94059				2
2025.08.15	00:47:24.881	0.94058				2
2025.08.15	00:47:29.150	0.94061				2
2025.08.15	00:47:29.521	0.94062				2
2025.08.15	00:47:31.462	0.94067	0.94165			6
2025.08.15	00:47:31.816	0.94070				2
2025.08.15	00:47:32.118	0.94064				2
2025.08.15	00:47:32.420	0.94063				2
2025.08.15	00:47:32.723	0.94062				2
2025.08.15	00:47:33.027	0.94063				2
2025.08.15	00:47:33.406	0.94064				2
2025.08.15	00:47:34.042	0.94065				2
2025.08.15	00:47:42.279	0.94066				2
2025.08.15	00:47:46.825	0.94065	0.94161			6
2025.08.15	00:47:47.679	0.94066				2
2025.08.15	00:47:51.752		0.94163			4
2025.08.15	00:47:54.878	0.94067				2
2025.08.15	00:47:57.232	0.94066				2
2025.08.15	00:47:57.589	0.94065				2
2025.08.15	00:47:57.922	0.94066				2
2025.08.15	00:47:58.633	0.94064				2
2025.08.15	00:48:00.841	0.94064				2
2025.08.15	00:48:02.097		0.94167			4
2025.08.15	00:48:02.679	0.94065				2
2025.08.15	00:48:06.577	0.94064				2
2025.08.15	00:48:09.364	0.94063				2
2025.08.15	00:48:17.095		0.94168			4
2025.08.15	00:48:18.927	0.94066				2
2025.08.15	00:48:20.291	0.94068	0.94170			6
2025.08.15	00:48:20.722	0.94066	0.94169			6
2025.08.15	00:48:21.752	0.94067				2
2025.08.15	00:48:23.040	0.94070				2
2025.08.15	00:48:23.380	0.94069				2
2025.08.15	00:48:24.009	0.94068				2
2025.08.15	00:48:27.264	0.94067	0.94162			6
2025.08.15	00:48:28.006	0.94069	0.94166			6
2025.08.15	00:48:30.033	0.94066				2
2025.08.15	00:48:30.359	0.94063				2
2025.08.15	00:48:31.940	0.94064				2
2025.08.15	00:48:34.727	0.94065				2
2025.08.15	00:48:37.590	0.94066				2
2025.08.15	00:48:44.878	0.94065				2
2025.08.15	00:48:45.282	0.94066				2
2025.08.15	00:48:47.079	0.94064				2
2025.08.15	00:48:54.887	0.94066				2
2025.08.15	00:48:55.777	0.94068				2
2025.08.15	00:48:56.443	0.94067				2
2025.08.15	00:48:57.446	0.94068				2
2025.08.15	00:48:57.945	0.94067				2
2025.08.15	00:49:00.879	0.94067				2
2025.08.15	00:49:02.080	0.94066				2
2025.08.15	00:49:05.080	0.94067				2
2025.08.15	00:49:05.680	0.94066				2
2025.08.15	00:49:06.287	0.94067				2
2025.08.15	00:49:06.794	0.94064				2
2025.08.15	00:49:07.343	0.94066	0.94162			6
2025.08.15	00:49:09.780	0.94068				2
2025.08.15	00:49:13.553	0.94066	0.94167			6
2025.08.15	00:49:14.051	0.94071	0.94172			6
2025.08.15	00:49:14.427	0.94072				2
2025.08.15	00:49:17.984	0.94073				2
2025.08.15	00:49:24.117	0.94069	0.94167			6
2025.08.15	00:49:24.429		0.94163			4
2025.08.15	00:49:27.578	0.94070	0.94169			6
2025.08.15	00:49:27.968	0.94067				2
2025.08.15	00:49:29.056	0.94072	0.94179			6
2025.08.15	00:49:29.483	0.94074				2
2025.08.15	00:49:38.686	0.94075				2
2025.08.15	00:49:39.328	0.94072				2
2025.08.15	00:49:42.683		0.94175			4
2025.08.15	00:49:44.151	0.94069	0.94169			6
2025.08.15	00:49:53.044	0.94068				2
2025.08.15	00:49:54.542	0.94071				2
2025.08.15	00:49:59.979	0.94070				2
2025.08.15	00:50:01.479	0.94070				2
2025.08.15	00:50:03.196	0.94068	0.94173			6
2025.08.15	00:50:03.692	0.94067	0.94169			6
2025.08.15	00:50:05.873	0.94070				2
2025.08.15	00:50:06.420	0.94067				2
2025.08.15	00:50:10.304	0.94071				2
2025.08.15	00:50:10.918	0.94070				2
2025.08.15	00:50:12.280	0.94071				2
2025.08.15	00:50:13.573	0.94066				2
2025.08.15	00:50:16.491	0.94067				2
2025.08.15	00:50:19.311	0.94066				2
2025.08.15	00:50:20.810	0.94068				2
2025.08.15	00:50:21.429	0.94066				2
2025.08.15	00:50:23.037	0.94069				2
2025.08.15	00:50:27.776	0.94070				2
2025.08.15	00:50:29.162	0.94071				2
2025.08.15	00:50:30.974	0.94070	0.94165			6
2025.08.15	00:50:37.777		0.94169			4
2025.08.15	00:50:45.012	0.94073				2
2025.08.15	00:50:47.787	0.94070				2
2025.08.15	00:50:52.813	0.94069	0.94163			6
2025.08.15	00:50:53.289	0.94072	0.94168			6
2025.08.15	00:50:55.788	0.94070				2
2025.08.15	00:50:56.784	0.94072				2
2025.08.15	00:50:58.817	0.94069				2
2025.08.15	00:51:01.208	0.94069				2
2025.08.15	00:51:03.398	0.94067	0.94164			6
2025.08.15	00:51:05.382	0.94066				2
2025.08.15	00:51:07.816	0.94074	0.94176			6
2025.08.15	00:51:08.252	0.94076				2
2025.08.15	00:51:09.879	0.94075				2
2025.08.15	00:51:13.509	0.94072	0.94170			6
2025.08.15	00:51:14.188	0.94074				2
2025.08.15	00:51:14.494	0.94075				2
2025.08.15	00:51:15.877	0.94074				2
2025.08.15	00:51:21.493	0.94073				2
2025.08.15	00:51:24.056	0.94074				2
2025.08.15	00:51:27.583	0.94071				2
2025.08.15	00:51:34.777	0.94070				2
2025.08.15	00:51:37.326	0.94071				2
2025.08.15	00:51:37.892	0.94070				2
2025.08.15	00:51:38.265	0.94071				2
2025.08.15	00:51:39.048	0.94069	0.94162			6
2025.08.15	00:51:40.359	0.94070	0.94166			6
2025.08.15	00:51:40.694	0.94072				2
2025.08.15	00:51:41.495	0.94071				2
2025.08.15	00:51:51.496	0.94073				2
2025.08.15	00:51:52.243	0.94070	0.94162			6
2025.08.15	00:51:55.696	0.94069				2
2025.08.15	00:51:56.856	0.94073	0.94169			6
2025.08.15	00:52:00.581	0.94073				2
2025.08.15	00:52:02.305	0.94070				2
2025.08.15	00:52:02.802	0.94073				2
2025.08.15	00:52:11.861	0.94074				2
2025.08.15	00:52:12.283	0.94073				2
2025.08.15	00:52:21.074	0.94069				2
2025.08.15	00:52:21.577	0.94073				2
2025.08.15	00:52:24.583	0.94072				2
2025.08.15	00:52:27.374	0.94073				2
2025.08.15	00:52:28.421	0.94069				2
2025.08.15	00:52:32.120	0.94071				2
2025.08.15	00:52:38.037	0.94075				2
2025.08.15	00:52:40.037	0.94079	0.94171			6
2025.08.15	00:52:40.740	0.94081				2
2025.08.15	00:52:43.411	0.94082	0.94175			6
2025.08.15	00:52:47.106	0.94081				2
2025.08.15	00:52:48.960	0.94082				2
2025.08.15	00:52:50.098	0.94081	0.94176			6
2025.08.15	00:52:51.385	0.94082				2
2025.08.15	00:52:52.778	0.94084				2
2025.08.15	00:53:00.275	0.94082				2
2025.08.15	00:53:01.084	0.94079				2
2025.08.15	00:53:02.978	0.94080				2
2025.08.15	00:53:05.109	0.94082				2
2025.08.15	00:53:07.195	0.94083				2
2025.08.15	00:53:07.780	0.94082				2
2025.08.15	00:53:08.853	0.94083				2
2025.08.15	00:53:10.300	0.94082				2
2025.08.15	00:53:15.121	0.94080				2
2025.08.15	00:53:16.723	0.94082				2
2025.08.15	00:53:19.463	0.94080				2
2025.08.15	00:53:21.383	0.94078				2
2025.08.15	00:53:24.011	0.94081				2
2025.08.15	00:53:25.843	0.94080	0.94175			6
2025.08.15	00:53:26.998	0.94083				2
2025.08.15	00:53:28.354	0.94082				2
2025.08.15	00:53:30.068	0.94085				2
2025.08.15	00:53:31.480	0.94084				2
2025.08.15	00:53:32.677	0.94083				2
2025.08.15	00:53:33.940	0.94084	0.94177			6
2025.08.15	00:53:38.065	0.94083	0.94172			6
2025.08.15	00:53:38.367		0.94171			4
2025.08.15	00:53:41.144	0.94088	0.94179			6
2025.08.15	00:53:43.578		0.94175			4
2025.08.15	00:53:45.554	0.94087				2
2025.08.15	00:53:46.724	0.94088				2
2025.08.15	00:53:48.878	0.94089				2
2025.08.15	00:53:50.077	0.94083	0.94177			6
2025.08.15	00:53:50.398	0.94085	0.94175			6
2025.08.15	00:53:50.766	0.94084	0.94177			6
2025.08.15	00:53:55.354	0.94085				2
2025.08.15	00:53:56.184	0.94084				2
2025.08.15	00:53:56.605	0.94038	0.94189			6
2025.08.15	00:53:57.433		0.94176			4
2025.08.15	00:54:00.317	0.94038				2
2025.08.15	00:54:02.892	0.94042	0.94181			6
2025.08.15	00:54:11.620	0.94045	0.94185			6
2025.08.15	00:54:15.016	0.94038	0.94187			6
2025.08.15	00:54:18.749	0.94046				2
2025.08.15	00:54:20.967	0.94041	0.94185			6
2025.08.15	00:54:27.279		0.94181			4
2025.08.15	00:54:29.380	0.94042				2
2025.08.15	00:54:30.150	0.94057	0.94178			6
2025.08.15	00:54:30.467	0.94060				2
2025.08.15	00:54:30.791	0.94046	0.94179			6
2025.08.15	00:54:31.693	0.94050				2
2025.08.15	00:54:32.496		0.94174			4
2025.08.15	00:54:34.174		0.94178			4
2025.08.15	00:54:36.756	0.94052				2
2025.08.15	00:54:37.481	0.94064				2
2025.08.15	00:54:38.065	0.94070	0.94180			6
2025.08.15	00:54:38.378	0.94069	0.94184			6
2025.08.15	00:54:39.000	0.94074	0.94177			6
2025.08.15	00:54:41.002	0.94063	0.94158			6
2025.08.15	00:54:41.467	0.94059				2
2025.08.15	00:54:42.034	0.94060				2
2025.08.15	00:54:49.004	0.94057	0.94153			6
2025.08.15	00:54:49.505	0.94051	0.94146			6
2025.08.15	00:54:49.873	0.94052	0.94152			6
2025.08.15	00:54:50.278	0.94056				2
2025.08.15	00:54:50.683	0.94055	0.94149			6
2025.08.15	00:54:51.682	0.94057	0.94152			6
2025.08.15	00:54:52.609	0.94045	0.94153			6
2025.08.15	00:54:53.116	0.94046				2
2025.08.15	00:54:53.622	0.94047				2
2025.08.15	00:54:54.038	0.94050				2
2025.08.15	00:54:54.352	0.94048				2
2025.08.15	00:54:55.066	0.94052				2
2025.08.15	00:54:55.572	0.94048				2
2025.08.15	00:54:56.082	0.94049				2
2025.08.15	00:54:56.521	0.94047				2
2025.08.15	00:54:56.982	0.94048				2
2025.08.15	00:54:58.193	0.94050				2
2025.08.15	00:55:00.010	0.94050				2
2025.08.15	00:55:01.005	0.94053				2
2025.08.15	00:55:04.782	0.94052				2
2025.08.15	00:55:05.124	0.94055				2
2025.08.15	00:55:08.383	0.94054				2
2025.08.15	00:55:08.844	0.94055				2
2025.08.15	00:55:14.518	0.94056				2
2025.08.15	00:55:15.281	0.94052				2
2025.08.15	00:55:15.664	0.94056				2
2025.08.15	00:55:17.009	0.94055				2
2025.08.15	00:55:21.559	0.94056				2
2025.08.15	00:55:23.157	0.94054				2
2025.08.15	00:55:23.980	0.94053				2
2025.08.15	00:55:25.628	0.94052				2
2025.08.15	00:55:26.077	0.94053	0.94147			6
2025.08.15	00:55:27.066	0.94052				2
2025.08.15	00:55:29.078	0.94051				2
2025.08.15	00:55:32.385	0.94052				2
2025.08.15	00:55:32.843	0.94053				2
2025.08.15	00:55:33.311	0.94054				2
2025.08.15	00:55:38.583	0.94053				2
2025.08.15	00:55:39.151	0.94057				2
2025.08.15	00:55:42.871	0.94058				2
2025.08.15	00:55:47.070	0.94059				2
2025.08.15	00:55:50.015	0.94060				2
2025.08.15	00:55:51.535	0.94059				2
2025.08.15	00:55:53.382	0.94060				2
2025.08.15	00:55:55.180	0.94061				2
2025.08.15	00:56:00.702	0.94061				2
2025.08.15	00:56:06.473	0.94062				2
2025.08.15	00:56:07.191	0.94061				2
2025.08.15	00:56:07.499	0.94060				2
2025.08.15	00:56:08.680	0.94061				2
2025.08.15	00:56:14.049	0.94062				2
2025.08.15	00:56:21.137		0.94144			4
2025.08.15	00:56:22.688	0.94063				2
2025.08.15	00:56:29.116	0.94062				2
2025.08.15	00:56:29.679	0.94063				2
2025.08.15	00:56:38.079	0.94064				2
2025.08.15	00:56:38.685	0.94063				2
2025.08.15	00:56:40.795	0.94060				2
2025.08.15	00:56:44.103	0.94061				2
2025.08.15	00:56:48.098	0.94062				2
2025.08.15	00:56:48.518	0.94061				2
2025.08.15	00:56:50.071	0.94065				2
2025.08.15	00:56:52.009	0.94064				2
2025.08.15	00:56:58.481	0.94065				2
2025.08.15	00:57:00.700	0.94065				2
2025.08.15	00:57:05.629	0.94066				2
2025.08.15	00:57:11.682	0.94067				2
2025.08.15	00:57:16.138		0.94145			4
2025.08.15	00:57:20.682	0.94068				2
2025.08.15	00:57:21.795	0.94067				2
2025.08.15	00:57:23.558	0.94068				2
2025.08.15	00:57:25.644	0.94065				2
2025.08.15	00:57:32.379	0.94066				2
2025.08.15	00:57:34.481	0.94065				2
2025.08.15	00:57:35.070	0.94068				2
2025.08.15	00:57:41.080	0.94069				2
2025.08.15	00:57:42.963	0.94068				2
2025.08.15	00:57:44.436		0.94141			4
2025.08.15	00:57:44.839		0.94142			4
2025.08.15	00:57:47.384	0.94069				2
2025.08.15	00:57:48.065		0.94141			4
2025.08.15	00:57:49.350	0.94070				2
2025.08.15	00:57:50.852	0.94069				2
2025.08.15	00:57:54.151	0.94070				2
2025.08.15	00:57:54.571	0.94069	0.94142			6
2025.08.15	00:57:56.159	0.94070	0.94145			6
2025.08.15	00:58:01.179	0.94070				2
2025.08.15	00:58:08.005	0.94074	0.94161			6
2025.08.15	00:58:08.677	0.94076	0.94150			6
2025.08.15	00:58:10.491	0.94071				2
2025.08.15	00:58:12.578	0.94072				2
2025.08.15	00:58:14.103	0.94071				2
2025.08.15	00:58:16.281	0.94072				2
2025.08.15	00:58:20.070	0.94077				2
2025.08.15	00:58:22.789	0.94075				2
2025.08.15	00:58:24.281	0.94076				2
2025.08.15	00:58:26.854	0.94077				2
2025.08.15	00:58:31.779	0.94074	0.94153			6
2025.08.15	00:58:37.180	0.94075				2
2025.08.15	00:58:42.264	0.94068				2
2025.08.15	00:58:43.209	0.94064				2
2025.08.15	00:58:46.177	0.94065				2
2025.08.15	00:58:50.959	0.94064				2
2025.08.15	00:58:52.357	0.94063				2
2025.08.15	00:58:55.618	0.94065				2
2025.08.15	00:58:56.259	0.94064				2
2025.08.15	00:58:57.864	0.94063				2
2025.08.15	00:58:58.217	0.94060				2
2025.08.15	00:59:00.088	0.94060				2
2025.08.15	00:59:03.094	0.94057				2
2025.08.15	00:59:03.400	0.94056				2
2025.08.15	00:59:09.799	0.94055				2
2025.08.15	00:59:12.611	0.94054				2
2025.08.15	00:59:18.171	0.94053				2
2025.08.15	00:59:24.031	0.94054				2
2025.08.15	00:59:26.353	0.94055				2
2025.08.15	00:59:32.986		0.94153			4
2025.08.15	00:59:33.360	0.94054				2
2025.08.15	00:59:33.798	0.94055				2
2025.08.15	00:59:35.079	0.94054				2
2025.08.15	00:59:35.420	0.94056				2
2025.08.15	00:59:37.041	0.94053				2
2025.08.15	00:59:38.042	0.94055				2
2025.08.15	00:59:38.351	0.94053				2
2025.08.15	00:59:38.696	0.94054				2
2025.08.15	00:59:39.125	0.94055				2
2025.08.15	00:59:58.248	0.94054				2
2025.08.15	01:00:00.002	0.94053				2
2025.08.15	01:00:00.306	0.94055				2
2025.08.15	01:00:00.997	0.94056				2
2025.08.15	01:00:01.415	0.94051	0.94148			6
2025.08.15	01:00:01.736	0.94043	0.94143			6
2025.08.15	01:00:02.038		0.94128			4
2025.08.15	01:00:02.840	0.94041	0.94138			6
2025.08.15	01:00:03.143		0.94129			4
2025.08.15	01:00:03.462	0.94016	0.94211			6
2025.08.15	01:00:03.800	0.94017				2
2025.08.15	01:00:04.407	0.94016				2
2025.08.15	01:00:04.710	0.94022	0.94208			6
2025.08.15	01:00:05.012	0.94024	0.94159			6
2025.08.15	01:00:05.316	0.94025	0.94157			6
2025.08.15	01:00:05.922	0.94024	0.94158			6
2025.08.15	01:00:06.223	0.94025				2
2025.08.15	01:00:06.528	0.94027	0.94157			6
2025.08.15	01:00:06.828	0.94029	0.94154			6
2025.08.15	01:00:07.133	0.94049	0.94126			6
2025.08.15	01:00:07.443	0.94051	0.94130			6
2025.08.15	01:00:07.748	0.94053				2
2025.08.15	01:00:08.051	0.94054				2
2025.08.15	01:00:08.366	0.94053				2
2025.08.15	01:00:08.671	0.94054	0.94120			6
2025.08.15	01:00:09.494	0.94052	0.94113			6
2025.08.15	01:00:10.329	0.94060	0.94123			6
2025.08.15	01:00:10.633	0.94061				2
2025.08.15	01:00:12.359	0.94064	0.94120			6
2025.08.15	01:00:13.282	0.94063	0.94119			6
2025.08.15	01:00:14.875	0.94065	0.94122			6
2025.08.15	01:00:16.179	0.94067	0.94126			6
2025.08.15	01:00:16.484		0.94125			4
2025.08.15	01:00:16.854	0.94054	0.94122			6
2025.08.15	01:00:17.740	0.94066				2
2025.08.15	01:00:18.994	0.94067				2
2025.08.15	01:00:19.543	0.94068				2
2025.08.15	01:00:19.903	0.94070				2
2025.08.15	01:00:20.236	0.94064	0.94112			6
2025.08.15	01:00:22.208	0.94058	0.94123			6
2025.08.15	01:00:23.520	0.94055				2
2025.08.15	01:00:23.939	0.94056				2
2025.08.15	01:00:24.980	0.94057				2
2025.08.15	01:00:25.329	0.94056	0.94120			6
2025.08.15	01:00:26.008	0.94055	0.94115			6
2025.08.15	01:00:26.546	0.94059	0.94108			6
2025.08.15	01:00:26.849	0.94058	0.94107			6
2025.08.15	01:00:27.576	0.94059	0.94106			6
2025.08.15	01:00:29.283	0.94057	0.94107			6
2025.08.15	01:00:29.603		0.94108			4
2025.08.15	01:00:29.978	0.94058				2
2025.08.15	01:00:30.684		0.94107			4
2025.08.15	01:00:31.705	0.94061				2
2025.08.15	01:00:32.587	0.94062				2
2025.08.15	01:00:32.898	0.94072	0.94106			6
2025.08.15	01:00:33.217	0.94074	0.94105			6
2025.08.15	01:00:33.879	0.94076	0.94108			6
2025.08.15	01:00:34.356	0.94070				2
2025.08.15	01:00:34.755	0.94071				2
2025.08.15	01:00:35.099	0.94065				2
2025.08.15	01:00:37.351	0.94074	0.94107			6
2025.08.15	01:00:37.689		0.94101			4
2025.08.15	01:00:40.685	0.94075				2
2025.08.15	01:00:42.190	0.94074				2
2025.08.15	01:00:42.513		0.94105			4
2025.08.15	01:00:45.584	0.94073	0.94106			6
2025.08.15	01:00:46.185	0.94077				2
2025.08.15	01:00:52.353	0.94073				2
2025.08.15	01:01:00.305	0.94072	0.94108			6
2025.08.15	01:01:01.442		0.94107			4
2025.08.15	01:01:01.760		0.94106			4
2025.08.15	01:01:02.351		0.94107			4
2025.08.15	01:01:03.442		0.94108			4
2025.08.15	01:01:03.900	0.94073				2
2025.08.15	01:01:04.264	0.94074				2
2025.08.15	01:01:04.587		0.94107			4
2025.08.15	01:01:05.077		0.94108			4
2025.08.15	01:01:05.392		0.94106			4
2025.08.15	01:01:09.121		0.94108			4
2025.08.15	01:01:09.453	0.94078				2
2025.08.15	01:01:09.761	0.94079				2
2025.08.15	01:01:10.229		0.94109			4
2025.08.15	01:01:10.570	0.94080	0.94112			6
2025.08.15	01:01:11.185	0.94081				2
2025.08.15	01:01:11.534	0.94071	0.94111			6
2025.08.15	01:01:11.835	0.94079				2
2025.08.15	01:01:16.353		0.94109			4
2025.08.15	01:01:17.992		0.94111			4
2025.08.15	01:01:18.353	0.94068	0.94107			6
2025.08.15	01:01:18.788	0.94075	0.94113			6
2025.08.15	01:01:19.734	0.94074	0.94114			6
2025.08.15	01:01:20.060		0.94113			4
2025.08.15	01:01:21.278	0.94075	0.94112			6
2025.08.15	01:01:26.197	0.94071				2
2025.08.15	01:01:27.778	0.94073				2
2025.08.15	01:01:28.298	0.94079	0.94116			6
2025.08.15	01:01:28.623		0.94115			4
2025.08.15	01:01:28.955		0.94110			4
2025.08.15	01:01:31.830		0.94111			4
2025.08.15	01:01:32.167		0.94110			4
2025.08.15	01:01:33.195	0.94071	0.94113			6
2025.08.15	01:01:33.497	0.94074	0.94114			6
2025.08.15	01:01:33.880		0.94113			4
2025.08.15	01:01:34.372	0.94073	0.94111			6
2025.08.15	01:01:34.688	0.94072	0.94110			6
2025.08.15	01:01:34.999	0.94071	0.94108			6
2025.08.15	01:01:35.726	0.94074	0.94109			6
2025.08.15	01:01:36.786	0.94070	0.94105			6
2025.08.15	01:01:37.099	0.94069	0.94106			6
2025.08.15	01:01:38.078	0.94070				2
2025.08.15	01:01:38.474		0.94105			4
2025.08.15	01:01:38.843	0.94074				2
2025.08.15	01:01:39.150		0.94108			4
2025.08.15	01:01:41.278		0.94107			4
2025.08.15	01:01:41.997		0.94104			4
2025.08.15	01:01:44.557	0.94072	0.94108			6
2025.08.15	01:01:45.591	0.94074				2
2025.08.15	01:01:46.569		0.94111			4
2025.08.15	01:01:48.277	0.94068	0.94106			6
2025.08.15	01:01:49.513	0.94067				2
2025.08.15	01:01:49.856	0.94068				2
2025.08.15	01:01:51.674		0.94105			4
2025.08.15	01:01:53.980	0.94067	0.94106			6
2025.08.15	01:01:54.648	0.94069	0.94104			6
2025.08.15	01:01:56.379		0.94103			4
2025.08.15	01:01:56.955	0.94068				2
2025.08.15	01:01:57.387	0.94069	0.94102			6
2025.08.15	01:02:00.370	0.94069				2
2025.08.15	01:02:03.333	0.94074	0.94110			6
2025.08.15	01:02:05.127	0.94080	0.94111			6
2025.08.15	01:02:05.433	0.94081				2
2025.08.15	01:02:06.350	0.94073	0.94110			6
2025.08.15	01:02:06.658	0.94070	0.94105			6
2025.08.15	01:02:09.357	0.94074				2
2025.08.15	01:02:12.881		0.94104			4
2025.08.15	01:02:15.889	0.94075				2
2025.08.15	01:02:19.324	0.94072				2
2025.08.15	01:02:19.636	0.94071				2
2025.08.15	01:02:20.680	0.94074				2
2025.08.15	01:02:22.268	0.94076	0.94103			6
2025.08.15	01:02:26.917	0.94072				2
2025.08.15	01:02:28.344	0.94073				2
2025.08.15	01:02:34.486	0.94074				2
2025.08.15	01:02:38.155	0.94075				2
2025.08.15	01:02:39.158	0.94073				2
2025.08.15	01:02:44.512	0.94075				2
2025.08.15	01:02:45.464		0.94102			4
2025.08.15	01:02:45.768	0.94074	0.94103			6
2025.08.15	01:02:46.920		0.94102			4
2025.08.15	01:02:50.383	0.94073	0.94101			6
2025.08.15	01:02:53.074	0.94077				2
2025.08.15	01:02:56.394		0.94100			4
2025.08.15	01:02:57.288		0.94101			4
2025.08.15	01:02:58.595	0.94075				2
2025.08.15	01:03:00.459	0.94076				2
2025.08.15	01:03:02.378		0.94100			4
2025.08.15	01:03:03.626		0.94102			4
2025.08.15	01:03:04.355	0.94077				2
2025.08.15	01:03:06.325		0.94103			4
2025.08.15	01:03:09.280		0.94102			4
2025.08.15	01:03:13.303	0.94075				2
2025.08.15	01:03:14.328	0.94076				2
2025.08.15	01:03:19.746	0.94075				2
2025.08.15	01:03:20.186	0.94077				2
2025.08.15	01:03:22.696	0.94076	0.94101			6
2025.08.15	01:03:23.210	0.94077	0.94100			6
2025.08.15	01:03:23.679		0.94101			4
2025.08.15	01:03:25.252	0.94075				2
2025.08.15	01:03:30.146	0.94076				2
2025.08.15	01:03:33.592	0.94077				2
2025.08.15	01:03:35.079	0.94076				2
2025.08.15	01:03:38.497	0.94075				2
2025.08.15	01:03:42.280		0.94100			4
2025.08.15	01:03:44.393	0.94074				2
2025.08.15	01:03:45.491	0.94077				2
2025.08.15	01:03:51.187	0.94074				2
2025.08.15	01:03:56.306		0.94101			4
2025.08.15	01:03:59.378		0.94100			4
2025.08.15	01:04:00.315	0.94074				2
2025.08.15	01:04:07.325		0.94099			4
2025.08.15	01:04:15.441	0.94077				2
2025.08.15	01:04:21.058	0.94074				2
2025.08.15	01:04:28.779		0.94098			4
2025.08.15	01:04:29.509	0.94079	0.94102			6
2025.08.15	01:04:29.819		0.94109			4
2025.08.15	01:04:30.315	0.94078				2
2025.08.15	01:04:30.876		0.94108			4
2025.08.15	01:04:36.285	0.94079	0.94107			6
2025.08.15	01:04:38.079		0.94108			4
2025.08.15	01:04:40.077	0.94080				2
2025.08.15	01:04:42.343		0.94107			4
2025.08.15	01:04:56.378	0.94081	0.94108			6
2025.08.15	01:04:57.976	0.94082				2
2025.08.15	01:04:58.973	0.94083				2
2025.08.15	01:05:00.280	0.94089	0.94110			6
2025.08.15	01:05:00.672	0.94085	0.94107			6
2025.08.15	01:05:01.431	0.94086				2
2025.08.15	01:05:02.354	0.94085				2
2025.08.15	01:05:02.679		0.94108			4
2025.08.15	01:05:03.977		0.94107			4
2025.08.15	01:05:14.061		0.94108			4
2025.08.15	01:05:23.081		0.94107			4
2025.08.15	01:05:31.118	0.94084				2
2025.08.15	01:05:31.422		0.94106			4
2025.08.15	01:06:00.209	0.94082	0.94107			6
2025.08.15	01:06:00.535	0.94083	0.94104			6
2025.08.15	01:06:04.829	0.94085	0.94109			6
2025.08.15	01:06:05.209	0.94084	0.94108			6
2025.08.15	01:06:05.512		0.94110			4
2025.08.15	01:06:08.679		0.94109			4
2025.08.15	01:06:12.447	0.94085	0.94110			6
2025.08.15	01:06:16.539	0.94084				2
2025.08.15	01:06:17.136		0.94109			4
2025.08.15	01:06:41.917		0.94110			4
2025.08.15	01:06:43.780		0.94109			4
2025.08.15	01:07:01.432	0.94083	0.94106			6
2025.08.15	01:07:01.740	0.94081	0.94104			6
2025.08.15	01:07:02.679	0.94086	0.94112			6
2025.08.15	01:07:02.998		0.94111			4
2025.08.15	01:07:03.309	0.94084	0.94112			6
2025.08.15	01:07:09.279		0.94111			4
2025.08.15	01:07:19.489	0.94082				2
2025.08.15	01:07:23.104		0.94108			4
2025.08.15	01:07:27.673	0.94081	0.94104			6
2025.08.15	01:07:33.685	0.94080	0.94103			6
2025.08.15	01:07:35.998	0.94081				2
2025.08.15	01:07:41.421	0.94080				2
2025.08.15	01:07:51.110	0.94081				2
2025.08.15	01:07:55.696	0.94080				2
2025.08.15	01:07:57.131	0.94079	0.94101			6
2025.08.15	01:07:58.483	0.94078				2
2025.08.15	01:08:01.780	0.94079				2
2025.08.15	01:08:18.424		0.94100			4
2025.08.15	01:08:22.179		0.94101			4
2025.08.15	01:08:23.125	0.94082	0.94100			6
2025.08.15	01:08:25.355	0.94081	0.94096			6
2025.08.15	01:08:42.768		0.94097			4
2025.08.15	01:08:45.693	0.94083	0.94103			6
2025.08.15	01:08:54.926		0.94105			4
2025.08.15	01:08:56.009		0.94104			4
2025.08.15	01:09:00.332	0.94083				2
2025.08.15	01:09:00.692		0.94103			4
2025.08.15	01:09:01.981		0.94106			4
2025.08.15	01:09:04.300	0.94085	0.94104			6
2025.08.15	01:09:12.695		0.94103			4
2025.08.15	01:09:14.755	0.94084	0.94099			6
2025.08.15	01:09:15.277		0.94098			4
2025.08.15	01:09:19.932		0.94099			4
2025.08.15	01:09:21.186	0.94083				2
2025.08.15	01:09:22.386		0.94100			4
2025.08.15	01:09:23.958		0.94101			4
2025.08.15	01:09:25.108		0.94099			4
2025.08.15	01:09:26.680		0.94100			4
2025.08.15	01:09:29.586		0.94098			4
2025.08.15	01:09:37.346		0.94102			4
2025.08.15	01:09:40.178		0.94101			4
2025.08.15	01:09:51.312		0.94103			4
2025.08.15	01:10:00.303	0.94089	0.94102			6
2025.08.15	01:10:00.607	0.94085	0.94107			6
2025.08.15	01:10:01.083		0.94106			4
2025.08.15	01:10:01.495	0.94086	0.94102			6
2025.08.15	01:10:02.679		0.94103			4
2025.08.15	01:10:03.549	0.94084	0.94104			6
2025.08.15	01:10:10.910	0.94086				2
2025.08.15	01:10:12.063	0.94085	0.94106			6
2025.08.15	01:10:12.433	0.94087	0.94103			6
2025.08.15	01:10:14.152		0.94104			4
2025.08.15	01:10:17.915		0.94106			4
2025.08.15	01:10:18.357	0.94085				2
2025.08.15	01:10:18.987		0.94105			4
2025.08.15	01:10:20.713		0.94101			4
2025.08.15	01:10:22.352		0.94103			4
2025.08.15	01:10:26.077		0.94102			4
2025.08.15	01:10:26.735	0.94084	0.94103			6
2025.08.15	01:10:28.271	0.94083	0.94101			6
2025.08.15	01:10:29.897	0.94082	0.94100			6
2025.08.15	01:10:30.703		0.94099			4
2025.08.15	01:10:31.518	0.94081				2
2025.08.15	01:10:31.906	0.94082				2
2025.08.15	01:10:40.669	0.94081				2
2025.08.15	01:10:42.880		0.94100			4
2025.08.15	01:10:47.522	0.94080	0.94097			6
2025.08.15	01:10:49.956		0.94096			4
2025.08.15	01:10:56.556		0.94095			4
2025.08.15	01:10:57.151		0.94097			4
2025.08.15	01:10:58.467		0.94096			4
2025.08.15	01:11:00.368	0.94080				2
2025.08.15	01:11:02.007	0.94079	0.94097			6
2025.08.15	01:11:07.044	0.94076	0.94096			6
2025.08.15	01:11:07.356	0.94077				2
2025.08.15	01:11:08.680	0.94076				2
2025.08.15	01:11:13.325	0.94078	0.94094			6
2025.08.15	01:11:20.378	0.94079				2
2025.08.15	01:11:20.698	0.94081	0.94096			6
2025.08.15	01:11:22.057	0.94080	0.94097			6
2025.08.15	01:11:25.704	0.94081	0.94099			6
2025.08.15	01:11:26.042		0.94102			4
2025.08.15	01:11:26.979		0.94101			4
2025.08.15	01:11:29.708		0.94102			4
2025.08.15	01:11:38.453	0.94083	0.94101			6
2025.08.15	01:11:40.462	0.94080	0.94099			6
2025.08.15	01:11:41.360	0.94081				2
2025.08.15	01:11:42.946		0.94100			4
2025.08.15	01:11:46.779		0.94099			4
2025.08.15	01:11:47.467	0.94080	0.94098			6
2025.08.15	01:11:56.081		0.94099			4
2025.08.15	01:11:58.776		0.94098			4
2025.08.15	01:12:00.653	0.94080				2
2025.08.15	01:12:07.779		0.94099			4
2025.08.15	01:12:13.179		0.94098			4
2025.08.15	01:12:37.779		0.94099			4
2025.08.15	01:12:45.900	0.94078	0.94093			6
2025.08.15	01:12:48.833		0.94094			4
2025.08.15	01:12:53.283		0.94095			4
2025.08.15	01:12:58.751		0.94093			4
2025.08.15	01:13:00.836	0.94078				2
2025.08.15	01:13:03.908	0.94076	0.94092			6
2025.08.15	01:13:04.218	0.94073	0.94091			6
2025.08.15	01:13:05.078		0.94090			4
2025.08.15	01:13:10.390	0.94074	0.94093			6
2025.08.15	01:13:13.504	0.94078				2
2025.08.15	01:13:15.586	0.94076	0.94092			6
2025.08.15	01:13:28.607		0.94091			4
2025.08.15	01:13:32.419	0.94077	0.94092			6
2025.08.15	01:13:34.779	0.94076				2
2025.08.15	01:13:37.374	0.94078				2
2025.08.15	01:13:38.378		0.94093			4
2025.08.15	01:13:40.182		0.94092			4
2025.08.15	01:13:46.247		0.94093			4
2025.08.15	01:13:56.807		0.94092			4
2025.08.15	01:14:00.822	0.94078				2
2025.08.15	01:14:03.518		0.94093			4
2025.08.15	01:14:13.098	0.94077				2
2025.08.15	01:14:15.284	0.94078	0.94094			6
2025.08.15	01:14:16.387	0.94081	0.94095			6
2025.08.15	01:14:18.134		0.94096			4
2025.08.15	01:14:19.480		0.94095			4
2025.08.15	01:14:23.910	0.94080	0.94094			6
2025.08.15	01:14:24.278	0.94081	0.94095			6
2025.08.15	01:14:42.445	0.94079	0.94094			6
2025.08.15	01:14:47.671	0.94078				2
2025.08.15	01:14:50.677	0.94079				2
2025.08.15	01:14:55.780	0.94080	0.94093			6
2025.08.15	01:14:57.282	0.94079				2
2025.08.15	01:15:00.381	0.94080				2
2025.08.15	01:15:00.934	0.94079				2
2025.08.15	01:15:01.478	0.94078	0.94092			6
2025.08.15	01:15:02.081		0.94093			4
2025.08.15	01:15:02.497	0.94079				2
2025.08.15	01:15:14.371	0.94077	0.94091			6
2025.08.15	01:15:15.209	0.94076	0.94090			6
2025.08.15	01:15:16.676	0.94077	0.94091			6
2025.08.15	01:15:19.403	0.94075	0.94090			6
2025.08.15	01:15:19.711	0.94076	0.94093			6
2025.08.15	01:15:20.365	0.94074	0.94094			6
2025.08.15	01:15:21.051	0.94075	0.94093			6
2025.08.15	01:15:22.566		0.94094			4
2025.08.15	01:15:24.580	0.94076				2
2025.08.15	01:15:30.866	0.94075				2
2025.08.15	01:15:31.778	0.94076				2
2025.08.15	01:15:34.778		0.94093			4
2025.08.15	01:15:42.660	0.94074	0.94087			6
2025.08.15	01:15:43.377	0.94069				2
2025.08.15	01:15:45.598		0.94088			4
2025.08.15	01:15:48.787		0.94087			4
2025.08.15	01:15:54.660		0.94088			4
2025.08.15	01:15:55.554		0.94087			4
2025.08.15	01:15:58.747		0.94088			4
2025.08.15	01:15:59.377		0.94087			4
2025.08.15	01:16:00.890	0.94069	0.94088			6
2025.08.15	01:16:02.889		0.94087			4
2025.08.15	01:16:04.329		0.94086			4
2025.08.15	01:16:04.742	0.94068				2
2025.08.15	01:16:05.602		0.94087			4
2025.08.15	01:16:08.760		0.94086			4
2025.08.15	01:16:09.452		0.94087			4
2025.08.15	01:16:10.492		0.94086			4
2025.08.15	01:16:13.199		0.94087			4
2025.08.15	01:16:17.799		0.94086			4
2025.08.15	01:16:18.129		0.94087			4
2025.08.15	01:16:18.844		0.94085			4
2025.08.15	01:16:19.253		0.94086			4
2025.08.15	01:16:19.625		0.94085			4
2025.08.15	01:16:19.988		0.94086			4
2025.08.15	01:16:21.751		0.94085			4
2025.08.15	01:16:22.076		0.94086			4
2025.08.15	01:16:25.777		0.94085			4
2025.08.15	01:16:26.148		0.94086			4
2025.08.15	01:16:28.919		0.94085			4
2025.08.15	01:16:29.493		0.94086			4
2025.08.15	01:16:30.482		0.94087			4
2025.08.15	01:16:31.169		0.94086			4
2025.08.15	01:16:32.156	0.94070	0.94087			6
2025.08.15	01:16:32.811		0.94088			4
2025.08.15	01:16:34.552		0.94087			4
2025.08.15	01:16:35.394		0.94088			4
2025.08.15	01:16:36.742		0.94087			4
2025.08.15	01:16:37.215	0.94071	0.94088			6
2025.08.15	01:16:37.516		0.94087			4
2025.08.15	01:16:37.908		0.94088			4
2025.08.15	01:16:38.552		0.94087			4
2025.08.15	01:16:40.586		0.94089			4
2025.08.15	01:16:40.891		0.94088			4
2025.08.15	01:16:41.926		0.94087			4
2025.08.15	01:16:42.442		0.94089			4
2025.08.15	01:16:42.798		0.94087			4
2025.08.15	01:16:43.630		0.94088			4
2025.08.15	01:16:44.709		0.94089			4
2025.08.15	01:16:45.807		0.94087			4
2025.08.15	01:16:50.376		0.94089			4
2025.08.15	01:16:51.467		0.94087			4
2025.08.15	01:16:53.503	0.94070				2
2025.08.15	01:16:58.360	0.94072	0.94089			6
2025.08.15	01:17:00.663	0.94072	0.94088			6
2025.08.15	01:17:00.968		0.94089			4
2025.08.15	01:17:01.282	0.94069	0.94086			6
2025.08.15	01:17:04.245	0.94070				2
2025.08.15	01:17:04.576		0.94087			4
2025.08.15	01:17:06.648		0.94086			4
2025.08.15	01:17:07.464	0.94075	0.94090			6
2025.08.15	01:17:10.782	0.94076	0.94091			6
2025.08.15	01:17:15.134	0.94075				2
2025.08.15	01:17:15.496	0.94076				2
2025.08.15	01:17:23.113	0.94075				2
2025.08.15	01:17:25.689	0.94076				2
2025.08.15	01:17:45.646	0.94075				2
2025.08.15	01:17:47.381	0.94076				2
2025.08.15	01:17:55.721	0.94075				2
2025.08.15	01:18:01.184	0.94075				2
2025.08.15	01:18:03.780		0.94090			4
2025.08.15	01:18:17.538	0.94076	0.94091			6
2025.08.15	01:18:36.315		0.94092			4
2025.08.15	01:18:37.403		0.94091			4
2025.08.15	01:18:38.066		0.94092			4
2025.08.15	01:18:38.448		0.94091			4
2025.08.15	01:18:42.454	0.94073	0.94090			6
2025.08.15	01:18:44.286		0.94089			4
2025.08.15	01:18:49.652	0.94074				2
2025.08.15	01:18:52.156	0.94073				2
2025.08.15	01:18:52.778	0.94074				2
2025.08.15	01:18:55.267	0.94073				2
2025.08.15	01:18:55.919	0.94074				2
2025.08.15	01:18:57.340	0.94073				2
2025.08.15	01:18:58.006	0.94074				2
2025.08.15	01:18:59.419	0.94073				2
2025.08.15	01:19:00.196	0.94073				2
2025.08.15	01:19:00.970	0.94072				2
2025.08.15	01:19:04.052	0.94074				2
2025.08.15	01:19:05.379	0.94073				2
2025.08.15	01:19:27.897	0.94076	0.94088			6
2025.08.15	01:19:28.198	0.94075	0.94089			6
2025.08.15	01:19:28.995		0.94088			4
2025.08.15	01:19:30.473		0.94089			4
2025.08.15	01:19:30.878		0.94088			4
2025.08.15	01:19:31.547		0.94089			4
2025.08.15	01:19:32.164		0.94088			4
2025.08.15	01:19:32.679		0.94089			4
2025.08.15	01:19:41.432	0.94073	0.94088			6
2025.08.15	01:19:42.519	0.94074				2
2025.08.15	01:19:43.560	0.94075				2
2025.08.15	01:19:44.979	0.94074				2
2025.08.15	01:19:49.162		0.94089			4
2025.08.15	01:19:50.081		0.94088			4
2025.08.15	01:19:55.381	0.94073	0.94089			6
2025.08.15	01:19:55.984	0.94074	0.94088			6
2025.08.15	01:20:00.122	0.94074				2
2025.08.15	01:20:01.162	0.94075				2
2025.08.15	01:20:08.827	0.94073	0.94089			6
2025.08.15	01:20:09.137	0.94074				2
2025.08.15	01:20:09.445	0.94075	0.94088			6
2025.08.15	01:20:09.821	0.94074				2
2025.08.15	01:20:10.969		0.94089			4
2025.08.15	01:20:11.378		0.94088			4
2025.08.15	01:20:14.236		0.94089			4
2025.08.15	01:20:14.623		0.94088			4
2025.08.15	01:20:21.551	0.94075				2
2025.08.15	01:20:21.873	0.94074				2
2025.08.15	01:20:24.656	0.94075				2
2025.08.15	01:20:24.982	0.94074				2
2025.08.15	01:20:26.014		0.94089			4
2025.08.15	01:20:26.390		0.94088			4
2025.08.15	01:20:32.978	0.94073	0.94086			6
2025.08.15	01:20:33.282		0.94087			4
2025.08.15	01:20:36.240		0.94088			4
2025.08.15	01:20:40.355		0.94087			4
2025.08.15	01:20:42.586		0.94088			4
2025.08.15	01:20:51.578		0.94087			4
2025.08.15	01:20:52.942		0.94088			4
2025.08.15	01:20:55.430		0.94087			4
2025.08.15	01:20:57.566		0.94088			4
2025.08.15	01:21:00.505	0.94073				2
2025.08.15	01:21:05.679		0.94089			4
2025.08.15	01:21:05.987		0.94088			4
2025.08.15	01:21:12.573		0.94089			4
2025.08.15	01:21:12.889		0.94088			4
2025.08.15	01:21:19.781		0.94089			4
2025.08.15	01:21:20.134		0.94088			4
2025.08.15	01:21:36.278		0.94089			4
2025.08.15	01:21:36.708		0.94088			4
2025.08.15	01:21:38.637		0.94089			4
2025.08.15	01:21:39.578		0.94088			4
2025.08.15	01:21:47.580		0.94089			4
2025.08.15	01:21:58.771		0.94088			4
2025.08.15	01:22:00.654	0.94073				2
2025.08.15	01:22:01.014		0.94089			4
2025.08.15	01:22:01.996	0.94074	0.94090			6
2025.08.15	01:22:02.697	0.94073	0.94089			6
2025.08.15	01:22:04.158	0.94074	0.94088			6
2025.08.15	01:22:05.502	0.94076				2
2025.08.15	01:22:07.478		0.94089			4
2025.08.15	01:22:10.178	0.94075				2
2025.08.15	01:22:11.797	0.94076				2
2025.08.15	01:22:12.962	0.94075				2
2025.08.15	01:22:15.015	0.94076				2
2025.08.15	01:22:15.690	0.94075				2
2025.08.15	01:22:16.599	0.94076				2
2025.08.15	01:22:17.108	0.94075				2
2025.08.15	01:22:17.679	0.94076				2
2025.08.15	01:22:18.878	0.94075				2
2025.08.15	01:22:23.678	0.94076				2
2025.08.15	01:22:27.050		0.94090			4
2025.08.15	01:22:28.272	0.94075				2
2025.08.15	01:22:30.364	0.94076				2
2025.08.15	01:22:32.079	0.94075				2
2025.08.15	01:22:35.380	0.94076	0.94089			6
2025.08.15	01:22:36.879	0.94075	0.94090			6
2025.08.15	01:22:38.572	0.94076				2
2025.08.15	01:22:39.863	0.94075				2
2025.08.15	01:22:41.476	0.94076	0.94089			6
2025.08.15	01:22:42.998	0.94075	0.94090			6
2025.08.15	01:22:44.584	0.94076	0.94089			6
2025.08.15	01:22:45.879	0.94075	0.94090			6
2025.08.15	01:22:47.081	0.94076				2
2025.08.15	01:22:48.878	0.94075				2
2025.08.15	01:22:52.884	0.94076	0.94089			6
2025.08.15	01:22:54.390	0.94075	0.94090			6
2025.08.15	01:22:55.414	0.94072	0.94087			6
2025.08.15	01:22:55.723		0.94086			4
2025.08.15	01:23:00.279	0.94072				2
2025.08.15	01:23:03.845	0.94071	0.94087			6
2025.08.15	01:23:06.878	0.94072				2
2025.08.15	01:23:15.977	0.94071				2
2025.08.15	01:23:18.116	0.94072				2
2025.08.15	01:23:51.878	0.94071				2
2025.08.15	01:23:56.085		0.94088			4
2025.08.15	01:24:02.058	0.94071				2
2025.08.15	01:24:03.878		0.94087			4
2025.08.15	01:24:06.578		0.94088			4
2025.08.15	01:24:45.881	0.94075	0.94089			6
2025.08.15	01:24:47.298		0.94088			4
2025.08.15	01:24:48.581		0.94089			4
2025.08.15	01:24:51.040		0.94088			4
2025.08.15	01:24:51.377	0.94076				2
2025.08.15	01:24:52.068	0.94075	0.94089			6
2025.08.15	01:24:53.114	0.94076				2
2025.08.15	01:24:54.146	0.94075				2
2025.08.15	01:24:54.506	0.94076	0.94088			6
2025.08.15	01:24:55.179	0.94075	0.94089			6
2025.08.15	01:24:55.549	0.94076	0.94088			6
2025.08.15	01:24:56.071	0.94075	0.94089			6
2025.08.15	01:24:56.420	0.94076	0.94088			6
2025.08.15	01:24:58.778	0.94077				2
2025.08.15	01:25:00.035	0.94077				2
2025.08.15	01:25:01.396		0.94089			4
2025.08.15	01:25:02.426		0.94088			4
2025.08.15	01:25:10.717		0.94089			4
2025.08.15	01:25:11.516	0.94076				2
2025.08.15	01:25:11.820	0.94077				2
2025.08.15	01:25:12.794		0.94088			4
2025.08.15	01:25:13.825		0.94089			4
2025.08.15	01:25:14.867		0.94088			4
2025.08.15	01:25:15.897		0.94089			4
2025.08.15	01:25:16.935		0.94088			4
2025.08.15	01:25:17.680	0.94075	0.94090			6
2025.08.15	01:25:17.998	0.94077	0.94089			6
2025.08.15	01:25:18.726	0.94076	0.94090			6
2025.08.15	01:25:19.122	0.94077	0.94089			6
2025.08.15	01:25:19.770	0.94076	0.94090			6
2025.08.15	01:25:20.106		0.94089			4
2025.08.15	01:25:21.012	0.94077	0.94088			6
2025.08.15	01:25:21.856	0.94076	0.94089			6
2025.08.15	01:25:24.343	0.94077	0.94088			6
2025.08.15	01:25:24.987	0.94075	0.94090			6
2025.08.15	01:25:25.355	0.94077	0.94088			6
2025.08.15	01:25:26.032	0.94075	0.94090			6
2025.08.15	01:25:26.391	0.94076	0.94089			6
2025.08.15	01:25:27.917	0.94077	0.94088			6
2025.08.15	01:25:29.165	0.94076	0.94089			6
2025.08.15	01:25:29.498	0.94077	0.94088			6
2025.08.15	01:25:30.215	0.94076	0.94089			6
2025.08.15	01:25:32.015	0.94077	0.94088			6
2025.08.15	01:25:32.398	0.94076	0.94089			6
2025.08.15	01:25:32.700	0.94077	0.94088			6
2025.08.15	01:25:34.387	0.94076	0.94089			6
2025.08.15	01:25:43.781	0.94077	0.94088			6
2025.08.15	01:25:44.824	0.94076	0.94089			6
2025.08.15	01:25:56.195	0.94075	0.94090			6
2025.08.15	01:25:56.498	0.94076	0.94088			6
2025.08.15	01:25:57.396		0.94089			4
2025.08.15	01:26:00.565	0.94076				2
2025.08.15	01:26:02.475	0.94075				2
2025.08.15	01:26:02.779		0.94088			4
2025.08.15	01:26:03.719	0.94074				2
2025.08.15	01:26:04.339	0.94075	0.94089			6
2025.08.15	01:26:04.708		0.94090			4
2025.08.15	01:26:05.095		0.94089			4
2025.08.15	01:26:05.808		0.94090			4
2025.08.15	01:26:06.130	0.94074	0.94089			6
2025.08.15	01:26:06.435	0.94075	0.94088			6
2025.08.15	01:26:06.851		0.94089			4
2025.08.15	01:26:07.165		0.94088			4
2025.08.15	01:26:07.899		0.94089			4
2025.08.15	01:26:08.201		0.94088			4
2025.08.15	01:26:08.938		0.94089			4
2025.08.15	01:26:09.238		0.94088			4
2025.08.15	01:26:09.982		0.94089			4
2025.08.15	01:26:10.286		0.94088			4
2025.08.15	01:26:16.196	0.94077	0.94091			6
2025.08.15	01:26:17.218	0.94076				2
2025.08.15	01:26:23.194		0.94092			4
2025.08.15	01:26:23.531		0.94091			4
2025.08.15	01:26:28.225	0.94081	0.94094			6
2025.08.15	01:26:28.538		0.94093			4
2025.08.15	01:26:30.442	0.94080	0.94094			6
2025.08.15	01:26:32.531	0.94079	0.94093			6
2025.08.15	01:26:33.623		0.94092			4
2025.08.15	01:26:34.937	0.94082	0.94093			6
2025.08.15	01:26:35.661		0.94094			4
2025.08.15	01:26:36.280		0.94093			4
2025.08.15	01:26:39.052		0.94097			4
2025.08.15	01:26:43.355	0.94081	0.94096			6
2025.08.15	01:26:58.853	0.94080				2
2025.08.15	01:27:00.279	0.94080				2
2025.08.15	01:27:10.178	0.94081	0.94095			6
2025.08.15	01:27:11.139	0.94080	0.94096			6
2025.08.15	01:27:12.511	0.94081	0.94095			6
2025.08.15	01:27:15.491	0.94080	0.94096			6
2025.08.15	01:27:19.779	0.94081	0.94095			6
2025.08.15	01:27:21.578	0.94080				2
2025.08.15	01:27:22.778		0.94096			4
2025.08.15	01:27:24.097		0.94095			4
2025.08.15	01:27:25.854		0.94096			4
2025.08.15	01:27:27.124		0.94095			4
2025.08.15	01:27:28.966		0.94096			4
2025.08.15	01:27:30.722		0.94095			4
2025.08.15	01:27:32.080		0.94096			4
2025.08.15	01:27:33.280		0.94095			4
2025.08.15	01:27:35.185		0.94096			4
2025.08.15	01:27:36.358		0.94095			4
2025.08.15	01:27:38.378		0.94096			4
2025.08.15	01:27:41.682		0.94095			4
2025.08.15	01:27:43.474	0.94079	0.94096			6
2025.08.15	01:27:44.239		0.94094			4
2025.08.15	01:27:47.174	0.94080				2
2025.08.15	01:27:49.256	0.94079				2
2025.08.15	01:27:50.078	0.94080				2
2025.08.15	01:27:54.819	0.94078				2
2025.08.15	01:28:00.218	0.94079				2
2025.08.15	01:28:05.228		0.94093			4
2025.08.15	01:28:07.677		0.94094			4
2025.08.15	01:28:09.245		0.94093			4
2025.08.15	01:28:11.856		0.94094			4
2025.08.15	01:28:14.057		0.94093			4
2025.08.15	01:28:33.417		0.94094			4
2025.08.15	01:28:34.980		0.94093			4
2025.08.15	01:28:36.011		0.94094			4
2025.08.15	01:28:37.110	0.94080				2
2025.08.15	01:28:39.013	0.94078				2
2025.08.15	01:29:00.977	0.94078				2
2025.08.15	01:29:03.564	0.94077				2
2025.08.15	01:29:13.319	0.94080				2
2025.08.15	01:29:15.604		0.94093			4
2025.08.15	01:29:17.608	0.94079	0.94094			6
2025.08.15	01:29:18.879	0.94080	0.94093			6
2025.08.15	01:29:20.718	0.94079	0.94094			6
2025.08.15	01:29:21.885	0.94080	0.94093			6
2025.08.15	01:29:26.934	0.94079	0.94094			6
2025.08.15	01:29:45.323	0.94080				2
2025.08.15	01:29:54.770	0.94079				2
2025.08.15	01:29:58.780	0.94080				2
2025.08.15	01:30:00.270	0.94079				2
2025.08.15	01:30:01.418	0.94080				2
2025.08.15	01:30:03.400	0.94082	0.94092			6
2025.08.15	01:30:06.169	0.94081	0.94091			6
2025.08.15	01:30:07.073	0.94080	0.94094			6
2025.08.15	01:30:09.719	0.94079				2
2025.08.15	01:30:10.308	0.94080				2
2025.08.15	01:30:10.823	0.94079				2
2025.08.15	01:30:11.263	0.94080				2
2025.08.15	01:30:11.862	0.94079				2
2025.08.15	01:30:12.377	0.94080				2
2025.08.15	01:30:12.897	0.94079				2
2025.08.15	01:30:13.414	0.94080				2
2025.08.15	01:30:13.939	0.94079				2
2025.08.15	01:30:14.289	0.94080				2
2025.08.15	01:30:17.039	0.94079				2
2025.08.15	01:30:17.474	0.94080				2
2025.08.15	01:30:18.073	0.94079				2
2025.08.15	01:30:18.444	0.94080				2
2025.08.15	01:30:19.062	0.94079				2
2025.08.15	01:30:19.486	0.94080				2
2025.08.15	01:30:20.146	0.94079				2
2025.08.15	01:30:20.560	0.94080				2
2025.08.15	01:30:21.181	0.94079				2
2025.08.15	01:30:21.697	0.94080				2
2025.08.15	01:30:22.061	0.94079				2
2025.08.15	01:30:22.477	0.94080				2
2025.08.15	01:30:23.255	0.94079				2
2025.08.15	01:30:23.633	0.94080				2
2025.08.15	01:30:23.997	0.94079				2
2025.08.15	01:30:24.616	0.94080				2
2025.08.15	01:30:25.325	0.94079				2
2025.08.15	01:30:25.702	0.94080				2
2025.08.15	01:30:26.360	0.94079				2
2025.08.15	01:30:26.746	0.94080				2
2025.08.15	01:30:27.394	0.94079				2
2025.08.15	01:30:27.790	0.94080				2
2025.08.15	01:30:28.432	0.94079				2
2025.08.15	01:30:28.735	0.94080				2
2025.08.15	01:30:29.467	0.94079				2
2025.08.15	01:30:29.784	0.94080				2
2025.08.15	01:30:35.647	0.94079				2
2025.08.15	01:30:36.047	0.94080				2
2025.08.15	01:30:36.449	0.94079				2
2025.08.15	01:30:36.988	0.94080				2
2025.08.15	01:30:39.825	0.94079				2
2025.08.15	01:30:40.223	0.94080				2
2025.08.15	01:30:40.977		0.94095			4
2025.08.15	01:30:41.892		0.94094			4
2025.08.15	01:30:42.206	0.94079	0.94095			6
2025.08.15	01:30:42.930	0.94080	0.94094			6
2025.08.15	01:30:44.221	0.94079				2
2025.08.15	01:30:45.468	0.94080				2
2025.08.15	01:30:50.367	0.94079				2
2025.08.15	01:30:51.710	0.94080				2
2025.08.15	01:31:00.064	0.94080				2
2025.08.15	01:31:00.892	0.94079				2
2025.08.15	01:31:02.378	0.94080				2
2025.08.15	01:31:12.485	0.94082	0.94093			6
2025.08.15	01:31:13.224	0.94081	0.94094			6
2025.08.15	01:31:15.279	0.94082	0.94093			6
2025.08.15	01:31:16.333		0.94094			4
2025.08.15	01:31:16.823	0.94080	0.94093			6
2025.08.15	01:31:17.366		0.94094			4
2025.08.15	01:31:26.678	0.94081				2
2025.08.15	01:31:29.502	0.94080				2
2025.08.15	01:31:35.766	0.94079	0.94093			6
2025.08.15	01:31:37.147	0.94080				2
2025.08.15	01:31:39.116	0.94079				2
2025.08.15	01:31:40.282	0.94080				2
2025.08.15	01:31:41.187	0.94079				2
2025.08.15	01:31:59.972	0.94080				2
2025.08.15	01:32:00.521	0.94080				2
2025.08.15	01:32:01.903	0.94079				2
2025.08.15	01:32:03.246	0.94080				2
2025.08.15	01:32:04.774	0.94079				2
2025.08.15	01:32:07.260	0.94080				2
2025.08.15	01:32:12.058	0.94079				2
2025.08.15	01:32:12.390	0.94080				2
2025.08.15	01:32:18.475	0.94079				2
2025.08.15	01:32:19.510	0.94080				2
2025.08.15	01:32:28.670	0.94079				2
2025.08.15	01:32:29.022	0.94080				2
2025.08.15	01:32:36.143	0.94077	0.94092			6
2025.08.15	01:32:36.536		0.94091			4
2025.08.15	01:32:45.627		0.94090			4
2025.08.15	01:32:48.510	0.94078				2
2025.08.15	01:32:50.379	0.94077				2
2025.08.15	01:32:51.316	0.94079	0.94094			6
2025.08.15	01:32:52.521		0.94093			4
2025.08.15	01:32:54.808		0.94094			4
2025.08.15	01:32:58.222	0.94080	0.94095			6
2025.08.15	01:33:00.281	0.94080				2
2025.08.15	01:33:00.857		0.94096			4
2025.08.15	01:33:02.914		0.94095			4
2025.08.15	01:33:04.779		0.94096			4
2025.08.15	01:33:07.499		0.94095			4
2025.08.15	01:33:12.336		0.94096			4
2025.08.15	01:33:13.501		0.94095			4
2025.08.15	01:33:15.440		0.94096			4
2025.08.15	01:33:17.077		0.94095			4
2025.08.15	01:33:19.584		0.94096			4
2025.08.15	01:33:20.981		0.94095			4
2025.08.15	01:33:22.693		0.94096			4
2025.08.15	01:33:24.578		0.94095			4
2025.08.15	01:33:26.834		0.94096			4
2025.08.15	01:33:28.041		0.94095			4
2025.08.15	01:33:54.658	0.94083				2
2025.08.15	01:33:56.918	0.94082				2
2025.08.15	01:33:59.431	0.94083				2
2025.08.15	01:34:00.069	0.94083				2
2025.08.15	01:34:01.094	0.94082				2
2025.08.15	01:34:02.244	0.94083				2
2025.08.15	01:34:04.650		0.94094			4
2025.08.15	01:34:05.808		0.94095			4
2025.08.15	01:34:12.403	0.94082				2
2025.08.15	01:34:19.178	0.94083				2
2025.08.15	01:34:20.792	0.94082				2
2025.08.15	01:34:22.396	0.94083				2
2025.08.15	01:34:24.948	0.94082				2
2025.08.15	01:34:26.577	0.94083				2
2025.08.15	01:34:29.064	0.94081				2
2025.08.15	01:34:45.403		0.94096			4
2025.08.15	01:34:55.177		0.94095			4
2025.08.15	01:35:00.083	0.94081				2
2025.08.15	01:35:00.880		0.94096			4
2025.08.15	01:35:30.879		0.94095			4
2025.08.15	01:35:32.680		0.94096			4
2025.08.15	01:35:40.284	0.94078	0.94094			6
2025.08.15	01:35:40.619		0.94093			4
2025.08.15	01:35:42.680	0.94079				2
2025.08.15	01:35:44.079		0.94092			4
2025.08.15	01:35:47.102	0.94080				2
2025.08.15	01:36:00.464	0.94078				2
2025.08.15	01:36:09.826	0.94077				2
2025.08.15	01:36:16.351	0.94078	0.94093			6
2025.08.15	01:36:18.278		0.94092			4
2025.08.15	01:36:20.572	0.94077	0.94093			6
2025.08.15	01:36:21.787	0.94078	0.94092			6
2025.08.15	01:36:24.468		0.94093			4
2025.08.15	01:36:25.858		0.94092			4
2025.08.15	01:36:27.756		0.94093			4
2025.08.15	01:36:29.684		0.94092			4
2025.08.15	01:36:31.966		0.94093			4
2025.08.15	01:36:33.280		0.94092			4
2025.08.15	01:36:33.770	0.94077	0.94091			6
2025.08.15	01:36:36.877		0.94092			4
2025.08.15	01:36:44.378		0.94091			4
2025.08.15	01:36:46.213		0.94092			4
2025.08.15	01:36:48.281		0.94091			4
2025.08.15	01:36:50.379		0.94092			4
2025.08.15	01:36:52.614		0.94091			4
2025.08.15	01:36:54.497		0.94092			4
2025.08.15	01:36:56.118		0.94091			4
2025.08.15	01:36:57.666		0.94092			4
2025.08.15	01:36:59.078		0.94091			4
2025.08.15	01:37:00.464	0.94078				2
2025.08.15	01:37:01.743	0.94077	0.94092			6
2025.08.15	01:37:03.279		0.94091			4
2025.08.15	01:37:05.889		0.94092			4
2025.08.15	01:37:07.483		0.94091			4
2025.08.15	01:37:10.029	0.94076	0.94092			6
2025.08.15	01:37:11.198	0.94077	0.94091			6
2025.08.15	01:37:13.180	0.94076	0.94092			6
2025.08.15	01:37:14.530	0.94078				2
2025.08.15	01:37:27.171	0.94079				2
2025.08.15	01:38:00.869	0.94079				2
2025.08.15	01:38:14.149		0.94092			4
2025.08.15	01:38:15.016		0.94091			4
2025.08.15	01:38:17.080	0.94077				2
2025.08.15	01:38:27.237	0.94078				2
2025.08.15	01:38:27.653	0.94077				2
2025.08.15	01:38:36.701	0.94078				2
2025.08.15	01:38:37.108	0.94077	0.94090			6
2025.08.15	01:38:39.008	0.94078				2
2025.08.15	01:38:46.269	0.94075				2
2025.08.15	01:38:48.879		0.94089			4
2025.08.15	01:38:51.473		0.94090			4
2025.08.15	01:38:56.379		0.94089			4
2025.08.15	01:38:58.520	0.94078	0.94091			6
2025.08.15	01:38:58.853	0.94079				2
2025.08.15	01:39:00.171	0.94079				2
2025.08.15	01:39:14.131	0.94078				2
2025.08.15	01:39:21.184	0.94079				2
2025.08.15	01:39:22.944	0.94078				2
2025.08.15	01:39:24.934	0.94079				2
2025.08.15	01:39:26.072	0.94078				2
2025.08.15	01:39:30.843	0.94079				2
2025.08.15	01:39:31.625	0.94078	0.94092			6
2025.08.15	01:39:33.278		0.94091			4
2025.08.15	01:39:34.780	0.94077	0.94092			6
2025.08.15	01:39:35.869	0.94078	0.94091			6
2025.08.15	01:39:37.856	0.94077	0.94092			6
2025.08.15	01:39:38.972	0.94078	0.94091			6
2025.08.15	01:39:40.687	0.94077	0.94092			6
2025.08.15	01:39:42.578	0.94078	0.94091			6
2025.08.15	01:39:43.924	0.94077	0.94092			6
2025.08.15	01:39:44.758	0.94079	0.94093			6
2025.08.15	01:39:45.907		0.94092			4
2025.08.15	01:39:58.810	0.94080				2
2025.08.15	01:39:59.678	0.94079				2
2025.08.15	01:40:00.535	0.94079	0.94093			6
2025.08.15	01:40:00.884		0.94092			4
2025.08.15	01:40:11.850		0.94091			4
2025.08.15	01:40:12.896		0.94092			4
2025.08.15	01:40:15.860		0.94093			4
2025.08.15	01:40:16.169		0.94092			4
2025.08.15	01:40:31.594	0.94078				2
2025.08.15	01:40:38.849		0.94093			4
2025.08.15	01:40:40.203		0.94091			4
2025.08.15	01:40:40.795		0.94092			4
2025.08.15	01:40:51.142	0.94076				2
2025.08.15	01:40:51.448		0.94091			4
2025.08.15	01:40:52.321		0.94092			4
2025.08.15	01:40:53.516		0.94091			4
2025.08.15	01:41:00.037	0.94076				2
2025.08.15	01:41:07.928	0.94083	0.94095			6
2025.08.15	01:41:08.236	0.94081	0.94096			6
2025.08.15	01:41:10.162	0.94082				2
2025.08.15	01:41:10.478	0.94084	0.94095			6
2025.08.15	01:41:11.414	0.94083	0.94096			6
2025.08.15	01:41:12.450		0.94095			4
2025.08.15	01:41:16.342	0.94082				2
2025.08.15	01:41:16.703	0.94081				2
2025.08.15	01:41:20.677	0.94082				2
2025.08.15	01:41:28.222	0.94084	0.94096			6
2025.08.15	01:41:34.406	0.94085				2
2025.08.15	01:41:37.357	0.94084				2
2025.08.15	01:41:40.280	0.94085				2
2025.08.15	01:41:43.413	0.94084				2
2025.08.15	01:42:01.178	0.94084				2
2025.08.15	01:42:04.352	0.94083				2
2025.08.15	01:42:04.754	0.94082				2
2025.08.15	01:42:28.459		0.94096			4
2025.08.15	01:42:52.028	0.94084	0.94098			6
2025.08.15	01:42:53.093		0.94097			4
2025.08.15	01:42:56.079		0.94098			4
2025.08.15	01:43:00.400	0.94084				2
2025.08.15	01:43:31.522	0.94090	0.94104			6
2025.08.15	01:43:31.889		0.94103			4
2025.08.15	01:43:32.211	0.94091	0.94101			6
2025.08.15	01:43:32.954	0.94090				2
2025.08.15	01:43:33.353	0.94089				2
2025.08.15	01:43:34.152	0.94090				2
2025.08.15	01:43:35.060	0.94091				2
2025.08.15	01:43:36.095	0.94090				2
2025.08.15	01:43:39.205	0.94089	0.94102			6
2025.08.15	01:43:40.179	0.94090	0.94101			6
2025.08.15	01:43:41.618	0.94092	0.94107			6
2025.08.15	01:43:41.954		0.94105			4
2025.08.15	01:43:44.246	0.94093	0.94104			6
2025.08.15	01:43:47.678	0.94092	0.94105			6
2025.08.15	01:43:56.079	0.94093				2
2025.08.15	01:44:00.949	0.94093				2
2025.08.15	01:44:30.644	0.94094				2
2025.08.15	01:44:33.882	0.94093				2
2025.08.15	01:44:52.479		0.94105			4
2025.08.15	01:45:00.450	0.94092				2
2025.08.15	01:45:02.653	0.94093				2
2025.08.15	01:45:04.419	0.94092	0.94106			6
2025.08.15	01:45:04.843	0.94094	0.94104			6
2025.08.15	01:45:05.755		0.94105			4
2025.08.15	01:45:07.465	0.94090	0.94101			6
2025.08.15	01:45:10.755	0.94091				2
2025.08.15	01:45:14.556	0.94089	0.94100			6
2025.08.15	01:45:14.874	0.94088				2
2025.08.15	01:45:15.666	0.94089	0.94099			6
2025.08.15	01:45:16.038	0.94088	0.94100			6
2025.08.15	01:45:16.813	0.94089	0.94099			6
2025.08.15	01:45:18.581		0.94100			4
2025.08.15	01:45:19.015	0.94088				2
2025.08.15	01:45:20.050	0.94089				2
2025.08.15	01:45:20.996	0.94088	0.94099			6
2025.08.15	01:45:22.252	0.94089				2
2025.08.15	01:45:32.372	0.94088				2
2025.08.15	01:45:37.659	0.94089				2
2025.08.15	01:45:40.407	0.94088				2
2025.08.15	01:45:57.337	0.94089				2
2025.08.15	01:45:58.500	0.94088				2
2025.08.15	01:46:00.443	0.94088				2
2025.08.15	01:46:01.275	0.94089				2
2025.08.15	01:46:01.609	0.94088				2
2025.08.15	01:46:06.369	0.94089				2
2025.08.15	01:46:06.680	0.94088				2
2025.08.15	01:46:08.802		0.94100			4
2025.08.15	01:46:09.649	0.94089	0.94099			6
2025.08.15	01:46:09.999	0.94088				2
2025.08.15	01:46:10.928		0.94100			4
2025.08.15	01:46:24.387		0.94099			4
2025.08.15	01:46:25.560		0.94100			4
2025.08.15	01:46:28.247	0.94089				2
2025.08.15	01:46:28.568	0.94088				2
2025.08.15	01:46:29.290	0.94089				2
2025.08.15	01:46:29.602	0.94088				2
2025.08.15	01:46:30.333	0.94089				2
2025.08.15	01:46:30.642	0.94088				2
2025.08.15	01:46:31.651		0.94099			4
2025.08.15	01:46:32.813		0.94100			4
2025.08.15	01:46:33.466	0.94089	0.94099			6
2025.08.15	01:46:34.891	0.94088	0.94100			6
2025.08.15	01:46:35.554	0.94089				2
2025.08.15	01:46:36.596		0.94099			4
2025.08.15	01:46:36.954	0.94088	0.94100			6
2025.08.15	01:46:37.489	0.94089	0.94099			6
2025.08.15	01:46:37.840	0.94088	0.94100			6
2025.08.15	01:46:38.901	0.94089				2
2025.08.15	01:46:39.854		0.94099			4
2025.08.15	01:46:40.596	0.94088	0.94100			6
2025.08.15	01:46:41.943	0.94089	0.94099			6
2025.08.15	01:46:43.165	0.94088	0.94100			6
2025.08.15	01:46:43.907		0.94099			4
2025.08.15	01:46:44.218		0.94100			4
2025.08.15	01:46:44.949	0.94089	0.94099			6
2025.08.15	01:46:45.996	0.94088	0.94100			6
2025.08.15	01:46:51.213	0.94089	0.94099			6
2025.08.15	01:46:52.363	0.94088	0.94100			6
2025.08.15	01:46:54.344	0.94089	0.94099			6
2025.08.15	01:46:55.388		0.94100			4
2025.08.15	01:46:56.431	0.94088				2
2025.08.15	01:46:58.520	0.94089	0.94099			6
2025.08.15	01:46:59.565	0.94088	0.94100			6
2025.08.15	01:47:00.609	0.94088				2
2025.08.15	01:47:00.920	0.94087				2
2025.08.15	01:47:01.362		0.94098			4
2025.08.15	01:47:12.618	0.94088				2
2025.08.15	01:47:12.922	0.94087				2
2025.08.15	01:47:20.374	0.94088	0.94099			6
2025.08.15	01:47:20.962	0.94089				2
2025.08.15	01:47:21.279	0.94088	0.94100			6
2025.08.15	01:47:24.079	0.94089	0.94099			6
2025.08.15	01:47:27.184	0.94088				2
2025.08.15	01:47:30.074	0.94089				2
2025.08.15	01:47:30.427	0.94088				2
2025.08.15	01:47:35.600		0.94100			4
2025.08.15	01:47:36.510	0.94089	0.94099			6
2025.08.15	01:47:37.979	0.94088				2
2025.08.15	01:47:39.617	0.94089	0.94100			6
2025.08.15	01:47:40.651		0.94099			4
2025.08.15	01:47:41.695	0.94088	0.94100			6
2025.08.15	01:47:44.796	0.94089				2
2025.08.15	01:47:45.829	0.94088				2
2025.08.15	01:47:46.863	0.94089				2
2025.08.15	01:47:48.267	0.94088				2
2025.08.15	01:47:50.968	0.94089	0.94099			6
2025.08.15	01:47:52.172	0.94088				2
2025.08.15	01:47:52.909	0.94089				2
2025.08.15	01:47:53.210	0.94088				2
2025.08.15	01:47:53.951	0.94089				2
2025.08.15	01:47:54.996	0.94087	0.94098			6
2025.08.15	01:48:00.006	0.94087				2
2025.08.15	01:48:04.706	0.94086	0.94099			6
2025.08.15	01:48:08.872		0.94098			4
2025.08.15	01:48:09.907	0.94087				2
2025.08.15	01:48:10.655	0.94086	0.94099			6
2025.08.15	01:48:10.968	0.94087	0.94098			6
2025.08.15	01:48:11.698	0.94086	0.94099			6
2025.08.15	01:48:12.012	0.94087	0.94098			6
2025.08.15	01:48:12.743	0.94086	0.94099			6
2025.08.15	01:48:14.102	0.94087	0.94098			6
2025.08.15	01:48:15.146	0.94086				2
2025.08.15	01:48:15.876		0.94099			4
2025.08.15	01:48:16.187	0.94087	0.94098			6
2025.08.15	01:48:17.833	0.94088	0.94100			6
2025.08.15	01:48:26.010		0.94099			4
2025.08.15	01:48:48.877		0.94100			4
2025.08.15	01:48:50.180	0.94086	0.94096			6
2025.08.15	01:48:50.541	0.94085				2
2025.08.15	01:48:51.204		0.94097			4
2025.08.15	01:48:54.314	0.94086	0.94096			6
2025.08.15	01:48:55.347	0.94085	0.94097			6
2025.08.15	01:48:56.385	0.94086	0.94096			6
2025.08.15	01:48:59.872	0.94085	0.94097			6
2025.08.15	01:49:00.468	0.94085	0.94096			6
2025.08.15	01:49:09.629	0.94086				2
2025.08.15	01:49:09.976	0.94085				2
2025.08.15	01:49:11.015	0.94086	0.94095			6
2025.08.15	01:49:11.587	0.94085				2
2025.08.15	01:49:15.277	0.94084	0.94097			6
2025.08.15	01:49:16.832	0.94085	0.94096			6
2025.08.15	01:49:18.283	0.94084				2
2025.08.15	01:49:20.992	0.94085	0.94095			6
2025.08.15	01:49:22.402	0.94084	0.94096			6
2025.08.15	01:49:29.282		0.94097			4
2025.08.15	01:49:30.029	0.94085	0.94096			6
2025.08.15	01:49:30.404	0.94084	0.94097			6
2025.08.15	01:49:34.781	0.94080	0.94092			6
2025.08.15	01:49:35.480		0.94091			4
2025.08.15	01:49:35.801		0.94092			4
2025.08.15	01:49:36.108	0.94081	0.94091			6
2025.08.15	01:49:36.838		0.94092			4
2025.08.15	01:49:38.910	0.94080				2
2025.08.15	01:49:40.355	0.94081				2
2025.08.15	01:49:40.982	0.94080				2
2025.08.15	01:49:41.776	0.94081				2
2025.08.15	01:49:46.178	0.94079				2
2025.08.15	01:49:46.484	0.94082				2
2025.08.15	01:49:47.273	0.94081				2
2025.08.15	01:49:51.532	0.94082				2
2025.08.15	01:49:52.350	0.94081				2
2025.08.15	01:50:00.670	0.94081				2
2025.08.15	01:50:07.006		0.94091			4
2025.08.15	01:50:09.107	0.94080	0.94092			6
2025.08.15	01:50:10.141	0.94081				2
2025.08.15	01:50:13.518	0.94082				2
2025.08.15	01:50:22.991	0.94081				2
2025.08.15	01:50:32.251	0.94082				2
2025.08.15	01:50:33.285	0.94081				2
2025.08.15	01:50:34.321	0.94082				2
2025.08.15	01:50:35.358	0.94081				2
2025.08.15	01:50:53.197		0.94093			4
2025.08.15	01:50:53.502	0.94078	0.94090			6
2025.08.15	01:50:54.445	0.94079	0.94089			6
2025.08.15	01:50:57.336		0.94090			4
2025.08.15	01:51:00.505	0.94079				2
2025.08.15	01:51:07.174	0.94078	0.94091			6
2025.08.15	01:51:07.479		0.94092			4
2025.08.15	01:51:07.830		0.94090			4
2025.08.15	01:51:11.678	0.94079				2
2025.08.15	01:51:15.025	0.94078				2
2025.08.15	01:51:16.057		0.94091			4
2025.08.15	01:51:17.988		0.94090			4
2025.08.15	01:51:18.298	0.94076	0.94089			6
2025.08.15	01:51:19.189	0.94077				2
2025.08.15	01:51:27.542	0.94078	0.94088			6
2025.08.15	01:51:29.628		0.94089			4
2025.08.15	01:51:31.717	0.94077	0.94088			6
2025.08.15	01:51:35.894		0.94089			4
2025.08.15	01:51:39.386	0.94075				2
2025.08.15	01:51:40.479		0.94088			4
2025.08.15	01:51:51.278		0.94087			4
2025.08.15	01:51:55.419	0.94077	0.94088			6
2025.08.15	01:52:00.612	0.94077				2
2025.08.15	01:52:00.976	0.94076				2
2025.08.15	01:52:01.786	0.94077				2
2025.08.15	01:52:02.163	0.94076				2
2025.08.15	01:52:02.479	0.94077				2
2025.08.15	01:52:11.908	0.94076				2
2025.08.15	01:52:16.398		0.94087			4
2025.08.15	01:52:21.185		0.94088			4
2025.08.15	01:52:25.793	0.94077	0.94087			6
2025.08.15	01:52:31.584	0.94076	0.94088			6
2025.08.15	01:52:35.189	0.94077	0.94089			6
2025.08.15	01:52:39.573	0.94078	0.94088			6
2025.08.15	01:52:40.491	0.94077	0.94089			6
2025.08.15	01:52:46.825		0.94088			4
2025.08.15	01:52:52.102		0.94089			4
2025.08.15	01:52:54.171	0.94078				2
2025.08.15	01:53:03.077	0.94078				2
2025.08.15	01:53:42.706	0.94074	0.94088			6
2025.08.15	01:53:45.860		0.94087			4
2025.08.15	01:53:48.156		0.94088			4
2025.08.15	01:53:53.109	0.94075				2
2025.08.15	01:53:57.509	0.94074				2
2025.08.15	01:54:00.684	0.94074				2
2025.08.15	01:54:03.248	0.94078	0.94089			6
2025.08.15	01:54:17.386		0.94090			4
2025.08.15	01:54:27.157		0.94089			4
2025.08.15	01:54:29.615	0.94079	0.94091			6
2025.08.15	01:54:29.956	0.94080	0.94094			6
2025.08.15	01:54:30.268	0.94079	0.94091			6
2025.08.15	01:54:32.322	0.94080				2
2025.08.15	01:54:35.270	0.94079				2
2025.08.15	01:54:40.623	0.94078	0.94092			6
2025.08.15	01:54:40.929	0.94079				2
2025.08.15	01:54:41.269	0.94080	0.94091			6
2025.08.15	01:54:42.996		0.94092			4
2025.08.15	01:54:58.353	0.94079				2
2025.08.15	01:55:00.710	0.94079				2
2025.08.15	01:55:02.758	0.94080				2
2025.08.15	01:55:27.112	0.94079	0.94090			6
2025.08.15	01:55:41.214		0.94092			4
2025.08.15	01:55:41.517	0.94080	0.94091			6
2025.08.15	01:55:43.273	0.94079	0.94090			6
2025.08.15	01:55:53.632	0.94080	0.94091			6
2025.08.15	01:56:00.004	0.94080				2
2025.08.15	01:56:41.820	0.94079				2
2025.08.15	01:56:45.280		0.94090			4
2025.08.15	01:56:45.877		0.94091			4
2025.08.15	01:56:49.050	0.94080				2
2025.08.15	01:57:00.279	0.94080	0.94090			6
2025.08.15	01:57:02.746	0.94079	0.94091			6
2025.08.15	01:57:09.007	0.94078	0.94089			6
2025.08.15	01:57:14.781	0.94077				2
2025.08.15	01:57:43.408	0.94080	0.94091			6
2025.08.15	01:58:00.263	0.94080				2
2025.08.15	01:58:01.435		0.94092			4
2025.08.15	01:58:01.955		0.94091			4
2025.08.15	01:58:06.719		0.94092			4
2025.08.15	01:58:17.762	0.94081				2
2025.08.15	01:58:22.827	0.94080				2
2025.08.15	01:58:29.381		0.94093			4
2025.08.15	01:58:32.253		0.94092			4
2025.08.15	01:59:00.089	0.94079				2
2025.08.15	01:59:00.797	0.94077	0.94088			6
2025.08.15	01:59:01.274	0.94076				2
2025.08.15	01:59:03.005	0.94078	0.94089			6
2025.08.15	01:59:18.274	0.94079	0.94090			6
2025.08.15	01:59:49.826		0.94089			4
2025.08.15	02:00:00.337	0.94080	0.94091			6
2025.08.15	02:00:00.640	0.94081	0.94093			6
2025.08.15	02:00:01.660	0.94080	0.94091			6
2025.08.15	02:00:01.962		0.94092			4
2025.08.15	02:00:03.028	0.94081				2
2025.08.15	02:00:05.117	0.94080				2
2025.08.15	02:00:05.496	0.94081	0.94091			6
2025.08.15	02:00:06.160	0.94079	0.94092			6
2025.08.15	02:00:06.465	0.94081				2
2025.08.15	02:00:15.777	0.94080	0.94093			6
2025.08.15	02:00:34.360		0.94092			4
2025.08.15	02:00:34.723		0.94091			4
2025.08.15	02:00:41.469	0.94079	0.94092			6
2025.08.15	02:00:42.470	0.94080	0.94091			6
2025.08.15	02:00:42.771		0.94092			4
2025.08.15	02:00:43.536		0.94091			4
2025.08.15	02:00:43.843		0.94092			4
2025.08.15	02:00:48.897	0.94079				2
2025.08.15	02:00:49.846	0.94080	0.94091			6
2025.08.15	02:00:50.980		0.94092			4
2025.08.15	02:00:51.993	0.94079				2
2025.08.15	02:00:55.223	0.94080				2
2025.08.15	02:00:56.096		0.94091			4
2025.08.15	02:01:00.296	0.94080	0.94092			6
2025.08.15	02:01:00.953		0.94091			4
2025.08.15	02:01:04.279		0.94092			4
2025.08.15	02:01:04.607		0.94091			4
2025.08.15	02:01:07.374		0.94092			4
2025.08.15	02:01:07.675		0.94091			4
2025.08.15	02:01:14.739		0.94090			4
2025.08.15	02:01:15.870		0.94091			4
2025.08.15	02:01:18.976		0.94090			4
2025.08.15	02:01:22.083		0.94091			4
2025.08.15	02:01:23.119	0.94079				2
2025.08.15	02:01:25.192	0.94080				2
2025.08.15	02:01:26.229	0.94079				2
2025.08.15	02:01:29.147	0.94078				2
2025.08.15	02:01:29.483	0.94079				2
2025.08.15	02:01:31.403		0.94090			4
2025.08.15	02:01:33.476		0.94091			4
2025.08.15	02:01:33.794		0.94090			4
2025.08.15	02:01:35.910	0.94077	0.94089			6
2025.08.15	02:01:36.607	0.94078	0.94090			6
2025.08.15	02:01:37.005		0.94091			4
2025.08.15	02:01:37.402	0.94079				2
2025.08.15	02:01:38.644		0.94093			4
2025.08.15	02:01:38.960	0.94081				2
2025.08.15	02:01:39.379	0.94082				2
2025.08.15	02:02:00.258	0.94082				2
2025.08.15	02:02:05.269	0.94080	0.94092			6
2025.08.15	02:02:05.576	0.94079				2
2025.08.15	02:02:06.146	0.94081	0.94093			6
2025.08.15	02:02:06.460		0.94095			4
2025.08.15	02:02:08.400	0.94082	0.94094			6
2025.08.15	02:02:18.717	0.94083				2
2025.08.15	02:02:19.873	0.94081	0.94093			6
2025.08.15	02:02:27.500	0.94075	0.94091			6
2025.08.15	02:02:29.489	0.94078	0.94090			6
2025.08.15	02:02:31.350	0.94077	0.94089			6
2025.08.15	02:02:31.649	0.94078	0.94090			6
2025.08.15	02:02:31.954	0.94077	0.94089			6
2025.08.15	02:02:32.256	0.94078	0.94090			6
2025.08.15	02:02:33.163	0.94075				2
2025.08.15	02:02:33.485	0.94077	0.94091			6
2025.08.15	02:02:38.571	0.94076	0.94092			6
2025.08.15	02:02:38.987	0.94077	0.94091			6
2025.08.15	02:02:39.615	0.94076	0.94092			6
2025.08.15	02:02:40.025	0.94077	0.94091			6
2025.08.15	02:02:40.344	0.94078				2
2025.08.15	02:02:40.929	0.94077				2
2025.08.15	02:02:41.705	0.94076	0.94092			6
2025.08.15	02:02:42.092	0.94077	0.94091			6
2025.08.15	02:02:46.925		0.94092			4
2025.08.15	02:02:47.236	0.94078	0.94091			6
2025.08.15	02:03:00.492	0.94078				2
2025.08.15	02:03:03.626	0.94080	0.94092			6
2025.08.15	02:03:03.940		0.94093			4
2025.08.15	02:03:05.271		0.94092			4
2025.08.15	02:03:05.714	0.94078	0.94091			6
2025.08.15	02:03:06.037	0.94079				2
2025.08.15	02:03:14.656	0.94080				2
2025.08.15	02:03:15.625	0.94079				2
2025.08.15	02:03:16.661	0.94078	0.94092			6
2025.08.15	02:03:17.699	0.94079	0.94091			6
2025.08.15	02:03:18.720	0.94080				2
2025.08.15	02:03:20.887	0.94079				2
2025.08.15	02:03:21.845	0.94080	0.94092			6
2025.08.15	02:03:22.940	0.94079				2
2025.08.15	02:03:23.977	0.94080				2
2025.08.15	02:03:24.946		0.94091			4
2025.08.15	02:03:25.982	0.94079				2
2025.08.15	02:03:27.020	0.94080	0.94092			6
2025.08.15	02:03:29.156	0.94079				2
2025.08.15	02:03:30.567	0.94080				2
2025.08.15	02:03:35.510		0.94091			4
2025.08.15	02:03:36.413		0.94093			4
2025.08.15	02:03:36.719		0.94092			4
2025.08.15	02:03:40.467	0.94079	0.94093			6
2025.08.15	02:03:40.788	0.94080	0.94092			6
2025.08.15	02:03:44.755	0.94079	0.94093			6
2025.08.15	02:03:45.115	0.94080	0.94092			6
2025.08.15	02:03:47.086	0.94079	0.94093			6
2025.08.15	02:03:48.120	0.94080	0.94092			6
2025.08.15	02:03:50.966	0.94079	0.94093			6
2025.08.15	02:03:51.335	0.94080	0.94092			6
2025.08.15	02:03:54.323	0.94077	0.94091			6
2025.08.15	02:03:56.704	0.94078	0.94090			6
2025.08.15	02:03:57.033	0.94076	0.94089			6
2025.08.15	02:04:00.317	0.94076				2
2025.08.15	02:04:19.338	0.94077				2
2025.08.15	02:04:29.078	0.94078	0.94090			6
2025.08.15	02:04:30.083	0.94075				2
2025.08.15	02:05:00.289	0.94075				2
2025.08.15	02:05:01.362	0.94077	0.94093			6
2025.08.15	02:05:04.269	0.94079	0.94091			6
2025.08.15	02:05:05.421		0.94090			4
2025.08.15	02:05:07.491		0.94091			4
2025.08.15	02:05:08.524		0.94090			4
2025.08.15	02:05:10.599		0.94091			4
2025.08.15	02:05:10.900		0.94090			4
2025.08.15	02:05:11.635		0.94091			4
2025.08.15	02:05:12.680		0.94090			4
2025.08.15	02:05:15.775	0.94078	0.94091			6
2025.08.15	02:05:20.986		0.94090			4
2025.08.15	02:05:25.100		0.94091			4
2025.08.15	02:05:28.106		0.94090			4
2025.08.15	02:05:38.346		0.94091			4
2025.08.15	02:05:38.694		0.94090			4
2025.08.15	02:05:44.494	0.94080	0.94091			6
2025.08.15	02:05:48.058	0.94079	0.94092			6
2025.08.15	02:05:49.783	0.94080	0.94091			6
2025.08.15	02:05:54.101	0.94079	0.94092			6
2025.08.15	02:05:54.466	0.94080	0.94091			6
2025.08.15	02:05:55.392	0.94079				2
2025.08.15	02:05:56.420	0.94080				2
2025.08.15	02:05:58.277	0.94079	0.94092			6
2025.08.15	02:05:58.627	0.94080	0.94091			6
2025.08.15	02:05:59.322	0.94079	0.94092			6
2025.08.15	02:05:59.662	0.94080	0.94091			6
2025.08.15	02:06:00.291	0.94079	0.94092			6
2025.08.15	02:06:00.601	0.94077	0.94093			6
2025.08.15	02:06:01.202	0.94078	0.94092			6
2025.08.15	02:06:06.892	0.94076	0.94091			6
2025.08.15	02:06:11.378	0.94077				2
2025.08.15	02:06:14.349	0.94078				2
2025.08.15	02:06:23.051	0.94080	0.94092			6
2025.08.15	02:06:58.555	0.94079				2
2025.08.15	02:06:59.263	0.94078				2
2025.08.15	02:07:00.354	0.94078				2
2025.08.15	02:07:01.705	0.94079	0.94095			6
2025.08.15	02:07:02.260	0.94078				2
2025.08.15	02:07:07.909	0.94079				2
2025.08.15	02:07:09.800	0.94078	0.94094			6
2025.08.15	02:07:12.685	0.94079				2
2025.08.15	02:07:20.165	0.94078				2
2025.08.15	02:07:21.879	0.94079				2
2025.08.15	02:07:30.581		0.94093			4
2025.08.15	02:07:36.728	0.94080				2
2025.08.15	02:07:39.015	0.94079				2
2025.08.15	02:07:45.028	0.94078				2
2025.08.15	02:07:46.778	0.94079				2
2025.08.15	02:08:00.764	0.94079				2
2025.08.15	02:08:03.184	0.94078				2
2025.08.15	02:08:07.140	0.94080				2
2025.08.15	02:08:18.027	0.94077				2
2025.08.15	02:08:30.865		0.94093			4
2025.08.15	02:08:32.430	0.94076	0.94092			6
2025.08.15	02:08:51.879	0.94074	0.94091			6
2025.08.15	02:09:01.697	0.94074				2
2025.08.15	02:09:25.510	0.94075				2
2025.08.15	02:09:30.280	0.94074				2
2025.08.15	02:09:44.700	0.94075	0.94090			6
2025.08.15	02:09:53.360	0.94074				2
2025.08.15	02:10:00.814	0.94074				2
2025.08.15	02:10:01.634	0.94073				2
2025.08.15	02:10:05.345	0.94074				2
2025.08.15	02:10:11.353	0.94073				2
2025.08.15	02:10:16.287		0.94089			4
2025.08.15	02:10:23.643	0.94074				2
2025.08.15	02:10:27.073	0.94073	0.94090			6
2025.08.15	02:10:29.091		0.94089			4
2025.08.15	02:10:35.598		0.94090			4
2025.08.15	02:10:40.673		0.94088			4
2025.08.15	02:10:46.770	0.94074	0.94087			6
2025.08.15	02:10:51.761	0.94073				2
2025.08.15	02:10:56.532		0.94086			4
2025.08.15	02:10:57.571		0.94087			4
2025.08.15	02:10:58.609		0.94086			4
2025.08.15	02:10:58.916		0.94085			4
2025.08.15	02:10:59.220	0.94070	0.94084			6
2025.08.15	02:11:00.279	0.94070				2
2025.08.15	02:11:01.217	0.94075	0.94086			6
2025.08.15	02:11:02.014	0.94074				2
2025.08.15	02:11:02.354	0.94075	0.94085			6
2025.08.15	02:11:04.390	0.94074	0.94086			6
2025.08.15	02:11:04.781	0.94075	0.94085			6
2025.08.15	02:11:05.317	0.94073	0.94086			6
2025.08.15	02:11:08.529	0.94072				2
2025.08.15	02:11:09.118	0.94073				2
2025.08.15	02:11:11.315	0.94072	0.94085			6
2025.08.15	02:11:12.389	0.94073				2
2025.08.15	02:11:13.434		0.94084			4
2025.08.15	02:11:22.640	0.94075	0.94089			6
2025.08.15	02:11:22.971	0.94077				2
2025.08.15	02:11:38.383		0.94090			4
2025.08.15	02:11:43.334	0.94076				2
2025.08.15	02:11:48.281	0.94077	0.94089			6
2025.08.15	02:11:50.420		0.94090			4
2025.08.15	02:11:54.280		0.94089			4
2025.08.15	02:12:00.177	0.94077				2
2025.08.15	02:12:03.219		0.94090			4
2025.08.15	02:12:09.181		0.94089			4
2025.08.15	02:12:15.033		0.94090			4
2025.08.15	02:12:16.413	0.94076				2
2025.08.15	02:12:16.771	0.94077				2
2025.08.15	02:12:19.510		0.94089			4
2025.08.15	02:12:20.516		0.94090			4
2025.08.15	02:12:21.534	0.94076				2
2025.08.15	02:12:21.844	0.94077				2
2025.08.15	02:12:22.629	0.94076	0.94091			6
2025.08.15	02:12:22.953		0.94090			4
2025.08.15	02:12:23.664		0.94091			4
2025.08.15	02:12:23.998	0.94078	0.94090			6
2025.08.15	02:12:25.670	0.94079				2
2025.08.15	02:12:30.894	0.94078	0.94091			6
2025.08.15	02:12:34.705	0.94075	0.94088			6
2025.08.15	02:12:39.892	0.94074	0.94089			6
2025.08.15	02:12:40.942	0.94072	0.94088			6
2025.08.15	02:12:42.003		0.94087			4
2025.08.15	02:12:46.454		0.94088			4
2025.08.15	02:13:00.121	0.94072				2
2025.08.15	02:13:03.844	0.94073				2
2025.08.15	02:13:09.279	0.94072				2
2025.08.15	02:13:13.670		0.94089			4
2025.08.15	02:13:14.396	0.94074	0.94090			6
2025.08.15	02:13:21.461		0.94091			4
2025.08.15	02:13:22.572	0.94075	0.94090			6
2025.08.15	02:13:26.844	0.94074				2
2025.08.15	02:13:30.956	0.94073				2
2025.08.15	02:13:36.241		0.94091			4
2025.08.15	02:13:40.102	0.94074	0.94090			6
2025.08.15	02:13:44.919	0.94073	0.94091			6
2025.08.15	02:13:45.314		0.94090			4
2025.08.15	02:13:51.185	0.94074				2
2025.08.15	02:14:00.101	0.94074				2
2025.08.15	02:14:04.137		0.94089			4
2025.08.15	02:14:10.110		0.94091			4
2025.08.15	02:14:13.305		0.94090			4
2025.08.15	02:14:30.042	0.94075				2
2025.08.15	02:14:39.892		0.94091			4
2025.08.15	02:14:44.530		0.94090			4
2025.08.15	02:14:46.333		0.94091			4
2025.08.15	02:14:47.438		0.94090			4
2025.08.15	02:14:56.545		0.94091			4
2025.08.15	02:14:59.048	0.94076	0.94090			6
2025.08.15	02:15:00.309	0.94076				2
2025.08.15	02:15:01.799	0.94075	0.94087			6
2025.08.15	02:15:02.123	0.94074				2
2025.08.15	02:15:33.025	0.94075	0.94089			6
2025.08.15	02:15:39.729		0.94088			4
2025.08.15	02:15:53.659		0.94089			4
2025.08.15	02:15:54.356		0.94090			4
2025.08.15	02:15:54.724	0.94079				2
2025.08.15	02:15:56.978		0.94091			4
2025.08.15	02:15:57.788	0.94078				2
2025.08.15	02:16:00.198	0.94078				2
2025.08.15	02:16:00.792	0.94079	0.94090			6
2025.08.15	02:16:07.087		0.94091			4
2025.08.15	02:16:08.581	0.94078				2
2025.08.15	02:16:14.433		0.94090			4
2025.08.15	02:16:20.971		0.94091			4
2025.08.15	02:16:23.033		0.94090			4
2025.08.15	02:16:24.087		0.94091			4
2025.08.15	02:16:25.091		0.94090			4
2025.08.15	02:16:26.156		0.94091			4
2025.08.15	02:16:44.335	0.94080				2
2025.08.15	02:16:49.406	0.94081	0.94094			6
2025.08.15	02:16:50.413	0.94083	0.94095			6
2025.08.15	02:16:50.765		0.94094			4
2025.08.15	02:16:51.570		0.94093			4
2025.08.15	02:16:53.675		0.94095			4
2025.08.15	02:16:56.060	0.94081	0.94094			6
2025.08.15	02:17:00.429	0.94081				2
2025.08.15	02:17:01.289		0.94093			4
2025.08.15	02:17:02.289		0.94094			4
2025.08.15	02:17:03.329		0.94093			4
2025.08.15	02:17:07.470	0.94082				2
2025.08.15	02:17:08.489	0.94081				2
2025.08.15	02:17:11.626	0.94082				2
2025.08.15	02:17:12.002	0.94081				2
2025.08.15	02:17:12.420	0.94080	0.94094			6
2025.08.15	02:17:12.761	0.94081	0.94093			6
2025.08.15	02:17:13.624		0.94092			4
2025.08.15	02:17:14.703		0.94093			4
2025.08.15	02:17:20.837	0.94080	0.94092			6
2025.08.15	02:17:22.829		0.94093			4
2025.08.15	02:17:23.146		0.94092			4
2025.08.15	02:17:31.074	0.94079	0.94093			6
2025.08.15	02:17:31.408	0.94080	0.94092			6
2025.08.15	02:17:32.303		0.94093			4
2025.08.15	02:17:34.421		0.94092			4
2025.08.15	02:17:39.556	0.94081				2
2025.08.15	02:17:41.957		0.94093			4
2025.08.15	02:17:44.222	0.94080				2
2025.08.15	02:17:47.008	0.94081				2
2025.08.15	02:18:00.876	0.94081				2
2025.08.15	02:18:01.390		0.94094			4
2025.08.15	02:18:04.185	0.94079	0.94091			6
2025.08.15	02:18:09.471	0.94078	0.94092			6
2025.08.15	02:18:09.789	0.94079	0.94091			6
2025.08.15	02:18:22.556	0.94083	0.94094			6
2025.08.15	02:18:22.900	0.94081				2
2025.08.15	02:18:23.243	0.94082				2
2025.08.15	02:18:29.781	0.94081	0.94093			6
2025.08.15	02:18:30.300	0.94080				2
2025.08.15	02:18:31.528		0.94092			4
2025.08.15	02:18:47.912	0.94081	0.94091			6
2025.08.15	02:18:54.990		0.94090			4
2025.08.15	02:19:01.064	0.94081	0.94091			6
2025.08.15	02:19:11.757	0.94082				2
2025.08.15	02:19:13.815	0.94081	0.94090			6
2025.08.15	02:19:15.145	0.94082				2
2025.08.15	02:19:18.749		0.94092			4
2025.08.15	02:19:31.579		0.94091			4
2025.08.15	02:19:43.603		0.94090			4
2025.08.15	02:19:59.958		0.94091			4
2025.08.15	02:20:00.276	0.94082				2
2025.08.15	02:20:29.248	0.94084	0.94093			6
2025.08.15	02:20:37.566	0.94087	0.94096			6
2025.08.15	02:20:37.883	0.94086	0.94097			6
2025.08.15	02:20:38.191	0.94087	0.94096			6
2025.08.15	02:21:01.977	0.94087				2
2025.08.15	02:21:11.099	0.94086				2
2025.08.15	02:21:11.432	0.94083	0.94094			6
2025.08.15	02:21:11.975	0.94084				2
2025.08.15	02:21:12.799	0.94083				2
2025.08.15	02:21:18.636		0.94092			4
2025.08.15	02:21:31.260		0.94093			4
2025.08.15	02:21:57.338		0.94094			4
2025.08.15	02:22:00.623	0.94084	0.94093			6
2025.08.15	02:22:28.500		0.94092			4
2025.08.15	02:22:29.698	0.94083				2
2025.08.15	02:22:30.209	0.94082	0.94091			6
2025.08.15	02:22:37.388	0.94081	0.94092			6
2025.08.15	02:23:00.511	0.94081				2
2025.08.15	02:23:37.515		0.94092			4
2025.08.15	02:23:42.904	0.94084				2
2025.08.15	02:23:51.185		0.94093			4
2025.08.15	02:24:00.468	0.94084				2
2025.08.15	02:24:51.327		0.94093			4
2025.08.15	02:25:00.621	0.94084				2
2025.08.15	02:25:01.849		0.94094			4
2025.08.15	02:25:41.386		0.94093			4
2025.08.15	02:26:00.225	0.94084				2
2025.08.15	02:26:11.184		0.94094			4
2025.08.15	02:26:17.679		0.94093			4
2025.08.15	02:26:19.580		0.94094			4
2025.08.15	02:26:20.377	0.94083	0.94093			6
2025.08.15	02:26:25.349	0.94084	0.94092			6
2025.08.15	02:26:25.655	0.94083				2
2025.08.15	02:26:27.637		0.94093			4
2025.08.15	02:26:35.834		0.94092			4
2025.08.15	02:26:43.729		0.94093			4
2025.08.15	02:26:59.231	0.94085	0.94094			6
2025.08.15	02:27:00.355	0.94085				2
2025.08.15	02:27:01.310	0.94084	0.94095			6
2025.08.15	02:27:03.828	0.94083	0.94093			6
2025.08.15	02:27:44.877	0.94082				2
2025.08.15	02:27:51.995		0.94092			4
2025.08.15	02:27:52.385	0.94081				2
2025.08.15	02:27:56.082	0.94082				2
2025.08.15	02:27:59.263	0.94081				2
2025.08.15	02:28:00.134	0.94081				2
2025.08.15	02:28:00.901	0.94082	0.94091			6
2025.08.15	02:28:01.751	0.94081	0.94092			6
2025.08.15	02:28:28.699	0.94080				2
2025.08.15	02:28:30.123	0.94081				2
2025.08.15	02:28:30.783	0.94080				2
2025.08.15	02:28:31.159	0.94081				2
2025.08.15	02:28:32.878	0.94080				2
2025.08.15	02:28:33.230	0.94081				2
2025.08.15	02:28:33.914	0.94080				2
2025.08.15	02:28:34.263	0.94081				2
2025.08.15	02:28:34.962		0.94091			4
2025.08.15	02:28:35.354		0.94090			4
2025.08.15	02:28:38.032	0.94080	0.94091			6
2025.08.15	02:28:40.965	0.94079				2
2025.08.15	02:28:41.376	0.94080				2
2025.08.15	02:28:45.605		0.94090			4
2025.08.15	02:28:46.419		0.94091			4
2025.08.15	02:29:00.377	0.94079				2
2025.08.15	02:29:00.683	0.94080	0.94090			6
2025.08.15	02:29:03.567	0.94081				2
2025.08.15	02:29:04.689	0.94080				2
2025.08.15	02:29:07.269		0.94091			4
2025.08.15	02:29:08.473		0.94090			4
2025.08.15	02:29:11.120		0.94091			4
2025.08.15	02:29:11.446	0.94081	0.94090			6
2025.08.15	02:29:12.166	0.94080	0.94091			6
2025.08.15	02:29:12.588	0.94081	0.94090			6
2025.08.15	02:29:13.209	0.94080	0.94091			6
2025.08.15	02:29:13.617	0.94081	0.94090			6
2025.08.15	02:29:15.296	0.94080	0.94091			6
2025.08.15	02:29:15.599	0.94081	0.94090			6
2025.08.15	02:29:16.341	0.94080	0.94091			6
2025.08.15	02:29:16.725	0.94081	0.94090			6
2025.08.15	02:29:17.392	0.94080	0.94091			6
2025.08.15	02:29:17.766	0.94081	0.94089			6
2025.08.15	02:29:18.533	0.94080	0.94091			6
2025.08.15	02:29:19.589	0.94079				2
2025.08.15	02:29:19.899	0.94080	0.94090			6
2025.08.15	02:29:20.619		0.94091			4
2025.08.15	02:29:20.934		0.94090			4
2025.08.15	02:29:21.810		0.94091			4
2025.08.15	02:29:22.184	0.94081	0.94090			6
2025.08.15	02:29:22.499	0.94079	0.94088			6
2025.08.15	02:29:23.128	0.94078	0.94089			6
2025.08.15	02:29:23.460	0.94079	0.94087			6
2025.08.15	02:29:24.324		0.94088			4
2025.08.15	02:29:26.858	0.94078				2
2025.08.15	02:29:27.419	0.94079	0.94087			6
2025.08.15	02:29:28.505		0.94088			4
2025.08.15	02:29:34.292	0.94078	0.94089			6
2025.08.15	02:29:34.600	0.94079	0.94088			6
2025.08.15	02:29:35.317	0.94078	0.94089			6
2025.08.15	02:29:35.626	0.94079	0.94088			6
2025.08.15	02:29:40.315	0.94078	0.94089			6
2025.08.15	02:29:40.619		0.94088			4
2025.08.15	02:29:41.512		0.94087			4
2025.08.15	02:29:42.402		0.94088			4
2025.08.15	02:29:43.588	0.94079	0.94087			6
2025.08.15	02:29:44.624		0.94088			4
2025.08.15	02:29:53.636	0.94078	0.94089			6
2025.08.15	02:29:54.010	0.94079	0.94088			6
2025.08.15	02:29:55.768	0.94078	0.94089			6
2025.08.15	02:29:56.084	0.94079	0.94088			6
2025.08.15	02:30:00.093	0.94079				2
2025.08.15	02:30:02.987	0.94078	0.94089			6
2025.08.15	02:30:03.337	0.94079	0.94088			6
2025.08.15	02:30:06.063	0.94081	0.94090			6
2025.08.15	02:30:07.242	0.94080				2
2025.08.15	02:30:12.926	0.94081	0.94091			6
2025.08.15	02:30:13.302		0.94090			4
2025.08.15	02:30:14.962	0.94080	0.94091			6
2025.08.15	02:30:15.340	0.94081	0.94090			6
2025.08.15	02:30:19.480	0.94080	0.94089			6
2025.08.15	02:30:20.445		0.94090			4
2025.08.15	02:30:23.302	0.94081				2
2025.08.15	02:30:24.314	0.94080				2
2025.08.15	02:30:24.712	0.94081	0.94092			6
2025.08.15	02:30:25.393	0.94082				2
2025.08.15	02:30:25.705	0.94081				2
2025.08.15	02:30:26.394	0.94082				2
2025.08.15	02:30:26.892	0.94081				2
2025.08.15	02:30:27.775	0.94082				2
2025.08.15	02:30:28.966	0.94081				2
2025.08.15	02:30:29.882	0.94082				2
2025.08.15	02:30:32.044	0.94081				2
2025.08.15	02:30:34.145	0.94082				2
2025.08.15	02:30:36.316	0.94081				2
2025.08.15	02:30:37.254	0.94082				2
2025.08.15	02:30:38.235	0.94081				2
2025.08.15	02:30:40.838	0.94083	0.94094			6
2025.08.15	02:30:41.988	0.94084				2
2025.08.15	02:30:42.387	0.94083	0.94093			6
2025.08.15	02:31:00.517	0.94083				2
2025.08.15	02:31:00.821	0.94082				2
2025.08.15	02:31:01.125		0.94094			4
